{"host":"za9ilm1uiwmpmin1","time":1613341952,"event":{"mods":["AchievementEnabler","Act Like it!","BaseMod","Dota2Spire","Downfall","Friendly Minions","KomeijiMod","Lobotomy","LobotomyExtend","Minty Spire (QoL Compilation)","MostiFishMod","Reorder Act Four","RumiaBox-露米娅的神秘盒子","StSLib","TestMod","Waifu the Spire","[IsaacMod]以撒尖塔","【功能Mod】混沌之环修复补丁"],"gold_per_floor":[-1287,-1274,-1262,-1262,-1246,-1246,-1212,-1194,-1194,-1164,-1147,-1122,-1106,-1106,-1106,-1030,-1030,-1011,-1011,-994,-976,-976,-941,-930,-930,-903,-874,-864,-833,-819,-819,-819,-743,-743,-733,-718,-318,-267,-267,-240,-229,-229,-229,-229,-229,-201,-182,-156,-156,-156,-156,-156,-156,-156,-126,-126],"floor_reached":57,"language":"ZHS","playtime":2130,"items_purged":["CentralCode","TrainingCode"],"score":3523,"play_id":"b5c23a7c-8ba6-41d5-bec5-fffe8f9b8dd7","local_time":"20210215063232","is_ascension_mode":true,"campfire_choices":[{"floor":45.0,"key":"RECALL"},{"data":"Twilight","floor":54.0,"key":"SMITH"}],"circlet_count":0,"master_deck":["BigBird","SpecialBullet","SpecialBullet","SpecialBullet","SpecialBullet","SpecialBullet","SpecialBullet","DisciplinaryCode","UniverseFragment","Hypocrisy+1","SwordSharpenedByTears","ScreamingWedge+1","ControlCode","Mimicry","TT2Protocol","PunishingBird","SummonCall","QueenOfHatred","Laetitia_ego+1","Twilight+1","WelfareCode"],"relics":["CogitoBucket","RabbitCall","HushsDoor","testmod-TestBox","testmod-Muramasa","AnarchistCookbook","SynthV:MejaisSoulstealer","SynthV:TestCard","LetterFromLob","testmod-Antiphasic","Lamp_r","SkinProphecy","testmod-IndustrialRevolution","SynthV:C4","FeatherPendant","Bag of Marbles","Pen Nib","Dota2Spire:AghanimScepter","BackwardClock","PreservedInsect","RhineSuit","SatanicBible","War Paint","ThornShield","Oddly Smooth Stone"],"acts_visited":["Exordium","TheCity","TheBeyond","TheEnding"],"potions_floor_usage":[56,56,56,56],"damage_taken":[{"damage":12.0,"enemies":"Jaw Worm","floor":1.0,"turns":2.0},{"damage":0.0,"enemies":"Small Slimes","floor":2.0,"turns":2.0},{"damage":0.0,"enemies":"2 Louse","floor":3.0,"turns":2.0},{"damage":13.0,"enemies":"Blue Slaver","floor":5.0,"turns":2.0},{"damage":0.0,"enemies":"Gremlin Nob","floor":7.0,"turns":2.0},{"damage":0.0,"enemies":"Large Slime","floor":8.0,"turns":5.0},{"damage":0.0,"enemies":"3 Sentries","floor":10.0,"turns":2.0},{"damage":0.0,"enemies":"3 Louse","floor":11.0,"turns":2.0},{"damage":0.0,"enemies":"Gremlin Nob","floor":12.0,"turns":2.0},{"damage":0.0,"enemies":"2 Fungi Beasts","floor":13.0,"turns":2.0},{"damage":0.0,"enemies":"Slime Boss","floor":16.0,"turns":3.0},{"damage":0.0,"enemies":"2 Thieves","floor":18.0,"turns":3.0},{"damage":0.0,"enemies":"Spheric Guardian","floor":20.0,"turns":1.0},{"damage":0.0,"enemies":"Cultist and Chosen","floor":21.0,"turns":1.0},{"damage":0.0,"enemies":"Book of Stabbing","floor":23.0,"turns":2.0},{"damage":0.0,"enemies":"Snake Plant","floor":24.0,"turns":1.0},{"damage":0.0,"enemies":"Gremlin Leader","floor":27.0,"turns":1.0},{"damage":0.0,"enemies":"Centurion and Healer","floor":28.0,"turns":6.0},{"damage":0.0,"enemies":"Slavers","floor":29.0,"turns":1.0},{"damage":0.0,"enemies":"Snecko","floor":30.0,"turns":1.0},{"damage":0.0,"enemies":"Collector","floor":33.0,"turns":1.0},{"damage":0.0,"enemies":"Orb Walker","floor":35.0,"turns":1.0},{"damage":0.0,"enemies":"3 Darklings","floor":36.0,"turns":1.0},{"damage":0.0,"enemies":"Nemesis","floor":40.0,"turns":3.0},{"damage":0.0,"enemies":"Writhing Mass","floor":41.0,"turns":2.0},{"damage":0.0,"enemies":"Giant Head","floor":46.0,"turns":2.0},{"damage":0.0,"enemies":"Jaw Worm Horde","floor":47.0,"turns":1.0},{"damage":0.0,"enemies":"Nemesis","floor":48.0,"turns":1.0},{"damage":0.0,"enemies":"FixerMidnight","floor":50.0,"turns":3.0},{"damage":0.0,"enemies":"Shield and Spear","floor":55.0,"turns":2.0},{"damage":0,"enemies":"The Heart","floor":56,"turns":4}],"seed_played":"3226143057715545597","potions_obtained":[{"floor":1.0,"key":"testmod-SpacePotion"},{"floor":2.0,"key":"AttackPotion"},{"floor":3.0,"key":"Block Potion"},{"floor":8.0,"key":"Energy Potion"},{"floor":11.0,"key":"Energy Potion"},{"floor":20.0,"key":"Block Potion"},{"floor":28.0,"key":"Energy Potion"},{"floor":29.0,"key":"Strength Potion"},{"floor":33.0,"key":"DuplicationPotion"},{"floor":35.0,"key":"testmod-SpacePotion"},{"floor":40.0,"key":"Strength Potion"},{"floor":46.0,"key":"PowerPotion"}],"is_trial":false,"path_per_floor":["M","M","M","?","M","R","E","M","T","E","M","E","M","?","R","B",null,"M","?","M","M","?","E","M","R","T","E","M","E","M","$","R","B",null,"M","M","?","?","?","E","M","R","T","?","R","E","M","E","R","B",null,null,"$","R","E","B",null],"character_chosen":"Angela","items_purchased":["Twilight"],"campfire_rested":0,"item_purchase_floors":[34],"current_hp_per_floor":[50,50,50,50,37,37,37,37,37,33,29,25,21,21,21,17,55,47,47,43,39,49,45,45,45,45,41,37,33,29,29,29,25,73,69,77,77,62,62,70,66,66,66,66,66,62,58,66,66,74,74,94,94,94,102,104],"gold":-126,"neow_bonus":"REMOVE_TWO","is_daily":false,"chose_seed":false,"campfire_upgraded":1,"win_rate":0.0,"timestamp":1613341952,"path_taken":["M","M","M","?","M","R","E","M","T","E","M","E","M","?","R","BOSS","M","?","M","M","?","E","M","R","T","E","M","E","M","$","R","BOSS","M","M","?","?","?","E","M","R","T","?","R","E","M","E","R","BOSS","$","R","E","BOSS"],"items_purchased_type":["Card"],"build_version":"2020-12-22","purchased_purges":2,"victory":true,"max_hp_per_floor":[63,63,63,63,63,63,63,63,63,65,67,69,71,71,71,73,68,72,72,74,76,76,78,84,84,84,86,94,96,98,98,98,100,89,91,93,93,93,93,95,97,97,97,92,92,94,96,98,98,100,100,100,100,100,102,104],"card_choices":[{"not_picked":["BlackArmy","Yin"],"picked":"UniverseFragment","floor":1.0},{"not_picked":["Moonlight","Wingbeat"],"picked":"SKIP","floor":1.0},{"not_picked":["Wingbeat","Pleasure","Noise"],"picked":"Hypocrisy","floor":2.0},{"not_picked":["Loneliness","RedEyes","Lantern"],"picked":"SwordSharpenedByTears","floor":3.0},{"not_picked":["Heaven","CherryBlossom","SomewhereSpear","ShedSkin"],"picked":"SKIP","floor":5.0},{"not_picked":["Freischutz","Laetitia"],"picked":"BigBird","floor":7.0},{"not_picked":["Gaze","BlueScar","TodaysExpression","CUTE"],"picked":"SKIP","floor":7.0},{"not_picked":["Penitence","SolemnVow","Harvest","Heaven"],"picked":"SKIP","floor":8.0},{"not_picked":["Galaxy","RedEyes","ShedSkin","WristCuter"],"picked":"SKIP","floor":10.0},{"not_picked":["BlackSwan_ego","RapturousDream","CherryBlossom","Penitence"],"picked":"SKIP","floor":11.0},{"not_picked":["LifeForTheDareDevil","MagicBullet","Soda"],"picked":"ScreamingWedge","floor":12.0},{"not_picked":["WristCuter","GrinderMk4","FourthMatchFlame","Regret_ego"],"picked":"SKIP","floor":13.0},{"not_picked":["Adoration","Pinks","SoundOfStar"],"picked":"Mimicry","floor":16.0},{"not_picked":["FourthMatchFlame","BloodyDesire","Horn","CherryBlossom"],"picked":"SKIP","floor":18.0},{"not_picked":["Loneliness","Diffraction","FrostShard","WristCuter"],"picked":"SKIP","floor":20.0},{"not_picked":["Noise","Regret_ego","Galaxy","SomewhereSpear"],"picked":"SKIP","floor":21.0},{"not_picked":["Horn+1","FeatherOfHonor","SwordSharpenedByTears","Pleasure"],"picked":"SKIP","floor":23.0},{"not_picked":["QueenBee","Yin"],"picked":"PunishingBird","floor":24.0},{"not_picked":["Loneliness","CrimsonScar","Lamp","WristCuter+1"],"picked":"SKIP","floor":24.0},{"not_picked":["Lantern","Pinks","Noise+1","SoundOfStar"],"picked":"SKIP","floor":27.0},{"not_picked":["MHz","FieryBird"],"picked":"QueenOfHatred","floor":28.0},{"not_picked":["MagicBullet","CherryBlossom","Laetitia_ego","FourthMatchFlame+1"],"picked":"SKIP","floor":28.0},{"not_picked":["CENSORED_ego","Laetitia_ego","Noise","RedEyes"],"picked":"SKIP","floor":29.0},{"not_picked":["Lamp","Penitence","CherryBlossom"],"picked":"Laetitia_ego+1","floor":30.0},{"not_picked":["TodaysExpression","Moonlight+1","Wingbeat","Tough+1"],"picked":"SKIP","floor":35.0},{"not_picked":["BearPaw+1","GrinderMk4","Loneliness","GoldRush"],"picked":"SKIP","floor":36.0},{"not_picked":["RedEyes","Tough","Mimicry","Beak"],"picked":"SKIP","floor":40.0},{"not_picked":["Galaxy+1","Penitence+1","CUTE","CherryBlossom+1"],"picked":"SKIP","floor":41.0},{"not_picked":["Lantern+1","Ecstasy","LifeForTheDareDevil+1","Justitia"],"picked":"SKIP","floor":46.0},{"not_picked":["Regret_ego+1","Horn+1","RapturousDream","CrimsonScar"],"picked":"SKIP","floor":47.0},{"not_picked":["Heaven+1","Gaze+1","Amita","CherryBlossom"],"picked":"SKIP","floor":48.0},{"not_picked":["SomewhereSpear+1","Tough","Mimicry","Lamp"],"picked":"SKIP","floor":55.0}],"player_experience":1140159,"relics_obtained":[{"floor":1.0,"key":"SynthV:TestCard"},{"floor":1.0,"key":"LetterFromLob"},{"floor":7.0,"key":"testmod-Antiphasic"},{"floor":10.0,"key":"testmod-IndustrialRevolution"},{"floor":12.0,"key":"SynthV:C4"},{"floor":23.0,"key":"Bag of Marbles"},{"floor":26.0,"key":"Pen Nib"},{"floor":27.0,"key":"Dota2Spire:AghanimScepter"},{"floor":29.0,"key":"PreservedInsect"},{"floor":40.0,"key":"SatanicBible"},{"floor":43.0,"key":"War Paint"},{"floor":46.0,"key":"ThornShield"},{"floor":55.0,"key":"Oddly Smooth Stone"}],"event_choices":[{"damage_healed":0.0,"max_hp_gain":0.0,"max_hp_loss":0.0,"gold_gain":0.0,"event_name":"Liars Game","player_choice":"Ignored","floor":4.0,"gold_loss":0.0,"damage_taken":0.0},{"damage_healed":0.0,"max_hp_gain":0.0,"max_hp_loss":0.0,"gold_gain":0.0,"event_name":"Shining Light","player_choice":"Ignored","floor":14.0,"gold_loss":0.0,"damage_taken":0.0},{"damage_healed":0.0,"max_hp_gain":0.0,"max_hp_loss":0.0,"gold_gain":400.0,"event_name":"恩洛斯的盘子","player_choice":"Sell","floor":37.0,"relics_lost":["DaveBox"],"gold_loss":0.0,"damage_taken":0.0},{"cards_removed":["SpecialBullet"],"damage_healed":0.0,"max_hp_gain":0.0,"max_hp_loss":0.0,"gold_gain":0.0,"event_name":"Falling","player_choice":"Removed Attack","floor":39.0,"gold_loss":0.0,"damage_taken":0.0},{"damage_healed":0.0,"max_hp_gain":0.0,"max_hp_loss":5.0,"gold_gain":0.0,"event_name":"Winding Halls","player_choice":"Max HP","floor":44.0,"gold_loss":0.0,"damage_taken":0.0}],"is_beta":false,"boss_relics":[{"not_picked":["SoulBox","Velvet Choker"],"picked":"FeatherPendant"},{"not_picked":[]},{"not_picked":["testmod-BatchProcessingSystem","xbg"],"picked":"RhineSuit"},{"not_picked":[]}],"items_purged_floors":[17,34],"is_endless":false,"potions_floor_spawned":[1,2,3,8,11,13,20,28,29,33,35,40,46],"ascension_level":20}}