{"host":"6xsbn6ynqlzwllfm","time":1613320545,"event":{"mods":["2.2 Compatiblity","BaseMod","Bestiary","Colored Map","Colored Powertips","Curses Come First","Downfall","Highlight Path","Keyboard Shortcuts","Minty Spire (QoL Compilation)","Relic Stats","Slay the Relics Exporter","StSLib","SuperFastMode"],"gold_per_floor":[99,117,131,131,149,20,44,76,76,91,107,7,0,0,11,116,116,16,31,43,61,76,76,76,93,93,125,138,38,38,51,62,62,62,62],"floor_reached":33,"language":"ENG","playtime":1574,"items_purged":["bronze:Strike"],"score":298,"play_id":"1e736427-2ca7-48e2-bdc6-b1708c409c95","local_time":"20210214113545","is_ascension_mode":false,"campfire_choices":[{"data":"bronze:Goto","floor":1,"key":"SMITH"},{"floor":9,"key":"RECALL"},{"floor":12,"key":"REST"},{"data":"bronze:Return","floor":18,"key":"SMITH"},{"data":"bronze:Turbo","floor":23,"key":"SMITH"},{"data":"bronze:ItsAFeature","floor":26,"key":"SMITH"},{"floor":29,"key":"REST"}],"circlet_count":0,"master_deck":["bronze:Defend","bronze:Defend+1","bronze:Defend","bronze:Defend","bronze:Replicate","bronze:Goto+1","bronze:ItsAFeature","bronze:Iterate","downfall:Haunted","bronze:OilSpill","bronze:Frontload","bronze:ItsAFeature+1","bronze:Deprecate","bronze:CloningBeam","bronze:Turbo+1","bronze:Return+1","bronze:Shell+1","bronze:Verify","bronze:Shell+1","bronze:Shield+1","bronze:BronzeArmor","bronze:ChildClass","bronze:Turbo+1","bronze:Assembly","bronze:Frontload","bronze:Frontload","bronze:BugBarrage+1"],"relics":["bronze:BronzeCore","Toy Ornithopter","downfall:HeartBlessingRed","downfall:ShatteredFragment","Snecko Eye","downfall:HeartBlessingBlue","bronze:DecasWashers","War Paint","downfall:HeartBlessingGreen"],"acts_visited":["Exordium","TheCity"],"potions_floor_usage":[16,21,22,27,28],"damage_taken":[{"damage":1,"enemies":"Jaw Worm","floor":2,"turns":4},{"damage":1,"enemies":"Cultist","floor":3,"turns":3},{"damage":2,"enemies":"Small Slimes","floor":5,"turns":3},{"damage":0,"enemies":"downfall:FleeingMerchant","floor":6,"turns":4},{"damage":18,"enemies":"3 Sentries","floor":8,"turns":5},{"damage":9,"enemies":"Blue Slaver","floor":10,"turns":3},{"damage":9,"enemies":"downfall:LooterAlt","floor":11,"turns":3},{"damage":5,"enemies":"downfall:FleeingMerchant","floor":13,"turns":4},{"damage":6,"enemies":"Exordium Wildlife","floor":15,"turns":2},{"damage":27,"enemies":"IC_STATUS_ARCHETYPE","floor":16,"turns":5},{"damage":23,"enemies":"Spheric Guardian","floor":19,"turns":4},{"damage":0,"enemies":"3 Byrds","floor":20,"turns":5},{"damage":10,"enemies":"Cultist and Chosen","floor":21,"turns":8},{"damage":5,"enemies":"Snake Plant","floor":22,"turns":8},{"damage":20,"enemies":"Centurion and Healer","floor":25,"turns":9},{"damage":36,"enemies":"Book of Stabbing","floor":27,"turns":10},{"damage":0,"enemies":"Snecko","floor":28,"turns":5},{"damage":1,"enemies":"Chosen and Byrds","floor":31,"turns":6},{"damage":0,"enemies":"Sentry and Sphere","floor":32,"turns":8},{"damage":40,"enemies":"DF_ARCHETYPE_CLAW","floor":33,"turns":4}],"seed_played":"-4282684468200556128","potions_obtained":[{"floor":2,"key":"SpeedPotion"},{"floor":3,"key":"Block Potion"},{"floor":15,"key":"DuplicationPotion"},{"floor":16,"key":"AttackPotion"},{"floor":22,"key":"Block Potion"},{"floor":25,"key":"hexamod:SoulburnPotion"}],"is_trial":false,"path_per_floor":["R","M","M","?","M","$","T","E","R","M","M","R","$","?","M","B",null,"R","M","M","M","M","R","T","M","R","E","M","R","?","M","M","B"],"character_chosen":"THE_AUTOMATON","items_purchased":["bronze:ItsAFeature"],"campfire_rested":2,"item_purchase_floors":[6],"current_hp_per_floor":[77,76,75,75,73,73,73,55,55,46,37,60,55,34,28,6,77,87,64,64,59,59,59,59,39,39,8,13,39,39,38,38,0,0,0],"gold":62,"neow_bonus":"TEN_PERCENT_HP_BONUS","is_daily":false,"chose_seed":false,"campfire_upgraded":4,"win_rate":0.0,"timestamp":1613320545,"path_taken":["R","M","M","?","M","$","T","E","R","M","?","R","$","?","M","BOSS","R","M","M","M","M","R","T","M","R","E","M","R","?","M","M","BOSS"],"items_purchased_type":["Card"],"build_version":"2020-12-22","purchased_purges":1,"victory":false,"max_hp_per_floor":[77,77,77,77,77,77,77,77,77,77,77,77,77,77,77,77,77,87,87,87,87,87,87,87,87,87,87,87,87,87,87,87,87,87,87],"relic_stats":{"counters":[20,103],"Snecko Eye":[105,104,122,115],"War Paint":["bronze:Shell","bronze:Defend"],"obtain_stats":[{"bronze:BronzeCore":0,"downfall:ShatteredFragment":14,"downfall:HeartBlessingRed":12,"downfall:HeartBlessingBlue":18,"bronze:DecasWashers":24,"Snecko Eye":17,"downfall:HeartBlessingGreen":29,"War Paint":27,"Toy Ornithopter":8},{"bronze:BronzeCore":0,"downfall:ShatteredFragment":8,"downfall:HeartBlessingRed":7,"downfall:HeartBlessingBlue":10,"bronze:DecasWashers":14,"Snecko Eye":10,"downfall:HeartBlessingGreen":17,"War Paint":16,"Toy Ornithopter":5},{"bronze:BronzeCore":0,"downfall:ShatteredFragment":29,"downfall:HeartBlessingRed":25,"downfall:HeartBlessingBlue":36,"bronze:DecasWashers":61,"Snecko Eye":36,"downfall:HeartBlessingGreen":85,"War Paint":80,"Toy Ornithopter":19}],"Toy Ornithopter":25},"card_choices":[{"not_picked":["bronze:Invalidate","bronze:ChildClass"],"picked":"bronze:ItsAFeature","floor":2},{"not_picked":["bronze:Fortify","bronze:BitShift"],"picked":"bronze:Iterate","floor":3},{"not_picked":["bronze:Frontload","bronze:Invalidate"],"picked":"bronze:OilSpill","floor":5},{"not_picked":["bronze:Overheat","bronze:NullPointer"],"picked":"bronze:Frontload","floor":6},{"not_picked":["bronze:ShipIt","bronze:Allocate"],"picked":"bronze:Deprecate","floor":8},{"not_picked":["bronze:DelayedSlice","bronze:CutThrough"],"picked":"bronze:CloningBeam","floor":10},{"not_picked":["bronze:Constructor","bronze:Iterate"],"picked":"bronze:Turbo","floor":11},{"not_picked":["bronze:Overheat","bronze:WildBeam"],"picked":"bronze:Return","floor":13},{"not_picked":["bronze:Constructor","bronze:Separator"],"picked":"bronze:Shell","floor":15},{"not_picked":["bronze:AlphaBuild","bronze:HyperBeam"],"picked":"bronze:Verify","floor":16},{"not_picked":["bronze:BitShift","bronze:BugBarrage"],"picked":"bronze:Shell+1","floor":19},{"not_picked":["bronze:DarkDash","bronze:Branch"],"picked":"bronze:Shield+1","floor":20},{"not_picked":["bronze:Repair+1","bronze:Iterate"],"picked":"bronze:BronzeArmor","floor":21},{"not_picked":["bronze:Separator","bronze:Frontload"],"picked":"bronze:ChildClass","floor":22},{"not_picked":["bronze:Branch","bronze:Refactor+1"],"picked":"bronze:Turbo+1","floor":25},{"not_picked":["bronze:BitShift","bronze:CutThrough+1"],"picked":"bronze:Assembly","floor":27},{"not_picked":["bronze:Invalidate","bronze:DarkDash+1"],"picked":"bronze:Frontload","floor":28},{"not_picked":["bronze:Philosophize","bronze:OilSpill"],"picked":"bronze:Frontload","floor":31},{"not_picked":["bronze:BitShift","bronze:WildBeam"],"picked":"bronze:BugBarrage+1","floor":32}],"player_experience":1778208,"relics_obtained":[{"floor":8,"key":"Toy Ornithopter"},{"floor":24,"key":"bronze:DecasWashers"},{"floor":27,"key":"War Paint"}],"event_choices":[{"damage_healed":0,"gold_gain":0,"player_choice":"Ignored","damage_taken":0,"max_hp_gain":0,"max_hp_loss":0,"event_name":"Ghosts","floor":30,"gold_loss":0}],"is_beta":false,"boss_relics":[{"not_picked":["Tiny House","Velvet Choker"],"picked":"Snecko Eye"}],"items_purged_floors":[6],"is_endless":false,"potions_floor_spawned":[2,3,15,16,20,22,25],"killed_by":"DF_ARCHETYPE_CLAW","ascension_level":0}}