{"host":"klzxa3457b6fcx00","time":1613291938,"event":{"mods":["AchievementEnabler","BaseMod","BetterRewards","Colored Powertips","Downfall","Infinite Spire","Jorbs\u0027s Wanderer Trilogy","Minty Spire (QoL Compilation)","Quick Restart","Replay The Spire","StSLib","Synergy Search","The Jungle"],"gold_per_floor":[114,132,132,132,132,132,165,165,165,185,202,219,252,252,252,347,347,362,378,378,392,402,402,402],"floor_reached":23,"language":"ENG","playtime":1020,"items_purged":[],"score":228,"play_id":"687917f3-e449-4569-a4b4-e8442bc94d1f","local_time":"20210214153858","is_ascension_mode":false,"campfire_choices":[{"data":"Catalyst","floor":6,"key":"SMITH"},{"data":"Atom Bomb","floor":8,"key":"SMITH"},{"data":"Poisoned Stab","floor":15,"key":"SMITH"}],"circlet_count":0,"master_deck":["Strike_G","Strike_G","Strike_G","Strike_G","Strike_G","Defend_G","Defend_G+1","Defend_G","Defend_G+1","Defend_G","Survivor","Neutralize","Catalyst+1","Atom Bomb+1","Draining Mist","Poisoned Stab+1","Die Die Die","Bane"],"relics":["NeowsBlessing","infinitespire:Satchel","Sizzling Blood","ReplayTheSpireMod:Shallot","infinitespire:Broken Mirror","Simple Rune","Chameleon Ring","Replay:Fungal Core"],"acts_visited":["Exordium","Exordium"],"potions_floor_usage":[13,16,22],"damage_taken":[{"damage":0,"enemies":"2 Louse","floor":1,"turns":1},{"damage":0,"enemies":"Jaw Worm","floor":2,"turns":1},{"damage":0,"enemies":"Lagavulin","floor":7,"turns":1},{"damage":0,"enemies":"Cultist","floor":10,"turns":4},{"damage":0,"enemies":"Red Slaver","floor":11,"turns":2},{"damage":2,"enemies":"Blue Slaver","floor":12,"turns":5},{"damage":15,"enemies":"3 Sentries","floor":13,"turns":14},{"damage":22,"enemies":"Hexaghost","floor":16,"turns":8},{"damage":11,"enemies":"Shell Parasite","floor":18,"turns":2},{"damage":38,"enemies":"theJungle:Flameango_and_Byrd","floor":19,"turns":4},{"damage":20,"enemies":"theJungle:JungleHuntersEncounter","floor":21,"turns":4},{"damage":16,"enemies":"theJungle:2_Snecko_Cultists","floor":22,"turns":4},{"damage":7,"enemies":"theJungle:Snecko_Cultist_And_Trap","floor":23,"turns":3}],"seed_played":"8125562806124080279","potions_obtained":[{"floor":2,"key":"Toxic Potion"},{"floor":7,"key":"Dexterity Potion"},{"floor":11,"key":"GamblersBrew"},{"floor":13,"key":"Fire Potion"},{"floor":18,"key":"Guardian:BlockOnCardUsePotion"},{"floor":21,"key":"BlessingOfTheForge"},{"floor":22,"key":"Fire Potion"}],"is_trial":false,"path_per_floor":["M","M","?","?","$","R","E","R","T","M","M","M","E","T","R","B",null,"M","M","?","M","M","M"],"character_chosen":"THE_SILENT","items_purchased":[],"campfire_rested":0,"item_purchase_floors":[],"current_hp_per_floor":[70,70,70,74,74,74,74,74,74,74,74,74,63,63,63,45,74,67,33,35,19,7,0,0],"gold":402,"neow_bonus":"THREE_ENEMY_KILL","is_daily":false,"chose_seed":false,"campfire_upgraded":3,"win_rate":0.0,"timestamp":1613291938,"path_taken":["M","M","?","?","?","R","E","R","T","M","M","?","E","?","R","BOSS","M","M","?","M","M","M"],"items_purchased_type":[],"build_version":"2020-12-22","purchased_purges":0,"victory":false,"max_hp_per_floor":[70,70,70,74,74,74,74,74,74,74,74,74,74,74,74,74,74,74,74,74,74,74,74,74],"card_choices":[{"not_picked":["PiercingWail","Slice"],"picked":"Catalyst","floor":1},{"not_picked":["Bane","ReplayTheSpireMod:Scrap Shanks","Fluid Movement"],"picked":"SKIP","floor":2},{"not_picked":["Choke","Underhanded Strike"],"picked":"Atom Bomb","floor":7},{"not_picked":["Terror","Deflect","Slice"],"picked":"SKIP","floor":10},{"not_picked":["Flying Knee","Sucker Punch","Underhanded Strike"],"picked":"SKIP","floor":11},{"not_picked":["Replay:Poison Smokescreen","Hidden Blade"],"picked":"Draining Mist","floor":12},{"not_picked":["Acrobatics","Prepared"],"picked":"Poisoned Stab","floor":13},{"not_picked":["Phantasmal Killer","Burst"],"picked":"Die Die Die","floor":16},{"not_picked":["Infinite Blades","PiercingWail","Hidden Blade"],"picked":"SKIP","floor":18},{"not_picked":["Infinite Blades","PiercingWail","Hidden Blade"],"picked":"SKIP","floor":18},{"not_picked":["Bane","Cloak And Dagger","Calculated Gamble"],"picked":"SKIP","floor":19},{"not_picked":["Cloak And Dagger","Calculated Gamble"],"picked":"Bane","floor":19},{"not_picked":["Slice","Escape Plan","Sucker Punch"],"picked":"SKIP","floor":21},{"not_picked":["Heel Hook+1","Distraction","Dagger Throw"],"picked":"SKIP","floor":22}],"player_experience":260165,"relics_obtained":[{"floor":3,"key":"infinitespire:Satchel"},{"floor":7,"key":"ReplayTheSpireMod:Shallot"},{"floor":9,"key":"infinitespire:Broken Mirror"},{"floor":13,"key":"Simple Rune"},{"floor":14,"key":"Chameleon Ring"}],"event_choices":[],"is_beta":false,"boss_relics":[{"not_picked":["Tiny House","ReplayTheSpireMod:DimensionalGlitch"],"picked":"Replay:Fungal Core"}],"items_purged_floors":[],"is_endless":false,"potions_floor_spawned":[2,7,11,13,18,21,22],"killed_by":"theJungle:Snecko_Cultist_And_Trap","ascension_level":0}}