{"host":"rw1trt79hfpl7pom","time":1613311769,"event":{"mods":["BaseMod","Bestiary","Colored Map","Jorbs\u0027s Wanderer Trilogy","Minty Spire (QoL Compilation)","Relic Stats","StSLib","SuperFastMode"],"gold_per_floor":[111,32,107,107,107,107,32,32,32,48,77,88,113,123,123,220,220,258,20,20,20,120,145,145,156,227,258,258,273,293,327,327,436,436,446,16,16,42,60,95,112,125,125,139,169,185,216,66,66,66],"floor_reached":51,"language":"ENG","playtime":4914,"items_purged":["Pain","stsjorbsmod:Strike_Wanderer","stsjorbsmod:Strike_Wanderer","stsjorbsmod:Strike_Wanderer"],"score":928,"play_id":"b2ef7979-cb91-43c7-af62-ba79810751f4","local_time":"20210214060929","is_ascension_mode":false,"campfire_choices":[{"data":"stsjorbsmod:EyeOfTheStorm","floor":6.0,"key":"SMITH"},{"data":"stsjorbsmod:SmithingStrike","floor":8.0,"key":"SMITH"},{"data":"stsjorbsmod:Prestidigitation","floor":15.0,"key":"SMITH"},{"data":"stsjorbsmod:WanderingMind","floor":24,"key":"SMITH"},{"data":"stsjorbsmod:FreshAdventure","floor":28,"key":"SMITH"},{"data":"stsjorbsmod:RayOfFrost","floor":32,"key":"SMITH"},{"data":"stsjorbsmod:ScorchingRay","floor":49,"key":"SMITH"}],"circlet_count":0,"master_deck":["stsjorbsmod:ForbiddenGrimoire+1","stsjorbsmod:Strike_Wanderer+1","stsjorbsmod:Defend_Wanderer","stsjorbsmod:Defend_Wanderer","stsjorbsmod:Defend_Wanderer","stsjorbsmod:Defend_Wanderer","stsjorbsmod:FreshAdventure+1","stsjorbsmod:EyeOfTheStorm+1","stsjorbsmod:TinyHut+1","stsjorbsmod:SmithingStrike+1","stsjorbsmod:WanderingMind+1","stsjorbsmod:Prestidigitation+1","stsjorbsmod:Introspection+1","stsjorbsmod:Rediscovery+1","stsjorbsmod:DoubleCheck+1","stsjorbsmod:ArcaneForm+1","stsjorbsmod:FindFamiliar+1","stsjorbsmod:Hibernate+1","stsjorbsmod:RayOfFrost+1","stsjorbsmod:DeathThroes+1","stsjorbsmod:RayOfFrost+1","stsjorbsmod:ScorchingRay+1","stsjorbsmod:ScorchingRay+1","stsjorbsmod:Patron+1","stsjorbsmod:Rest+1"],"relics":["stsjorbsmod:GrimoireRelic","NeowsBlessing","WarpedTongs","Torii","Bronze Scales","Frozen Egg 2","Snecko Eye","Matryoshka","Boot","Sundial","Juzu Bracelet","Mummified Hand","SacredBark","Lizard Tail","StrikeDummy","Ancient Tea Set","Regal Pillow","Mango","Whetstone","Question Card"],"acts_visited":["Exordium","TheCity","TheBeyond"],"potions_floor_usage":[25,27,40,40,45,50],"damage_taken":[{"damage":0.0,"enemies":"2 Louse","floor":1.0,"turns":1.0},{"damage":0.0,"enemies":"Small Slimes","floor":10.0,"turns":1.0},{"damage":0.0,"enemies":"Lagavulin","floor":11.0,"turns":2.0},{"damage":1.0,"enemies":"Cultist","floor":12.0,"turns":4.0},{"damage":36.0,"enemies":"Gremlin Nob","floor":13.0,"turns":6.0},{"damage":1.0,"enemies":"Exordium Wildlife","floor":14.0,"turns":4.0},{"damage":14.0,"enemies":"Hexaghost","floor":16.0,"turns":7.0},{"damage":4.0,"enemies":"2 Thieves","floor":18.0,"turns":4.0},{"damage":3,"enemies":"Gremlin Leader","floor":23,"turns":4},{"damage":6,"enemies":"3 Byrds","floor":25,"turns":2},{"damage":1,"enemies":"Slavers","floor":27,"turns":4},{"damage":14,"enemies":"Sentry and Sphere","floor":29,"turns":4},{"damage":0,"enemies":"Snake Plant","floor":30,"turns":3},{"damage":9,"enemies":"Gremlin Leader","floor":31,"turns":4},{"damage":18,"enemies":"Champ","floor":33,"turns":5},{"damage":0,"enemies":"Orb Walker","floor":35,"turns":3},{"damage":2,"enemies":"3 Darklings","floor":39,"turns":2},{"damage":17,"enemies":"Giant Head","floor":40,"turns":6},{"damage":9,"enemies":"Writhing Mass","floor":41,"turns":6},{"damage":18,"enemies":"Spire Growth","floor":42,"turns":3},{"damage":10,"enemies":"Maw","floor":44,"turns":5},{"damage":2,"enemies":"Nemesis","floor":45,"turns":5},{"damage":1,"enemies":"Sphere and 2 Shapes","floor":46,"turns":3},{"damage":14,"enemies":"Giant Head","floor":47,"turns":5},{"damage":37,"enemies":"Time Eater","floor":50,"turns":7}],"seed_played":"3824728966246223616","potions_obtained":[{"floor":1.0,"key":"stsjorbsmod:LiquidClarity"},{"floor":12.0,"key":"ColorlessPotion"},{"floor":13.0,"key":"SmokeBomb"},{"floor":16.0,"key":"SpeedPotion"},{"floor":23,"key":"SkillPotion"},{"floor":25,"key":"DistilledChaos"},{"floor":29,"key":"ColorlessPotion"},{"floor":31,"key":"CultistPotion"},{"floor":41,"key":"Block Potion"},{"floor":44,"key":"SmokeBomb"},{"floor":47,"key":"Regen Potion"}],"is_trial":false,"path_per_floor":["M","$","?","?","?","R","$","R","T","M","E","M","E","M","R","B",null,"M","$","?","?","?","E","R","M","T","E","R","M","M","E","R","B",null,"M","$","?","T","M","E","M","M","T","M","E","M","E","$","R","B",null],"character_chosen":"WANDERER","items_purchased":["stsjorbsmod:SmithingStrike","stsjorbsmod:ArcaneForm+1","Lizard Tail"],"campfire_rested":0,"item_purchase_floors":[2,19,36],"current_hp_per_floor":[68,68,57,62,62,62,62,62,62,62,63,66,32,34,34,20,75,74,74,74,74,74,75,75,70,70,74,74,66,74,73,73,62,77,77,77,77,77,77,70,70,57,71,69,74,79,72,72,72,54],"gold":66,"neow_bonus":"THREE_ENEMY_KILL","is_daily":false,"chose_seed":false,"campfire_upgraded":7,"win_rate":0.0,"timestamp":1613311769,"path_taken":["M","$","?","?","?","R","$","R","T","M","E","M","E","?","R","BOSS","M","$","?","?","?","E","R","M","T","E","R","M","M","E","R","BOSS","M","?","?","?","M","E","M","M","T","M","E","M","E","?","R","BOSS"],"items_purchased_type":["Card","Card","Relic"],"build_version":"2020-12-22","purchased_purges":4,"victory":true,"max_hp_per_floor":[68,68,68,73,73,73,73,73,73,73,73,75,75,75,75,75,75,75,75,75,75,75,75,75,75,75,75,75,75,77,77,77,77,77,77,77,77,77,77,79,81,81,95,95,95,95,95,95,95,95],"relic_stats":{"Regal Pillow":0,"Torii":12,"counters":[25,100],"Juzu Bracelet":1,"Whetstone":["stsjorbsmod:DeathThroes","stsjorbsmod:Strike_Wanderer"],"Boot":[19],"Question Card":0,"WarpedTongs":[91],"Lizard Tail":0,"Sundial":[20],"Mummified Hand":[118],"Bronze Scales":[270],"Snecko Eye":[159,172,167,167],"obtain_stats":[{"Regal Pillow":40,"NeowsBlessing":0,"Torii":9,"SacredBark":34,"stsjorbsmod:GrimoireRelic":0,"Mango":43,"Juzu Bracelet":27,"Whetstone":45,"Frozen Egg 2":13,"Boot":26,"Ancient Tea Set":38,"Question Card":47,"WarpedTongs":5,"Lizard Tail":36,"Matryoshka":23,"Sundial":26,"Mummified Hand":31,"Bronze Scales":11,"Snecko Eye":17,"StrikeDummy":38},{"Regal Pillow":18,"NeowsBlessing":0,"Torii":1,"SacredBark":15,"stsjorbsmod:GrimoireRelic":0,"Mango":20,"Juzu Bracelet":11,"Whetstone":22,"Frozen Egg 2":5,"Boot":10,"Ancient Tea Set":16,"Question Card":24,"WarpedTongs":1,"Lizard Tail":16,"Matryoshka":9,"Sundial":10,"Mummified Hand":14,"Bronze Scales":3,"Snecko Eye":7,"StrikeDummy":16},{"Regal Pillow":66,"NeowsBlessing":0,"Torii":1,"SacredBark":55,"stsjorbsmod:GrimoireRelic":0,"Mango":75,"Juzu Bracelet":39,"Whetstone":85,"Frozen Egg 2":14,"Boot":35,"Ancient Tea Set":58,"Question Card":93,"WarpedTongs":1,"Lizard Tail":58,"Matryoshka":33,"Sundial":35,"Mummified Hand":50,"Bronze Scales":4,"Snecko Eye":25,"StrikeDummy":58}]},"card_choices":[{"not_picked":["stsjorbsmod:WeightOfMemory","stsjorbsmod:RayOfFrost"],"picked":"stsjorbsmod:TinyHut","floor":1.0},{"not_picked":["stsjorbsmod:Channel","stsjorbsmod:UnseenServant"],"picked":"stsjorbsmod:WanderingMind","floor":10.0},{"not_picked":["stsjorbsmod:Mania","stsjorbsmod:WeightOfMemory"],"picked":"stsjorbsmod:Prestidigitation","floor":11.0},{"not_picked":["stsjorbsmod:ScorchingRay","stsjorbsmod:ArcaneWeapon","stsjorbsmod:FracturedMind"],"picked":"SKIP","floor":12.0},{"not_picked":["stsjorbsmod:TollTheDead","stsjorbsmod:AnimateObjects"],"picked":"stsjorbsmod:Introspection+1","floor":13.0},{"not_picked":["stsjorbsmod:ParryingBlow","stsjorbsmod:ChatteringStrike","stsjorbsmod:TrueStrike"],"picked":"SKIP","floor":14.0},{"not_picked":["stsjorbsmod:Entangle+1","stsjorbsmod:IvoryTower"],"picked":"stsjorbsmod:Rediscovery+1","floor":16.0},{"not_picked":["stsjorbsmod:Index","stsjorbsmod:Will+1"],"picked":"stsjorbsmod:DoubleCheck+1","floor":18.0},{"not_picked":["stsjorbsmod:Mania","stsjorbsmod:Fear"],"picked":"stsjorbsmod:Hibernate+1","floor":23},{"not_picked":["stsjorbsmod:Hurt+1","stsjorbsmod:BurningFlask","stsjorbsmod:ParryingBlow+1"],"picked":"SKIP","floor":25},{"not_picked":["stsjorbsmod:OldPocket","stsjorbsmod:Patron","stsjorbsmod:ColorSpray+1"],"picked":"SKIP","floor":27},{"not_picked":["stsjorbsmod:Materialize","stsjorbsmod:MagicMissiles"],"picked":"stsjorbsmod:RayOfFrost","floor":29},{"not_picked":["stsjorbsmod:RefuseToForget+1","stsjorbsmod:SchoolsOfMagic","stsjorbsmod:UnseenServant"],"picked":"SKIP","floor":30},{"not_picked":["stsjorbsmod:RefuseToForget","stsjorbsmod:Trauma","stsjorbsmod:Prepare"],"picked":"SKIP","floor":31},{"not_picked":["stsjorbsmod:ArcaneForm+1","stsjorbsmod:HoldMonster"],"picked":"stsjorbsmod:DeathThroes","floor":33},{"not_picked":["stsjorbsmod:Mania+1","stsjorbsmod:Materialize+1"],"picked":"stsjorbsmod:RayOfFrost+1","floor":35},{"not_picked":["stsjorbsmod:Aid+1","stsjorbsmod:ArcaneWeapon+1"],"picked":"stsjorbsmod:ScorchingRay+1","floor":39},{"not_picked":["stsjorbsmod:Will","stsjorbsmod:Fear","stsjorbsmod:RayOfFrost"],"picked":"SKIP","floor":40},{"not_picked":["stsjorbsmod:HedgeWizard+1","stsjorbsmod:Message+1"],"picked":"stsjorbsmod:ScorchingRay","floor":41},{"not_picked":["stsjorbsmod:UnseenServant","stsjorbsmod:Thorns","stsjorbsmod:ParryingBlow+1"],"picked":"SKIP","floor":42},{"not_picked":["stsjorbsmod:DisguiseSelf","stsjorbsmod:Index","stsjorbsmod:ChatteringStrike"],"picked":"SKIP","floor":44},{"not_picked":["stsjorbsmod:Trauma","stsjorbsmod:ParryingBlow","stsjorbsmod:AnimateObjects+1"],"picked":"SKIP","floor":45},{"not_picked":["stsjorbsmod:Trauma","stsjorbsmod:ParryingBlow","stsjorbsmod:AnimateObjects+1"],"picked":"SKIP","floor":45},{"not_picked":["stsjorbsmod:AnimateObjects+1","stsjorbsmod:Prestidigitation+1"],"picked":"stsjorbsmod:Patron+1","floor":46},{"not_picked":["stsjorbsmod:RayOfFrost","stsjorbsmod:Stalwart"],"picked":"stsjorbsmod:Rest+1","floor":47}],"player_experience":2720408,"relics_obtained":[{"floor":9.0,"key":"Torii"},{"floor":11.0,"key":"Bronze Scales"},{"floor":13.0,"key":"Frozen Egg 2"},{"floor":23,"key":"Matryoshka"},{"floor":26,"key":"Boot"},{"floor":26,"key":"Sundial"},{"floor":27,"key":"Juzu Bracelet"},{"floor":31,"key":"Mummified Hand"},{"floor":38,"key":"StrikeDummy"},{"floor":38,"key":"Ancient Tea Set"},{"floor":40,"key":"Regal Pillow"},{"floor":43,"key":"Mango"},{"floor":45,"key":"Whetstone"},{"floor":47,"key":"Question Card"}],"event_choices":[{"damage_healed":0.0,"max_hp_gain":0.0,"max_hp_loss":0.0,"gold_gain":75.0,"event_name":"World of Goop","player_choice":"Gather Gold","floor":3.0,"gold_loss":0.0,"damage_taken":11.0},{"damage_healed":0.0,"max_hp_gain":5.0,"max_hp_loss":0.0,"gold_gain":0.0,"event_name":"Big Fish","player_choice":"Donut","floor":4.0,"gold_loss":0.0,"damage_taken":0.0},{"damage_healed":0.0,"max_hp_gain":0.0,"max_hp_loss":0.0,"gold_gain":0.0,"event_name":"Accursed Blacksmith","player_choice":"Rummage","floor":5.0,"gold_loss":0.0,"damage_taken":0.0,"relics_obtained":["WarpedTongs"],"cards_obtained":["Pain"]},{"damage_healed":0,"gold_gain":0,"player_choice":"Read","damage_taken":0,"max_hp_gain":0,"max_hp_loss":0,"event_name":"The Library","floor":21,"gold_loss":0,"cards_obtained":["stsjorbsmod:FindFamiliar"]},{"damage_healed":0,"gold_gain":100,"player_choice":"Pray","damage_taken":0,"max_hp_gain":0,"max_hp_loss":0,"event_name":"Golden Shrine","floor":22,"gold_loss":0},{"damage_healed":0,"gold_gain":0,"player_choice":"Ignored","damage_taken":0,"max_hp_gain":0,"max_hp_loss":0,"event_name":"NoteForYourself","floor":37,"gold_loss":0}],"is_beta":false,"boss_relics":[{"not_picked":["Philosopher\u0027s Stone","Coffee Dripper"],"picked":"Snecko Eye"},{"not_picked":["Velvet Choker","Empty Cage"],"picked":"SacredBark"}],"items_purged_floors":[7,19,36,48],"is_endless":false,"potions_floor_spawned":[1,12,13,16,23,25,29,31,41,44,47],"ascension_level":0}}