{"host":"2qyxu97h6u4ukicb","time":1613274027,"event":{"mods":["AchievementEnabler","BaseMod","BetterRewards","Colored Map","Colored Powertips","Minty Spire (QoL Compilation)","Replay The Spire","Shop Mod","StSLib"],"gold_per_floor":[116,230,293,258,269,269,269,295,295,108,134,154,170,188,188,287,287,302,302,3,3,3,3,37,37,89,189,207,220,220,239,239,335,335,348,396,396,396,396],"floor_reached":38,"language":"ENG","playtime":2003,"items_purged":[],"score":625,"play_id":"0891c755-f6bb-443e-87cc-78b1070372ab","local_time":"20210213214027","is_ascension_mode":false,"campfire_choices":[{"data":"Lockon","floor":6,"key":"SMITH"},{"data":"Electrodynamics","floor":23,"key":"SMITH"},{"data":"Gash","floor":25,"key":"SMITH"},{"floor":30,"key":"REST"},{"floor":32,"key":"REST"}],"circlet_count":0,"master_deck":["Strike_B","Strike_B","Strike_B","Strike_B","Defend_B+1","Defend_B+1","Defend_B","Defend_B","Zap","Dualcast","Melter+1","Gash+1","Lockon+1","Ball Lightning","Streamline+1","Streamline+1","BasicCrystalCard","Sweeping Beam","Electrodynamics+1","CurseOfTheBell","Gash+1","Doubt","Gash+1","Go for the Eyes","Crystallizer","Creative AI+1","Gash","Self Repair+1"],"relics":["Cracked Core","NeowsBlessing","Replay:Baseball","Chameleon Ring","Guide Book","Letter Opener","Calling Bell","Simple Rune","Replay:Bottled Eggs","Golden Egg","Ring of Fury","Ring of Panic","BranchBurnRelic","Gremlin Horn","TungstenRod","Replay:Ringing Soul","Nuclear Battery","Ginger"],"acts_visited":["Exordium","TheCity","TheBeyond"],"potions_floor_usage":[11,13,15,16,16,24,27,27,36],"damage_taken":[{"damage":0,"enemies":"Cultist","floor":1,"turns":1},{"damage":0,"enemies":"Small Slimes","floor":5,"turns":1},{"damage":0,"enemies":"Lagavulin","floor":8,"turns":1},{"damage":21,"enemies":"Gremlin Nob","floor":11,"turns":4},{"damage":6,"enemies":"Jaw Worm","floor":12,"turns":2},{"damage":1,"enemies":"3 Louse","floor":13,"turns":3},{"damage":1,"enemies":"2 Fungi Beasts","floor":14,"turns":2},{"damage":34,"enemies":"The Guardian","floor":16,"turns":7},{"damage":26,"enemies":"3 Byrds","floor":18,"turns":3},{"damage":18,"enemies":"Slavers","floor":24,"turns":3},{"damage":0,"enemies":"Colosseum Slavers","floor":27,"turns":1},{"damage":37,"enemies":"Colosseum Nobs","floor":27,"turns":4},{"damage":11,"enemies":"2 Thieves","floor":28,"turns":2},{"damage":12,"enemies":"Snake Plant","floor":29,"turns":2},{"damage":22,"enemies":"Centurion and Healer","floor":31,"turns":5},{"damage":57,"enemies":"Pondfish","floor":33,"turns":11},{"damage":9,"enemies":"Orb Walker","floor":35,"turns":2},{"damage":46,"enemies":"2 Orb Walkers","floor":36,"turns":4},{"damage":46,"enemies":"3 Darklings","floor":38,"turns":3}],"seed_played":"-532203558278957505","potions_obtained":[{"floor":1,"key":"Weak Potion"},{"floor":11,"key":"LifebloodPotion"},{"floor":14,"key":"Death Potion"},{"floor":15,"key":"Fruit Juice"},{"floor":15,"key":"LiquidBronze"},{"floor":18,"key":"Doom Potion"},{"floor":24,"key":"Regen Potion"},{"floor":33,"key":"FocusPotion"},{"floor":36,"key":"SteroidPotion"}],"is_trial":false,"path_per_floor":["M","?","?","?","M","R","$","E","T","$","E","M","M","M","R","B",null,"M","?","$","?","?","R","E","R","T","?","M","M","R","M","R","B",null,"M","?","?","M"],"character_chosen":"DEFECT","items_purchased":["Guide Book","Streamline","Golden Egg","Block Potion"],"campfire_rested":2,"item_purchase_floors":[10,10,20,20],"current_hp_per_floor":[75,57,57,75,75,75,75,75,75,75,54,48,47,46,53,19,82,56,56,56,56,56,56,47,47,47,31,23,11,37,29,55,16,91,85,42,42,0,0],"gold":396,"neow_bonus":"THREE_ENEMY_KILL","is_daily":false,"chose_seed":false,"campfire_upgraded":3,"win_rate":0.0,"timestamp":1613274027,"path_taken":["M","?","?","?","M","R","$","E","T","$","E","M","M","M","R","BOSS","M","?","$","?","?","R","E","R","T","?","M","M","R","?","R","BOSS","M","?","?","M"],"items_purchased_type":["Relic","Card","Relic","Potion"],"build_version":"2020-12-22","purchased_purges":0,"victory":false,"max_hp_per_floor":[75,75,75,75,75,75,75,75,75,75,75,75,75,75,82,82,82,82,82,82,82,82,82,82,82,82,85,88,88,88,88,88,91,91,94,97,97,97,97],"card_choices":[{"not_picked":["Leap","Ball Lightning"],"picked":"Melter","floor":1},{"not_picked":["Lockon","ReplayTheSpireMod:System Scan"],"picked":"Gash","floor":2},{"not_picked":["Chill","Steam Power"],"picked":"Lockon","floor":2},{"not_picked":["Double Energy","Conserve Battery"],"picked":"Ball Lightning","floor":5},{"not_picked":["Cold Snap","Hologram","ReplayTheSpireMod:Omega Cannon"],"picked":"SKIP","floor":8},{"not_picked":["Beam Cell","Darkness"],"picked":"BasicCrystalCard","floor":11},{"not_picked":["Chaos","Conserve Battery","Barrage"],"picked":"SKIP","floor":12},{"not_picked":["Coolheaded","Barrage"],"picked":"Sweeping Beam","floor":13},{"not_picked":["BasicCrystalCard","FTL","Turbo"],"picked":"SKIP","floor":14},{"not_picked":["Mirror Shield","ReplayRNGCard"],"picked":"Electrodynamics","floor":16},{"not_picked":["Hologram+1","Steam"],"picked":"Gash","floor":18},{"not_picked":["Multi-Cast","Hologram"],"picked":"Gash+1","floor":24},{"not_picked":["BootSequence","Darkness"],"picked":"Go for the Eyes","floor":27},{"not_picked":["Cold Snap+1","BootSequence"],"picked":"Crystallizer","floor":28},{"not_picked":["Turbo","Redo","Go for the Eyes"],"picked":"SKIP","floor":29},{"not_picked":["Streamline","Conserve Battery","Undo"],"picked":"SKIP","floor":31},{"not_picked":["Core Surge","Reboot"],"picked":"Creative AI","floor":33},{"not_picked":["Cold Snap","BasicCrystalCard"],"picked":"Gash","floor":35},{"not_picked":["Sweeping Beam+1","Steam+1"],"picked":"Self Repair+1","floor":36}],"player_experience":811765,"relics_obtained":[{"floor":8,"key":"Replay:Baseball"},{"floor":9,"key":"Chameleon Ring"},{"floor":11,"key":"Letter Opener"},{"floor":17,"key":"Simple Rune"},{"floor":17,"key":"Replay:Bottled Eggs"},{"floor":17,"key":"Dead Branch"},{"floor":21,"key":"Ring of Fury"},{"floor":21,"key":"Ring of Panic"},{"floor":24,"key":"Gremlin Horn"},{"floor":27,"key":"TungstenRod"},{"floor":27,"key":"Replay:Ringing Soul"},{"floor":36,"key":"Ginger"}],"event_choices":[{"damage_healed":0,"gold_gain":63,"player_choice":"Gained Gold","damage_taken":0,"max_hp_gain":0,"max_hp_loss":0,"event_name":"Golden Wing","floor":3,"gold_loss":0},{"damage_healed":18,"gold_gain":0,"player_choice":"Healed","damage_taken":0,"max_hp_gain":0,"max_hp_loss":0,"event_name":"The Cleric","floor":4,"gold_loss":35},{"damage_healed":0,"gold_gain":0,"player_choice":"Ignored","damage_taken":0,"max_hp_gain":0,"max_hp_loss":0,"event_name":"Beggar","floor":19,"gold_loss":0},{"damage_healed":0,"gold_gain":0,"player_choice":"Ignored","damage_taken":0,"max_hp_gain":0,"max_hp_loss":0,"event_name":"Ghosts","floor":22,"gold_loss":0},{"damage_healed":0,"gold_gain":0,"player_choice":"Fight","damage_taken":0,"max_hp_gain":0,"max_hp_loss":0,"event_name":"Colosseum","floor":27,"gold_loss":0},{"damage_healed":0,"gold_gain":0,"player_choice":"Fought Nobs","damage_taken":0,"max_hp_gain":0,"max_hp_loss":0,"event_name":"Colosseum","floor":27,"gold_loss":0},{"damage_healed":0,"gold_gain":0,"player_choice":"Fight","damage_taken":0,"max_hp_gain":0,"max_hp_loss":0,"event_name":"Mysterious Sphere","floor":36,"gold_loss":0},{"damage_healed":0,"gold_gain":0,"player_choice":"Ignored","damage_taken":0,"max_hp_gain":0,"max_hp_loss":0,"event_name":"The Moai Head","floor":37,"gold_loss":0}],"is_beta":false,"boss_relics":[{"not_picked":["Busted Crown","Black Star"],"picked":"Calling Bell"},{"not_picked":["Abe\u0027s Treasure","Fusion Hammer"],"picked":"Nuclear Battery"}],"items_purged_floors":[],"is_endless":false,"potions_floor_spawned":[1,11,14,18,24,33,36],"killed_by":"3 Darklings","ascension_level":0}}