{"host":"1i3835udr35woqc6","time":1613340318,"event":{"mods":["Act Like it!","Arknights","Aspiration","BaseMod","BetterRewards","Conspire","Downfall","Friendly Minions","GungeonMod","Hallownest","Hermit","Minty Spire (QoL Compilation)","Pale of the Ancients","StSLib","The Cursed"],"gold_per_floor":[112,129,129,129,54,82,124,124,124,159,109,109,126,138,138,236,236,251,251,251,266,284,284,284,284,355,434,185,204,204,234,234,331,331,350,373,248,248,98,98,131,131,155,155,170,223,242,256,256,256],"floor_reached":51,"language":"ZHS","playtime":1626,"items_purged":["Strike_G","conspire:NecroticWound","Hallownest:curseDreamersLament","downfall:Bewildered"],"score":724,"play_id":"541949e9-0e45-4226-9232-01e4a250a959","local_time":"20210215060518","is_ascension_mode":false,"campfire_choices":[{"floor":8,"key":"REST"},{"data":"Footwork","floor":12,"key":"SMITH"},{"data":"Choke","floor":15,"key":"SMITH"},{"data":"conspire:PoisonWeapons","floor":23,"key":"SMITH"},{"floor":25,"key":"REST"},{"data":"Neutralize","floor":32,"key":"SMITH"},{"data":"After Image","floor":40,"key":"SMITH"},{"floor":42,"key":"REST"},{"floor":44,"key":"REST"},{"floor":49,"key":"REST"}],"circlet_count":0,"master_deck":["Strike_G","Strike_G","Strike_G","Defend_G","Defend_G","Defend_G","Defend_G","Defend_G","Survivor","Neutralize+1","Deflect","Slice","Choke+1","Cloak And Dagger","Footwork+1","Poisoned Stab+1","After Image+1","Bane+1","downfall:Bewildered","Writhe","Noxious Fumes+1","conspire:PoisonWeapons+1","Calculated Gamble","Slice+1","After Image+1","Backflip+1","TheCursedMod:Dregs","Prepared"],"relics":["Ring of the Snake","NeowsBlessing","White Beast Statue","DemoMod:RingOfEthereal","Strawberry","Vajra","Molten Egg 2","Cursed Key","sneckomod:BabySnecko","aspiration:Lifesprig","aspiration:RitualStick","DemoMod:SerJunkan","conspire:Flyswatter","Bronze Scales","Toy Ornithopter","Sozu","Orichalcum","Blood Vial","Bag of Preparation","DemoMod:Junk"],"acts_visited":["Exordium","TheCity","TheBeyond"],"potions_floor_usage":[16,16,18,22,31,33,46,50,50],"damage_taken":[{"damage":0,"enemies":"Small Slimes","floor":1,"turns":1},{"damage":0,"enemies":"Jaw Worm","floor":2,"turns":1},{"damage":0,"enemies":"Lagavulin","floor":6,"turns":1},{"damage":47,"enemies":"conspire:MimicChest","floor":7,"turns":11},{"damage":17,"enemies":"3 Sentries","floor":10,"turns":11},{"damage":0,"enemies":"2 Louse","floor":13,"turns":3},{"damage":0,"enemies":"Blue Slaver","floor":14,"turns":3},{"damage":3,"enemies":"The Guardian","floor":16,"turns":12},{"damage":2,"enemies":"Spheric Guardian","floor":18,"turns":6},{"damage":4,"enemies":"3 Byrds","floor":21,"turns":6},{"damage":23,"enemies":"Cultist and Chosen","floor":22,"turns":6},{"damage":0,"enemies":"Chosen and Byrds","floor":29,"turns":6},{"damage":6,"enemies":"Book of Stabbing","floor":31,"turns":5},{"damage":29,"enemies":"Champ","floor":33,"turns":9},{"damage":18,"enemies":"Orb Walker","floor":35,"turns":5},{"damage":51,"enemies":"Reptomancer","floor":41,"turns":7},{"damage":2,"enemies":"3 Darklings","floor":45,"turns":6},{"damage":5,"enemies":"2 Orb Walkers","floor":46,"turns":6},{"damage":19,"enemies":"Transient","floor":47,"turns":5},{"damage":4,"enemies":"Sphere and 2 Shapes","floor":48,"turns":6},{"damage":44,"enemies":"Time Eater","floor":50,"turns":12}],"seed_played":"7660381693785793879","potions_obtained":[{"floor":6,"key":"Block Potion"},{"floor":7,"key":"DuplicationPotion"},{"floor":10,"key":"Dexterity Potion"},{"floor":14,"key":"DemoMod:LeadSkinPotion"},{"floor":16,"key":"Swift Potion"},{"floor":18,"key":"Ancient Potion"},{"floor":21,"key":"champ:CounterPotion"},{"floor":22,"key":"PowerPotion"},{"floor":31,"key":"BlessingOfTheForge"},{"floor":33,"key":"CultistPotion"}],"is_trial":false,"path_per_floor":["M","M","?","T","$","E","?","R","T","E","?","R","M","M","R","B",null,"M","?","?","M","M","R","?","R","T","T","$","M","?","E","R","B",null,"M","T","$","?","$","R","E","R","T","R","M","?","M","M","R","B",null],"character_chosen":"THE_SILENT","items_purchased":["Bronze Scales"],"campfire_rested":5,"item_purchase_floors":[28],"current_hp_per_floor":[70,70,75,75,75,75,35,59,59,42,42,42,42,42,42,39,82,80,80,80,76,53,53,37,61,61,61,61,61,61,55,55,31,82,64,64,64,64,64,64,13,37,37,61,61,63,46,44,68,36],"gold":256,"neow_bonus":"THREE_ENEMY_KILL","is_daily":false,"chose_seed":false,"campfire_upgraded":5,"win_rate":0.0,"timestamp":1613340318,"path_taken":["M","M","?","?","$","E","?","R","T","E","?","R","M","M","R","BOSS","M","?","?","M","M","R","?","R","T","?","?","?","?","E","R","BOSS","M","?","$","?","$","R","E","R","T","R","M","?","M","M","R","BOSS"],"items_purchased_type":["Relic"],"build_version":"2020-12-22","purchased_purges":4,"victory":true,"max_hp_per_floor":[70,70,75,75,75,75,82,82,82,82,82,82,82,82,82,82,82,82,82,82,82,82,82,82,82,82,82,82,82,82,82,82,82,82,82,82,82,82,82,82,82,82,82,82,82,82,82,82,82,82],"card_choices":[{"not_picked":["Setup","Endless Agony"],"picked":"Deflect","floor":1},{"not_picked":["Masterful Stab","Underhanded Strike"],"picked":"Slice","floor":2},{"not_picked":["Deflect","Slice"],"picked":"Choke","floor":6},{"not_picked":["Dagger Throw","Quick Slash"],"picked":"Cloak And Dagger","floor":7},{"not_picked":["Outmaneuver","Wraith Form v2"],"picked":"Footwork","floor":10},{"not_picked":["Dagger Spray+1","Deadly Poison"],"picked":"Poisoned Stab+1","floor":13},{"not_picked":["Sucker Punch+1","PiercingWail","Prepared"],"picked":"SKIP","floor":14},{"not_picked":["Grand Finale+1","Tools of the Trade"],"picked":"After Image","floor":16},{"not_picked":["Poisoned Stab+1","Predator+1"],"picked":"Bane+1","floor":18},{"not_picked":["Crippling Poison","Infinite Blades"],"picked":"Noxious Fumes+1","floor":21},{"not_picked":["Underhanded Strike+1","Quick Slash+1"],"picked":"conspire:PoisonWeapons","floor":22},{"not_picked":["Endless Agony+1","Masterful Stab+1"],"picked":"Calculated Gamble","floor":29},{"not_picked":["Phantasmal Killer","Underhanded Strike+1"],"picked":"Slice+1","floor":31},{"not_picked":["Burst","Night Terror"],"picked":"After Image","floor":33},{"not_picked":["Choke+1","Finisher+1"],"picked":"Backflip+1","floor":35},{"not_picked":["Slice+1","Riddle With Holes+1","Wraith Form v2"],"picked":"SKIP","floor":41},{"not_picked":["Slice+1","Acrobatics+1"],"picked":"Prepared","floor":45},{"not_picked":["All Out Attack+1","Poisoned Stab+1","Prepared"],"picked":"SKIP","floor":47},{"not_picked":["Distraction","Dodge and Roll","Predator+1"],"picked":"SKIP","floor":48}],"player_experience":407441,"relics_obtained":[{"floor":4,"key":"White Beast Statue"},{"floor":6,"key":"DemoMod:WeirdEgg"},{"floor":7,"key":"Strawberry"},{"floor":9,"key":"Vajra"},{"floor":10,"key":"Molten Egg 2"},{"floor":26,"key":"DemoMod:SerJunkan"},{"floor":27,"key":"conspire:Flyswatter"},{"floor":31,"key":"Toy Ornithopter"},{"floor":36,"key":"Orichalcum"},{"floor":41,"key":"Blood Vial"},{"floor":43,"key":"Bag of Preparation"},{"floor":46,"key":"DemoMod:Junk"}],"event_choices":[{"damage_healed":0,"gold_gain":0,"player_choice":"Donut","damage_taken":0,"max_hp_gain":5,"max_hp_loss":0,"event_name":"Big Fish","floor":3,"gold_loss":0},{"cards_removed":["Strike_G"],"damage_healed":0,"gold_gain":0,"player_choice":"Card Removal","damage_taken":0,"max_hp_gain":0,"max_hp_loss":0,"event_name":"The Cleric","floor":11,"gold_loss":50},{"damage_healed":0,"gold_gain":0,"player_choice":"Opened","damage_taken":0,"relics_obtained":["aspiration:Lifesprig"],"max_hp_gain":0,"max_hp_loss":0,"event_name":"The Mausoleum","floor":20,"gold_loss":0,"cards_obtained":["Writhe"]},{"damage_healed":0,"gold_gain":0,"player_choice":"Forge","damage_taken":0,"max_hp_gain":0,"max_hp_loss":0,"event_name":"Accursed Blacksmith","floor":30,"gold_loss":0,"cards_upgraded":["After Image"]},{"damage_healed":0,"gold_gain":0,"player_choice":"Leave","damage_taken":0,"max_hp_gain":0,"max_hp_loss":0,"event_name":"conspire:Investor","floor":38,"gold_loss":0},{"damage_healed":0,"gold_gain":0,"player_choice":"Fight","damage_taken":0,"max_hp_gain":0,"max_hp_loss":0,"event_name":"Mysterious Sphere","floor":46,"gold_loss":0}],"is_beta":false,"boss_relics":[{"not_picked":["conspire:SeveredTorchhead","aspiration:SecretTechniqueScroll"],"picked":"Cursed Key"},{"not_picked":["Fusion Hammer","conspire:RoyalGoblet"],"picked":"Sozu"}],"items_purged_floors":[5,28,37,39],"is_endless":false,"potions_floor_spawned":[6,7,10,13,14,16,18,21,22,29,31,33,35,41,45,46,47,48],"ascension_level":0}}