{"host":"c97twqu0op5dg8i4","time":1613264349,"event":{"mods":["AchievementEnabler","BaseMod","Colored Map","Minty Spire (QoL Compilation)","Permanent Neow"],"gold_per_floor":[361,361,75,37,57,57,87,87,134,134,134,164,177,177,192,192,192,291,291,302,302,312,312,34,34,45,45,45,45,45,45,45],"floor_reached":31,"language":"ENG","playtime":605,"items_purged":[],"score":382,"play_id":"44b1547d-4da4-4a66-b191-e9dece8d0e36","local_time":"20210213195909","is_ascension_mode":true,"campfire_choices":[{"data":"Zap","floor":6.0,"key":"SMITH"},{"floor":11.0,"key":"REST"},{"data":"Loop","floor":14.0,"key":"SMITH"},{"data":"Cold Snap","floor":16.0,"key":"SMITH"},{"floor":17.0,"key":"REST"},{"data":"Echo Form","floor":25,"key":"SMITH"},{"data":"Defragment","floor":27,"key":"SMITH"}],"circlet_count":0,"master_deck":["AscendersBane","Strike_B+1","Strike_B+1","Defend_B","Defend_B","Defend_B","Defend_B","Zap+1","Dualcast","Cold Snap","Zap","Loop+1","Redo","Cold Snap","Melter","Ball Lightning","Cold Snap+1","Sweeping Beam","Conserve Battery","Coolheaded","Echo Form+1","CurseOfTheBell","Ball Lightning","Meteor Strike","Skim","Recycle","Defragment+1","Leap","Coolheaded"],"relics":["Cracked Core","Oddly Smooth Stone","Whetstone","Ornamental Fan","PreservedInsect","Matryoshka","Mummified Hand","Calling Bell","Bag of Marbles","Shovel","Nloth\u0027s Gift","Lee\u0027s Waffle","Cables","Boot","Anchor","Sundial"],"acts_visited":["Exordium","TheCity"],"potions_floor_usage":[],"damage_taken":[{"damage":6.0,"enemies":"Jaw Worm","floor":1.0,"turns":4.0},{"damage":6.0,"enemies":"Cultist","floor":5.0,"turns":3.0},{"damage":25.0,"enemies":"3 Sentries","floor":7.0,"turns":7.0},{"damage":10.0,"enemies":"Gremlin Nob","floor":12.0,"turns":3.0},{"damage":6.0,"enemies":"2 Louse","floor":13.0,"turns":2.0},{"damage":2.0,"enemies":"Red Slaver","floor":15.0,"turns":3.0},{"damage":24.0,"enemies":"Hexaghost","floor":18.0,"turns":11.0},{"damage":16.0,"enemies":"Shell Parasite","floor":20.0,"turns":5.0},{"damage":0.0,"enemies":"Spheric Guardian","floor":22.0,"turns":2.0},{"damage":26,"enemies":"Snake Plant","floor":26,"turns":5},{"damage":0,"enemies":"Centurion and Healer","floor":31,"turns":1}],"seed_played":"-6565854944763019955","potions_obtained":[{"floor":7.0,"key":"FairyPotion"},{"floor":18.0,"key":"SpeedPotion"}],"is_trial":false,"path_per_floor":["M","?","$","$","M","R","E","?","T","T","R","E","M","R","M","R","R","B",null,"M","?","M","?","$","R","M","R","T","T","$","M"],"character_chosen":"DEFECT","items_purchased":["Loop","Oddly Smooth Stone","Redo","Cold Snap","Melter","Defragment","Lee\u0027s Waffle","Leap","Coolheaded"],"campfire_rested":2,"item_purchase_floors":[3,3,3,3,4,24,24,24,24],"current_hp_per_floor":[62,62,62,62,56,56,31,28,28,28,48,38,32,32,30,30,50,26,58,42,42,42,42,75,75,49,49,49,49,49,49,49],"gold":45,"neow_bonus":"TWO_FIFTY_GOLD","is_daily":false,"chose_seed":false,"campfire_upgraded":5,"win_rate":0.0,"timestamp":1613264349,"path_taken":["M","?","?","$","?","R","E","?","T","T","R","E","M","R","M","R","R","BOSS","M","?","?","?","?","R","?","R","T","?","$","M"],"items_purchased_type":["Card","Relic","Card","Card","Card","Card","Relic","Card","Card"],"build_version":"2020-12-22","purchased_purges":0,"victory":false,"max_hp_per_floor":[68,68,68,68,68,68,68,68,68,68,68,68,68,68,68,68,68,68,68,68,68,68,68,75,75,75,75,75,75,75,75,75],"card_choices":[{"not_picked":["Beam Cell","Recycle"],"picked":"Cold Snap","floor":1.0},{"not_picked":["Gash","Beam Cell"],"picked":"Ball Lightning","floor":5.0},{"not_picked":["Hologram","FTL"],"picked":"Cold Snap","floor":7.0},{"not_picked":["Hello World","Hyperbeam"],"picked":"Sweeping Beam","floor":12.0},{"not_picked":["Sweeping Beam","Auto Shields"],"picked":"Conserve Battery","floor":13.0},{"not_picked":["Hyperbeam","Force Field"],"picked":"Coolheaded","floor":15.0},{"not_picked":["Reboot","Fission"],"picked":"Echo Form","floor":18.0},{"not_picked":["Stack+1","Hologram"],"picked":"Ball Lightning","floor":20.0},{"not_picked":["Barrage","Stack"],"picked":"Meteor Strike","floor":22.0},{"not_picked":["Machine Learning","Scrape","Genetic Algorithm"],"picked":"SKIP","floor":26}],"player_experience":408308,"relics_obtained":[{"floor":7.0,"key":"Whetstone"},{"floor":9.0,"key":"PreservedInsect"},{"floor":10.0,"key":"Matryoshka"},{"floor":12.0,"key":"Mummified Hand"},{"floor":19.0,"key":"Bag of Marbles"},{"floor":19.0,"key":"Shuriken"},{"floor":19.0,"key":"Shovel"},{"floor":28,"key":"Cables"},{"floor":28,"key":"Boot"},{"floor":29,"key":"Anchor"},{"floor":29,"key":"Sundial"}],"event_choices":[{"damage_healed":0.0,"max_hp_gain":0.0,"max_hp_loss":0.0,"gold_gain":0.0,"event_name":"Match and Keep!","player_choice":"1 cards matched","floor":2.0,"gold_loss":0.0,"damage_taken":0.0,"cards_obtained":["Zap"]},{"damage_healed":0.0,"max_hp_gain":0.0,"max_hp_loss":0.0,"gold_gain":0.0,"event_name":"Scrap Ooze","player_choice":"Success","floor":8.0,"gold_loss":0.0,"damage_taken":3.0,"relics_obtained":["Ornamental Fan"]},{"damage_healed":0.0,"max_hp_gain":0.0,"max_hp_loss":0.0,"gold_gain":0.0,"event_name":"N\u0027loth","player_choice":"Traded Relic","floor":21.0,"relics_lost":["Shuriken"],"gold_loss":0.0,"damage_taken":0.0,"relics_obtained":["Nloth\u0027s Gift"]},{"damage_healed":0.0,"max_hp_gain":0.0,"max_hp_loss":0.0,"gold_gain":0.0,"cards_transformed":["Strike_B","Strike_B"],"event_name":"Drug Dealer","player_choice":"Became Test Subject","floor":23.0,"gold_loss":0.0,"damage_taken":0.0,"cards_obtained":["Skim","Recycle"]}],"is_beta":false,"boss_relics":[{"not_picked":["FrozenCore","Ectoplasm"],"picked":"Calling Bell"}],"items_purged_floors":[],"is_endless":false,"potions_floor_spawned":[7,18,20],"killed_by":"Centurion and Healer","ascension_level":12}}