{"host":"Tuck","time":1613277186,"event":{"mods":["BaseMod","Minty Spire (QoL Compilation)","StSLib"],"gold_per_floor":[109,109,209,224,245,285,90,130,153,153,185,216,245,278,278,418,418,440,449,449,482,491,531,531,564,564,586,616,641,641,669,669,803,875,895,895,908,908,971,1004,1004,1053,1053,441,472,472,508,541,541,541,541,541,286,331,331],"floor_reached":56,"language":"ENG","playtime":3388,"items_purged":["Strike_R","Infernal Blade","Wild Strike+1"],"score":1533,"play_id":"5401366d-2fc3-4b09-9b94-455e6b278722","local_time":"20210213213306","is_ascension_mode":true,"campfire_choices":[{"data":"Limit Break","floor":10,"key":"SMITH"},{"data":"True Grit","floor":15,"key":"SMITH"},{"data":"Feel No Pain","floor":24,"key":"SMITH"},{"data":"Demon Form","floor":30,"key":"SMITH"},{"data":"Dark Embrace","floor":32,"key":"SMITH"},{"data":"Sentinel","floor":41,"key":"SMITH"},{"data":"Apotheosis","floor":49,"key":"SMITH"},{"data":"Feel No Pain","floor":52,"key":"SMITH"}],"circlet_count":0,"master_deck":["Bash","Reaper","Feel No Pain+1","Inflame","True Grit+1","Inflame","Limit Break+1","Shrug It Off","Headbutt","Clothesline","Burning Pact","Shockwave","Limit Break","Sentinel+1","Battle Trance","Seeing Red+1","Blood for Blood","Disarm+1","Dark Embrace+1","Inflame","Feel No Pain+1","Fiend Fire+1","Intimidate","Demon Form+1","Metallicize","Apotheosis+1","Dropkick+1","Bloodletting","Dropkick+1","Shrug It Off","Warcry","True Grit+1"],"relics":["Burning Blood","Golden Idol","Regal Pillow","CeramicFish","Smiling Mask","Singing Bowl","Coffee Dripper","Pear","Vajra","Molten Egg 2","Pandora\u0027s Box","Pocketwatch","Strawberry","Gambling Chip","Oddly Smooth Stone","Bird Faced Urn","Bottled Lightning","Toy Ornithopter","Bag of Preparation","Centennial Puzzle","Anchor"],"acts_visited":["Exordium","TheCity","TheBeyond","TheEnding"],"potions_floor_usage":[16,55],"damage_taken":[{"damage":6,"enemies":"Jaw Worm","floor":1,"turns":7},{"damage":0,"enemies":"Small Slimes","floor":4,"turns":5},{"damage":5,"enemies":"Cultist","floor":5,"turns":5},{"damage":41,"enemies":"Lagavulin","floor":6,"turns":9},{"damage":21,"enemies":"Gremlin Nob","floor":8,"turns":5},{"damage":5,"enemies":"Large Slime","floor":11,"turns":5},{"damage":34,"enemies":"3 Sentries","floor":12,"turns":18},{"damage":33,"enemies":"Exordium Wildlife","floor":13,"turns":5},{"damage":35,"enemies":"Exordium Thugs","floor":14,"turns":8},{"damage":51,"enemies":"The Guardian","floor":16,"turns":12},{"damage":14,"enemies":"2 Thieves","floor":18,"turns":3},{"damage":8,"enemies":"Shell Parasite","floor":21,"turns":5},{"damage":36,"enemies":"Slavers","floor":23,"turns":5},{"damage":2,"enemies":"Gremlin Leader","floor":25,"turns":5},{"damage":0,"enemies":"Centurion and Healer","floor":27,"turns":4},{"damage":0,"enemies":"3 Cultists","floor":28,"turns":1},{"damage":45,"enemies":"Snake Plant","floor":29,"turns":10},{"damage":37,"enemies":"Centurion and Healer","floor":31,"turns":8},{"damage":81,"enemies":"Automaton","floor":33,"turns":12},{"damage":7,"enemies":"3 Shapes","floor":35,"turns":5},{"damage":30,"enemies":"3 Darklings","floor":37,"turns":6},{"damage":9,"enemies":"Mind Bloom Boss Battle","floor":39,"turns":8},{"damage":0,"enemies":"Giant Head","floor":40,"turns":6},{"damage":47,"enemies":"Reptomancer","floor":42,"turns":7},{"damage":19,"enemies":"Nemesis","floor":45,"turns":3},{"damage":0,"enemies":"Giant Head","floor":47,"turns":4},{"damage":3,"enemies":"Transient","floor":48,"turns":4},{"damage":0,"enemies":"Time Eater","floor":50,"turns":5},{"damage":6,"enemies":"Shield and Spear","floor":54,"turns":3},{"damage":10,"enemies":"The Heart","floor":55,"turns":6}],"seed_played":"-3166771702599912480","potions_obtained":[{"floor":1,"key":"BlessingOfTheForge"},{"floor":4,"key":"BloodPotion"},{"floor":12,"key":"Energy Potion"},{"floor":16,"key":"FearPotion"},{"floor":27,"key":"AttackPotion"},{"floor":35,"key":"HeartOfIron"}],"is_trial":false,"path_per_floor":["M","?","?","M","M","E","$","E","T","R","M","E","M","M","R","B",null,"M","?","?","M","?","E","R","E","T","M","M","M","R","M","R","B",null,"M","?","M","?","?","E","R","E","T","$","E","?","E","M","R","B",null,"R","$","E","B",null],"character_chosen":"IRONCLAD","items_purchased":["Limit Break","Shrug It Off","Apotheosis","Dropkick+1","Bloodletting","Bird Faced Urn","Centennial Puzzle","Shrug It Off","Warcry"],"campfire_rested":0,"item_purchase_floors":[7,7,44,44,44,44,53,53,53],"current_hp_per_floor":[72,54,54,64,71,45,45,36,36,36,70,74,74,74,74,73,74,74,74,67,74,74,84,84,86,86,86,86,88,88,88,88,83,88,90,90,92,92,94,103,103,103,103,103,105,105,107,107,107,107,107,107,107,107,107],"gold":331,"neow_bonus":"THREE_RARE_CARDS","is_daily":false,"chose_seed":false,"campfire_upgraded":8,"win_rate":0.0,"timestamp":1613277186,"path_taken":["M","?","?","?","M","E","$","E","T","R","M","E","M","M","R","BOSS","M","?","?","?","?","E","R","E","T","?","?","M","R","M","R","BOSS","M","?","M","?","?","E","R","E","T","?","E","?","E","M","R","BOSS","R","$","E","BOSS"],"items_purchased_type":["Card","Card","Card","Card","Card","Relic","Relic","Card","Card"],"build_version":"2020-12-18","purchased_purges":3,"victory":true,"max_hp_per_floor":[72,72,72,72,72,72,72,72,72,72,72,74,74,74,74,74,74,74,74,74,74,74,84,84,86,86,86,86,88,88,88,88,88,88,90,90,92,92,94,103,103,103,103,103,105,105,107,107,107,107,107,107,107,107,107],"card_choices":[{"not_picked":["Bludgeon","Berserk"],"picked":"Reaper","floor":0},{"not_picked":["Intimidate","Sever Soul"],"picked":"Feel No Pain","floor":1},{"not_picked":["Anger","Fire Breathing"],"picked":"Inflame","floor":4},{"not_picked":["Twin Strike","Bloodletting"],"picked":"True Grit","floor":5},{"not_picked":["True Grit","Cleave"],"picked":"Inflame","floor":6},{"not_picked":["Double Tap","Wild Strike"],"picked":"Headbutt","floor":8},{"not_picked":["Second Wind","Wild Strike"],"picked":"Clothesline","floor":11},{"not_picked":["Sever Soul","Uppercut","Twin Strike"],"picked":"Singing Bowl","floor":12},{"not_picked":["Havoc","Iron Wave"],"picked":"Burning Pact","floor":13},{"not_picked":["Clash","Hemokinesis"],"picked":"Shockwave","floor":14},{"not_picked":["Juggernaut","Brutality"],"picked":"Limit Break","floor":16},{"not_picked":["Twin Strike","Wild Strike"],"picked":"Sentinel","floor":18},{"not_picked":["Dual Wield","Pommel Strike"],"picked":"Seeing Red+1","floor":21},{"not_picked":["Heavy Blade","Bloodletting"],"picked":"Disarm+1","floor":23},{"not_picked":["Power Through","Iron Wave+1","Pommel Strike"],"picked":"Singing Bowl","floor":25},{"not_picked":["Thunderclap+1","Flex"],"picked":"Wild Strike+1","floor":27},{"not_picked":["Heavy Blade+1","Carnage+1"],"picked":"Demon Form","floor":28},{"not_picked":["True Grit","Power Through","Heavy Blade+1"],"picked":"Singing Bowl","floor":29},{"not_picked":["Second Wind","Headbutt+1"],"picked":"Dark Embrace","floor":31},{"not_picked":["Immolate+1","Feed+1"],"picked":"Demon Form","floor":33},{"not_picked":["Clothesline+1","Reckless Charge+1","Pommel Strike+1"],"picked":"Singing Bowl","floor":35},{"not_picked":["Anger+1","Burning Pact","Armaments+1"],"picked":"Singing Bowl","floor":37},{"not_picked":["Pommel Strike+1","Perfected Strike+1","Bludgeon+1"],"picked":"Singing Bowl","floor":39},{"not_picked":["Juggernaut","Fire Breathing","Heavy Blade+1"],"picked":"Singing Bowl","floor":40},{"not_picked":["Perfected Strike+1","Intimidate+1"],"picked":"Metallicize","floor":42},{"not_picked":["Sword Boomerang+1","Body Slam+1","Cleave+1"],"picked":"Singing Bowl","floor":45},{"not_picked":["Havoc","Clash+1","Bloodletting+1"],"picked":"Singing Bowl","floor":47},{"not_picked":["Cleave+1","Combust"],"picked":"Dropkick+1","floor":48},{"not_picked":["Fire Breathing","Spot Weakness"],"picked":"True Grit+1","floor":54}],"player_experience":2400800,"relics_obtained":[{"floor":6,"key":"Regal Pillow"},{"floor":8,"key":"CeramicFish"},{"floor":9,"key":"Smiling Mask"},{"floor":12,"key":"Singing Bowl"},{"floor":23,"key":"Pear"},{"floor":25,"key":"Vajra"},{"floor":26,"key":"Molten Egg 2"},{"floor":39,"key":"Pocketwatch"},{"floor":40,"key":"Strawberry"},{"floor":42,"key":"Gambling Chip"},{"floor":43,"key":"Oddly Smooth Stone"},{"floor":45,"key":"Bottled Lightning"},{"floor":47,"key":"Toy Ornithopter"},{"floor":54,"key":"Anchor"}],"event_choices":[{"damage_healed":0,"gold_gain":0,"player_choice":"Take Damage","damage_taken":18,"relics_obtained":["Golden Idol"],"max_hp_gain":0,"max_hp_loss":0,"event_name":"Golden Idol","floor":2,"gold_loss":0},{"damage_healed":0,"gold_gain":100,"player_choice":"Pray","damage_taken":0,"max_hp_gain":0,"max_hp_loss":0,"event_name":"Golden Shrine","floor":3,"gold_loss":0},{"damage_healed":0,"gold_gain":0,"player_choice":"Read","damage_taken":0,"max_hp_gain":0,"max_hp_loss":0,"event_name":"The Library","floor":19,"gold_loss":0,"cards_obtained":["Battle Trance"]},{"damage_healed":0,"gold_gain":0,"player_choice":"Damaged","damage_taken":7,"max_hp_gain":0,"max_hp_loss":0,"event_name":"Wheel of Change","floor":20,"gold_loss":0},{"damage_healed":0,"gold_gain":0,"cards_transformed":["Strike_R"],"player_choice":"Transformed","damage_taken":0,"max_hp_gain":0,"max_hp_loss":0,"event_name":"Transmorgrifier","floor":22,"gold_loss":0,"cards_obtained":["Blood for Blood"]},{"damage_healed":0,"gold_gain":0,"player_choice":"Ignored","damage_taken":0,"max_hp_gain":0,"max_hp_loss":0,"event_name":"Tomb of Lord Red Mask","floor":36,"gold_loss":0},{"cards_removed":["Searing Blow"],"damage_healed":0,"gold_gain":0,"player_choice":"Removed Attack","damage_taken":0,"max_hp_gain":0,"max_hp_loss":0,"event_name":"Falling","floor":38,"gold_loss":0},{"damage_healed":0,"gold_gain":0,"player_choice":"Fight","damage_taken":0,"max_hp_gain":0,"max_hp_loss":0,"event_name":"MindBloom","floor":39,"gold_loss":0},{"damage_healed":0,"gold_gain":0,"player_choice":"Ignored","damage_taken":0,"max_hp_gain":0,"max_hp_loss":0,"event_name":"The Moai Head","floor":46,"gold_loss":0}],"is_beta":true,"boss_relics":[{"not_picked":["Empty Cage","Runic Dome"],"picked":"Coffee Dripper"},{"not_picked":["SlaversCollar","Snecko Eye"],"picked":"Pandora\u0027s Box"}],"items_purged_floors":[7,44,53],"is_endless":false,"potions_floor_spawned":[1,4,12,13,16,18,23,27,35,47],"ascension_level":1}}