{"host":"juvwyqk4ifq614bf","time":1613338473,"event":{"mods":["2.2 Compatiblity","Act Like it!","BaseMod","Better Altar","Better Match","Better Sensory Stone","Better Third Choice","Conspire","Downfall","Friendly Minions","GifTheSpireLib","Hubris","Infinite Spire","Lobotomy","Minty Spire (QoL Compilation)","Mirrors Mod","Replay The Spire","StSLib","Stuff the Spire","The Alterego","TheVelvet"],"gold_per_floor":[145,145,145,145,190,280,325,415,415,460,505,505,550,595,595,895,895,940,940,985,1030,354,354,399,399,449,359,404,449,494,539,289,589,589,634,84,134,134,284,374,419,419,494,69,114,114,114,159,159,159],"floor_reached":51,"language":"ENG","playtime":4517,"items_purged":["Regret","infinitespire:Pacifist","Pain"],"score":970,"play_id":"3560c267-30dd-4717-8665-8ab991e00a3a","local_time":"20210214223433","daily_mods":["Cursed Run","Colorless Cards","Midas"],"is_ascension_mode":false,"campfire_choices":[{"floor":12,"key":"REST"},{"floor":15,"key":"REST"},{"floor":23,"key":"REST"},{"floor":25,"key":"REST"},{"floor":42,"key":"REST"},{"floor":47,"key":"REST"},{"floor":49,"key":"REST"}],"circlet_count":0,"master_deck":["alterego_mod:Strike","alterego_mod:Strike+1","alterego_mod:Strike","alterego_mod:Defend","alterego_mod:Impale","alterego_mod:BigMeatyClaws","alterego_mod:BrynhildrsRune","alterego_mod:Complex","Dash","alterego_mod:PresenceConcealment","Replay:Bootleg Shield Generator","alterego_mod:DiscoLights","hubris:Compulsion","StuffTheSpire:PlasmaPulse","alterego_mod:Cushion","Madness","Purity","alterego_mod:Valkyrie","alterego_mod:Bunnysuit","alterego_mod:Rip","alterego_mod:MagicResistance+1","alterego_mod:BeGentle+1","alterego_mod:1TonWallop","Decay","Bandage Up+1","alterego_mod:Pet+1","alterego_mod:SakuraPetals+1","GremboGang","Languid","alterego_mod:ClassAdvantage","alterego_mod:Punishment+1","alterego_mod:Support+1","alterego_mod:Cooking+1","alterego_mod:Jiggle+1","alterego_mod:Birthday+1","alterego_mod:DiscoLights+1","Parasite","Specialist+1","StuffTheSpire:CuriosityCurse","hubris:Disease"],"relics":["Cursed Key","Darkstone Periapt","Du-Vu Doll","StuffTheSpire:RedRose","Centennial Puzzle","Replay:Rubber Ducky","Iron Hammer","Kunai","Philosopher\u0027s Stone","Ring of Misfortune","Onion Ring","StuffTheSpire:MayFlowers","StuffTheSpire:Barrel","Astrolabe","Happy Flower","Lantern","Toolbox","infinitespire:Joker Card","Meat on the Bone","infinitespire:Bottled Soul","StuffTheSpire:BottledEssence","bronze:BronzeIdol","hubris:MysteriousPyramids"],"acts_visited":["Exordium","TheCity","TheBeyond"],"potions_floor_usage":[6,8,20,30,30,30,31,31,39,50,50],"damage_taken":[{"damage":3,"enemies":"2 Louse","floor":1,"turns":3},{"damage":3,"enemies":"Cultist","floor":5,"turns":3},{"damage":10,"enemies":"3 Sentries","floor":6,"turns":6},{"damage":5,"enemies":"Small Slimes","floor":7,"turns":4},{"damage":0,"enemies":"Gremlin Nob","floor":8,"turns":3},{"damage":6,"enemies":"Red Slaver","floor":10,"turns":5},{"damage":3,"enemies":"Looter","floor":11,"turns":2},{"damage":5,"enemies":"Large Slime","floor":13,"turns":4},{"damage":2,"enemies":"Exordium Wildlife","floor":14,"turns":4},{"damage":7,"enemies":"Hexaghost","floor":16,"turns":10},{"damage":3,"enemies":"3 Byrds","floor":18,"turns":5},{"damage":0,"enemies":"conspire:FuzzyDice","floor":20,"turns":7},{"damage":9,"enemies":"Snake Plant","floor":21,"turns":4},{"damage":3,"enemies":"conspire:HollyBat","floor":24,"turns":7},{"damage":0,"enemies":"Cultist and Chosen","floor":28,"turns":4},{"damage":18,"enemies":"3 Cultists","floor":29,"turns":4},{"damage":11,"enemies":"Shelled Parasite and Fungi","floor":30,"turns":5},{"damage":0,"enemies":"Centurion and Healer","floor":31,"turns":6},{"damage":0,"enemies":"conspire:MysteriousRune","floor":33,"turns":8},{"damage":23,"enemies":"3 Darklings","floor":35,"turns":5},{"damage":0,"enemies":"Orb Walker","floor":37,"turns":3},{"damage":15,"enemies":"2 Orb Walkers","floor":39,"turns":6},{"damage":0,"enemies":"Giant Head","floor":40,"turns":8},{"damage":14,"enemies":"Writhing Mass","floor":41,"turns":6},{"damage":4,"enemies":"4 Shapes","floor":45,"turns":3},{"damage":9,"enemies":"Jaw Worm Horde","floor":48,"turns":5},{"damage":22,"enemies":"infinitespire:MassOfShapes","floor":50,"turns":15}],"seed_played":"-463004689936713651","potions_obtained":[{"floor":1,"key":"bronze:BurnAndBuffPotion"},{"floor":5,"key":"PowerPotion"},{"floor":11,"key":"EntropicBrew"},{"floor":13,"key":"Elixir"},{"floor":18,"key":"Fire Potion"},{"floor":28,"key":"Venom Potion"},{"floor":29,"key":"Strength Potion"},{"floor":35,"key":"EssenceOfSteel"},{"floor":40,"key":"Slimebound:ThreeZeroPotion"},{"floor":48,"key":"ColorlessPotion"}],"is_trial":false,"path_per_floor":["M","?","$","?","M","E","M","E","T","M","M","R","M","M","R","B",null,"M","?","M","M","$","R","M","R","T","?","M","M","M","M","R","B",null,"M","$","M","?","?","E","M","R","T","$","M","?","R","M","R","B",null],"character_chosen":"The_Alterego","items_purchased":["Onion Ring","StuffTheSpire:MayFlowers","alterego_mod:BeGentle+1","Happy Flower","Lantern","Toolbox","StuffTheSpire:BottledEssence","bronze:BronzeIdol"],"campfire_rested":7,"item_purchase_floors":[22,22,22,36,36,36,44,44],"current_hp_per_floor":[70,76,76,59,56,46,55,55,61,62,59,82,82,80,82,81,88,85,85,85,83,83,88,88,88,94,94,94,87,82,94,94,100,100,100,100,100,100,99,100,106,106,112,112,108,114,118,118,118,124],"gold":159,"neow_bonus":"","is_daily":true,"chose_seed":false,"campfire_upgraded":0,"win_rate":0.0,"timestamp":1613338473,"path_taken":["M","?","$","?","M","E","M","E","T","M","M","R","M","M","R","BOSS","M","?","M","M","$","R","M","R","T","?","M","M","?","M","R","BOSS","M","$","M","?","?","E","M","R","T","?","M","?","R","M","R","BOSS"],"items_purchased_type":["Relic","Relic","Card","Relic","Card","Relic","Relic","Relic"],"build_version":"2020-12-22","purchased_purges":3,"victory":true,"max_hp_per_floor":[70,76,76,76,76,76,76,76,82,82,82,82,82,82,82,88,88,88,88,88,88,88,88,88,88,94,94,94,94,94,94,94,100,100,100,100,100,100,100,100,106,106,112,112,112,118,118,118,118,124],"card_choices":[{"not_picked":["Panacea","alterego_mod:Belts"],"picked":"alterego_mod:Complex","floor":1},{"not_picked":["alterego_mod:Clap","alterego_mod:Support","Enlightenment"],"picked":"SKIP","floor":5},{"not_picked":["alterego_mod:Table","alterego_mod:PerceptionDisorder"],"picked":"alterego_mod:PresenceConcealment","floor":6},{"not_picked":["alterego_mod:Bunnysuit","Trip"],"picked":"Replay:Bootleg Shield Generator","floor":7},{"not_picked":["alterego_mod:Undulate","alterego_mod:MagicResistance"],"picked":"alterego_mod:DiscoLights","floor":8},{"not_picked":["alterego_mod:Jiggle","alterego_mod:HighServant"],"picked":"StuffTheSpire:PlasmaPulse","floor":10},{"not_picked":["alterego_mod:1TonWallop","alterego_mod:Antipathy"],"picked":"alterego_mod:Cushion","floor":11},{"not_picked":["alterego_mod:Clones","Jack Of All Trades"],"picked":"Madness","floor":13},{"not_picked":["alterego_mod:Maid","alterego_mod:Undulate"],"picked":"Purity","floor":14},{"not_picked":["Replay:Dark Deal","alterego_mod:TrickOrTreatment"],"picked":"alterego_mod:Valkyrie","floor":16},{"not_picked":["alterego_mod:Clap","alterego_mod:Jiggle"],"picked":"alterego_mod:Bunnysuit","floor":18},{"not_picked":["Specialist","Good Instincts"],"picked":"alterego_mod:Rip","floor":20},{"not_picked":["alterego_mod:BoobPocket","Deep Breath"],"picked":"alterego_mod:MagicResistance+1","floor":21},{"not_picked":["alterego_mod:Complex","alterego_mod:Bunnysuit"],"picked":"alterego_mod:1TonWallop","floor":24},{"not_picked":["alterego_mod:1TonWallop","alterego_mod:Bounce"],"picked":"Bandage Up+1","floor":28},{"not_picked":["hubris:Insight","alterego_mod:Skirt"],"picked":"alterego_mod:Pet+1","floor":29},{"not_picked":["alterego_mod:TrashNCrash","alterego_mod:Bounce","hubris:Insight"],"picked":"SKIP","floor":30},{"not_picked":["alterego_mod:DiscoLights","alterego_mod:Clap"],"picked":"alterego_mod:SakuraPetals+1","floor":31},{"not_picked":["alterego_mod:Alter","StuffTheSpire:Recharge"],"picked":"alterego_mod:ClassAdvantage","floor":33},{"not_picked":["alterego_mod:MagicResistance","alterego_mod:DiscoLights+1"],"picked":"alterego_mod:Cooking+1","floor":35},{"not_picked":["alterego_mod:Lingerie","alterego_mod:Pet"],"picked":"alterego_mod:Jiggle+1","floor":37},{"not_picked":["alterego_mod:BustOut+1","alterego_mod:Maid+1"],"picked":"alterego_mod:Birthday+1","floor":39},{"not_picked":["alterego_mod:SakuraLabyrinth+1","Trip+1"],"picked":"alterego_mod:DiscoLights+1","floor":40},{"not_picked":["Crow Ritual","alterego_mod:Jiggle+1"],"picked":"Specialist+1","floor":41},{"not_picked":["Panacea+1","alterego_mod:Maid+1","alterego_mod:DiscoLights"],"picked":"SKIP","floor":45},{"not_picked":["alterego_mod:BiFurious","alterego_mod:SideboobHour","alterego_mod:DeftHands"],"picked":"SKIP","floor":48}],"player_experience":267884,"relics_obtained":[{"floor":6,"key":"Replay:Rubber Ducky"},{"floor":8,"key":"Iron Hammer"},{"floor":9,"key":"Kunai"},{"floor":19,"key":"Ring of Misfortune"},{"floor":26,"key":"StuffTheSpire:Barrel"},{"floor":39,"key":"infinitespire:Joker Card"},{"floor":40,"key":"Meat on the Bone"},{"floor":43,"key":"infinitespire:Bottled Soul"}],"event_choices":[{"cards_removed":["alterego_mod:Strike"],"damage_healed":0,"gold_gain":0,"player_choice":"Upgrade and Remove","damage_taken":0,"max_hp_gain":0,"max_hp_loss":0,"event_name":"Designer","floor":27,"gold_loss":90,"cards_upgraded":["alterego_mod:Strike"]},{"damage_healed":0,"gold_gain":0,"player_choice":"Leave","damage_taken":0,"max_hp_gain":0,"max_hp_loss":0,"event_name":"conspire:Investor","floor":38,"gold_loss":0},{"damage_healed":0,"gold_gain":0,"player_choice":"Fight","damage_taken":0,"max_hp_gain":0,"max_hp_loss":0,"event_name":"Mysterious Sphere","floor":39,"gold_loss":0}],"is_beta":false,"boss_relics":[{"not_picked":["Runic Pyramid","hubris:TerracottaHorce"],"picked":"Philosopher\u0027s Stone"},{"not_picked":["Snecko Heart","StuffTheSpire:Kangaroo"],"picked":"Astrolabe"}],"items_purged_floors":[22,36,44],"is_endless":false,"potions_floor_spawned":[1,5,11,13,18,28,29,35,40,48],"ascension_level":0}}