{"host":"r0ye8pdzuq6zwfvs","time":1613296831,"event":{"mods":["AchievementEnabler","BaseMod","BetterRewards","CapriCore","Card Forge","Colored Map","Colored Powertips","Custom Start","DeckTracker","Luminous","Minty Spire (QoL Compilation)","Permanent Neow","Prisma Mod","Quick Restart","Relic Stats","Shop Mod","StSLib","SuperFastMode","Swap Starting Deck Mod","The Alterego","The Immortal","Uncapped"],"gold_per_floor":[111,111,111,111,430,455,455,455,478,510,528,547,562,579,579,674,674,685,702,722,722,732,766,766,801,801,814,844,844,860,873,873,973,973,985,1003,1018,1018,1030,1056,1068,1101,1101,1101,1132,1150,1160,1177,1177,1177,1177,1177,1177,1212,1212],"floor_reached":56,"language":"ENG","playtime":490,"items_purged":[],"score":1988,"play_id":"874c5747-5b54-4f29-b083-016f67440518","local_time":"20210214030031","is_ascension_mode":true,"campfire_choices":[{"floor":7,"key":"RECALL"},{"floor":15,"key":"REST"},{"floor":24,"key":"REST"},{"floor":32,"key":"REST"},{"floor":49,"key":"REST"},{"floor":52,"key":"REST"}],"circlet_count":24,"master_deck":["MokouMod:Extinguish+1"],"relics":["MokouMod:PhoenixFeather","Hammer of Thor","Seething Fire","Anvil of the Gods","Mango","Old Coin","Pocketwatch","Toy Ornithopter","Thread and Needle","Bottled Lightning","Unceasing Top","Turnip","Incense Burner","Torii","WingedGreaves","Runic Pyramid","StoneCalendar","CaptainsWheel","Circlet","Whetstone","Vajra","Gremlin Horn","War Paint","Black Star","The Courier","Dream Catcher","Lantern","Kunai","Strawberry","Nunchaku"],"acts_visited":["Exordium","TheCity","TheBeyond","TheEnding"],"potions_floor_usage":[14],"damage_taken":[{"damage":0,"enemies":"2 Louse","floor":1,"turns":1},{"damage":0,"enemies":"Jaw Worm","floor":5,"turns":1},{"damage":0,"enemies":"Lagavulin","floor":6,"turns":1},{"damage":0,"enemies":"Gremlin Nob","floor":10,"turns":1},{"damage":0,"enemies":"Cultist","floor":11,"turns":1},{"damage":0,"enemies":"3 Louse","floor":12,"turns":1},{"damage":0,"enemies":"2 Fungi Beasts","floor":13,"turns":1},{"damage":0,"enemies":"Gremlin Gang","floor":14,"turns":1},{"damage":0,"enemies":"Hexaghost","floor":16,"turns":1},{"damage":0,"enemies":"3 Byrds","floor":18,"turns":1},{"damage":0,"enemies":"Chosen","floor":19,"turns":1},{"damage":0,"enemies":"Sentry and Sphere","floor":20,"turns":1},{"damage":0,"enemies":"3 Cultists","floor":22,"turns":1},{"damage":0,"enemies":"Gremlin Leader","floor":23,"turns":1},{"damage":0,"enemies":"Book of Stabbing","floor":25,"turns":1},{"damage":0,"enemies":"Chosen and Byrds","floor":27,"turns":1},{"damage":0,"enemies":"Slavers","floor":28,"turns":1},{"damage":0,"enemies":"Shelled Parasite and Fungi","floor":30,"turns":1},{"damage":0,"enemies":"Snake Plant","floor":31,"turns":1},{"damage":0,"enemies":"Automaton","floor":33,"turns":1},{"damage":0,"enemies":"Orb Walker","floor":35,"turns":1},{"damage":0,"enemies":"3 Darklings","floor":36,"turns":1},{"damage":0,"enemies":"4 Shapes","floor":37,"turns":1},{"damage":0,"enemies":"Writhing Mass","floor":39,"turns":1},{"damage":0,"enemies":"Reptomancer","floor":40,"turns":1},{"damage":0,"enemies":"Sphere and 2 Shapes","floor":41,"turns":1},{"damage":0,"enemies":"Nemesis","floor":42,"turns":1},{"damage":0,"enemies":"Reptomancer","floor":45,"turns":1},{"damage":0,"enemies":"Jaw Worm Horde","floor":46,"turns":1},{"damage":0,"enemies":"4 Shapes","floor":47,"turns":1},{"damage":0,"enemies":"Maw","floor":48,"turns":1},{"damage":0,"enemies":"Time Eater","floor":50,"turns":1},{"damage":0,"enemies":"Shield and Spear","floor":54,"turns":1},{"damage":1,"enemies":"The Heart","floor":55,"turns":1}],"seed_played":"8632294254116347083","potions_obtained":[{"floor":10,"key":"SneckoOil"},{"floor":11,"key":"EntropicBrew"},{"floor":12,"key":"Ancient Potion"},{"floor":20,"key":"Dexterity Potion"}],"is_trial":false,"path_per_floor":["M","?","?","$","M","E","R","$","T","E","M","M","M","M","R","B",null,"M","M","M","$","M","E","R","E","T","M","E","$","M","M","R","B",null,"M","M","M","?","M","E","M","E","T","?","E","M","M","M","R","B",null,"R","$","E","B",null],"character_chosen":"MKU","items_purchased":[],"campfire_rested":5,"item_purchase_floors":[],"current_hp_per_floor":[89,89,89,89,89,89,89,89,89,89,89,89,89,89,89,89,89,89,89,89,89,89,89,89,89,89,89,89,89,89,89,89,89,89,89,89,89,89,89,89,89,89,89,86,86,86,86,86,89,89,89,89,89,96,95],"gold":1212,"neow_bonus":"","is_daily":false,"chose_seed":false,"campfire_upgraded":0,"win_rate":0.0,"timestamp":1613296831,"path_taken":["M","?","?","$","M","E","R","$","T","E","M","M","M","M","R","BOSS","M","?","M","$","M","E","R","E","T","M","E","$","M","M","R","BOSS","M","M","M","?","M","E","M","E","T","?","E","?","M","M","R","BOSS","R","$","E","BOSS"],"items_purchased_type":[],"build_version":"2020-12-22","purchased_purges":0,"victory":true,"max_hp_per_floor":[89,89,89,89,89,89,89,89,89,89,89,89,89,89,89,89,89,89,89,89,89,89,89,89,89,89,89,89,89,89,89,89,89,89,89,89,89,89,89,89,89,89,89,89,89,89,89,89,89,89,89,89,89,96,96],"relic_stats":{"Torii":0,"Gremlin Horn":[11,11],"counters":[35,38],"StoneCalendar":[0],"Whetstone":[],"War Paint":[],"Dream Catcher":2,"Nunchaku":[0],"Turnip":[0],"Black Star":18,"Kunai":[0],"obtain_stats":[{"Lantern":42,"Torii":14,"Gremlin Horn":26,"Vajra":25,"Mango":1,"StoneCalendar":18,"Hammer of Thor":0,"Incense Burner":13,"Whetstone":23,"Old Coin":5,"Dream Catcher":0,"Nunchaku":54,"Strawberry":54,"WingedGreaves":16,"Kunai":45,"Runic Pyramid":17,"Circlet":20,"Thread and Needle":10,"The Courier":40,"Seething Fire":0,"War Paint":28,"CaptainsWheel":19,"Anvil of the Gods":0,"MokouMod:PhoenixFeather":0,"Turnip":12,"Black Star":34,"Bottled Lightning":10,"Toy Ornithopter":6,"Unceasing Top":11,"Pocketwatch":6},{"Lantern":28,"Torii":9,"Gremlin Horn":16,"Vajra":16,"Mango":2,"StoneCalendar":11,"Hammer of Thor":0,"Incense Burner":8,"Whetstone":15,"Old Coin":3,"Dream Catcher":0,"Nunchaku":34,"Strawberry":34,"WingedGreaves":10,"Kunai":29,"Runic Pyramid":10,"Circlet":13,"Thread and Needle":5,"The Courier":26,"Seething Fire":0,"War Paint":18,"CaptainsWheel":12,"Anvil of the Gods":0,"MokouMod:PhoenixFeather":0,"Turnip":7,"Black Star":21,"Bottled Lightning":5,"Toy Ornithopter":4,"Unceasing Top":6,"Pocketwatch":4},{"Lantern":31,"Torii":12,"Gremlin Horn":19,"Vajra":19,"Mango":5,"StoneCalendar":14,"Hammer of Thor":0,"Incense Burner":11,"Whetstone":18,"Old Coin":6,"Dream Catcher":0,"Nunchaku":37,"Strawberry":37,"WingedGreaves":13,"Kunai":32,"Runic Pyramid":13,"Circlet":16,"Thread and Needle":8,"The Courier":29,"Seething Fire":0,"War Paint":21,"CaptainsWheel":15,"Anvil of the Gods":0,"MokouMod:PhoenixFeather":0,"Turnip":10,"Black Star":24,"Bottled Lightning":8,"Toy Ornithopter":7,"Unceasing Top":9,"Pocketwatch":7}],"Toy Ornithopter":0,"Unceasing Top":[0],"Pocketwatch":[0]},"card_choices":[{"not_picked":["MokouMod:Cataclysm","MokouMod:AdaptivePyromancy","MokouMod:IcarusDive"],"picked":"SKIP","floor":1},{"not_picked":["MokouMod:FusionFlare","MokouMod:ScorchingColumn","MokouMod:CrimsonArmoury"],"picked":"SKIP","floor":5},{"not_picked":["MokouMod:Trailblazer","MokouMod:TemporalFireSeal","MokouMod:DanceofFlames"],"picked":"SKIP","floor":6},{"not_picked":["MokouMod:Ember","MokouMod:Wildfire","MokouMod:FujiyamaVolcano"],"picked":"SKIP","floor":10},{"not_picked":["MokouMod:SpontaneousHumanCombustion","MokouMod:CrimsonArmoury","MokouMod:ScorchingColumn"],"picked":"SKIP","floor":11},{"not_picked":["MokouMod:Stoke","MokouMod:FujiyamaVolcano","MokouMod:CrimsonArmoury"],"picked":"SKIP","floor":12},{"not_picked":["MokouMod:BlazingComet","MokouMod:Ember","MokouMod:IndiscriminateIgnition"],"picked":"SKIP","floor":13},{"not_picked":["MokouMod:Firecracker","MokouMod:Ember","MokouMod:AdaptivePyromancy"],"picked":"SKIP","floor":14},{"not_picked":["MokouMod:Ember+1","MokouMod:FlareStarter","MokouMod:BlazingComet"],"picked":"SKIP","floor":18},{"not_picked":["MokouMod:ResonanceReactor+1","MokouMod:ResoluteFlare","MokouMod:IllusoryBattlefield+1"],"picked":"SKIP","floor":19},{"not_picked":["MokouMod:FujiyamaVolcano+1","MokouMod:Burn","MokouMod:DanceofFlames"],"picked":"SKIP","floor":20},{"not_picked":["MokouMod:Scorch+1","MokouMod:Afterburner","MokouMod:FlickeringFlame"],"picked":"SKIP","floor":22},{"not_picked":["MokouMod:FlamingFireTalons","MokouMod:Ember","MokouMod:Refresh"],"picked":"SKIP","floor":23},{"not_picked":["MokouMod:Overheat+1","MokouMod:FusionFlare+1","MokouMod:Sear+1"],"picked":"SKIP","floor":25},{"not_picked":["MokouMod:IndiscriminateIgnition","MokouMod:PhoenixFeathers","MokouMod:FlareStarter+1"],"picked":"SKIP","floor":27},{"not_picked":["MokouMod:TemporalFireSeal+1","MokouMod:Stoke","MokouMod:IgnitionBarrier"],"picked":"SKIP","floor":28},{"not_picked":["MokouMod:FlareStarter+1","MokouMod:PhoenixFeathers","MokouMod:IgnitionBarrier"],"picked":"SKIP","floor":30},{"not_picked":["MokouMod:Afterburner+1","MokouMod:IndiscriminateIgnition","MokouMod:IgnitionBlast"],"picked":"SKIP","floor":31},{"not_picked":["MokouMod:Stoke+1","MokouMod:IgnitionBlast+1","MokouMod:Firecracker"],"picked":"SKIP","floor":35},{"not_picked":["MokouMod:BlazingComet+1","MokouMod:Singe+1","MokouMod:GuidingSmoke"],"picked":"SKIP","floor":36},{"not_picked":["MokouMod:FlickeringFlame+1","MokouMod:ShiftIgnition","MokouMod:Stoke+1"],"picked":"SKIP","floor":37},{"not_picked":["MokouMod:CrimsonFlare","MokouMod:IndiscriminateIgnition","MokouMod:Scorch+1"],"picked":"SKIP","floor":39},{"not_picked":["MokouMod:BlazingComet","MokouMod:RoaringFlare+1","MokouMod:UncontrollableSolarReaction+1"],"picked":"SKIP","floor":40},{"not_picked":["MokouMod:HeatTransfer+1","MokouMod:FusionFlare","MokouMod:BlazingComet"],"picked":"SKIP","floor":41},{"not_picked":["MokouMod:Geothermal","MokouMod:Singe+1","MokouMod:Firecracker"],"picked":"SKIP","floor":42},{"not_picked":["MokouMod:Geothermal","MokouMod:Singe+1","MokouMod:Firecracker"],"picked":"SKIP","floor":42},{"not_picked":["MokouMod:IndiscriminateIgnition","MokouMod:ImperishableFlame","MokouMod:ThermalPressure"],"picked":"SKIP","floor":45},{"not_picked":["MokouMod:TemporalFireSeal","MokouMod:Overheat+1","MokouMod:Ventilation"],"picked":"SKIP","floor":46},{"not_picked":["MokouMod:UncontrollableSolarReaction","MokouMod:FlareStarter+1","MokouMod:FlickeringFlame"],"picked":"SKIP","floor":47},{"not_picked":["MokouMod:IndiscriminateIgnition+1","MokouMod:ResonanceReactor","MokouMod:RoaringFlare+1"],"picked":"SKIP","floor":48},{"not_picked":["MokouMod:Singe+1","MokouMod:Sear+1","MokouMod:CrimsonArmoury+1"],"picked":"SKIP","floor":54}],"player_experience":224438,"relics_obtained":[{"floor":1,"key":"Mango"},{"floor":5,"key":"Old Coin"},{"floor":6,"key":"Pocketwatch"},{"floor":6,"key":"Toy Ornithopter"},{"floor":10,"key":"Thread and Needle"},{"floor":10,"key":"Bottled Lightning"},{"floor":11,"key":"Unceasing Top"},{"floor":12,"key":"Turnip"},{"floor":13,"key":"Incense Burner"},{"floor":14,"key":"Torii"},{"floor":16,"key":"WingedGreaves"},{"floor":18,"key":"StoneCalendar"},{"floor":19,"key":"CaptainsWheel"},{"floor":20,"key":"Circlet"},{"floor":22,"key":"Circlet"},{"floor":23,"key":"Circlet"},{"floor":23,"key":"Whetstone"},{"floor":25,"key":"Circlet"},{"floor":25,"key":"Vajra"},{"floor":26,"key":"Gremlin Horn"},{"floor":27,"key":"Circlet"},{"floor":28,"key":"Circlet"},{"floor":28,"key":"War Paint"},{"floor":30,"key":"Circlet"},{"floor":31,"key":"Circlet"},{"floor":33,"key":"Circlet"},{"floor":35,"key":"Circlet"},{"floor":36,"key":"Circlet"},{"floor":37,"key":"Circlet"},{"floor":39,"key":"Circlet"},{"floor":40,"key":"Circlet"},{"floor":40,"key":"The Courier"},{"floor":40,"key":"Dream Catcher"},{"floor":41,"key":"Circlet"},{"floor":42,"key":"Circlet"},{"floor":42,"key":"Lantern"},{"floor":42,"key":"Circlet"},{"floor":43,"key":"Circlet"},{"floor":45,"key":"Circlet"},{"floor":45,"key":"Kunai"},{"floor":45,"key":"Circlet"},{"floor":46,"key":"Circlet"},{"floor":47,"key":"Circlet"},{"floor":48,"key":"Circlet"},{"floor":54,"key":"Circlet"},{"floor":54,"key":"Strawberry"},{"floor":54,"key":"Nunchaku"}],"event_choices":[{"cards_removed":["MokouMod:Extinguish"],"damage_healed":0,"gold_gain":0,"player_choice":"Forget","damage_taken":0,"max_hp_gain":0,"max_hp_loss":0,"event_name":"Living Wall","floor":2,"gold_loss":0},{"damage_healed":0,"gold_gain":0,"player_choice":"Ignored","damage_taken":0,"max_hp_gain":0,"max_hp_loss":0,"event_name":"Purifier","floor":3,"gold_loss":0},{"damage_healed":0,"gold_gain":0,"player_choice":"Ignored","damage_taken":0,"max_hp_gain":0,"max_hp_loss":0,"event_name":"Falling","floor":38,"gold_loss":0},{"damage_healed":0,"gold_gain":0,"player_choice":"Punched","damage_taken":3,"max_hp_gain":0,"max_hp_loss":0,"event_name":"Designer","floor":44,"gold_loss":0}],"is_beta":false,"boss_relics":[{"not_picked":["Empty Cage","Ectoplasm"],"picked":"Runic Pyramid"},{"not_picked":["Snecko Eye","Astrolabe"],"picked":"Black Star"}],"items_purged_floors":[],"is_endless":false,"potions_floor_spawned":[10,11,12,14,20,22,23,28,31,39,40,41,45,46,47],"ascension_level":1}}