{"host":"a5lz0e76zb3fcwkm","time":1613300364,"event":{"mods":["AchievementEnabler","BaseMod","Colored Map","Colored Powertips","Minty Spire (QoL Compilation)","StSLib","SuperFastMode"],"gold_per_floor":[111,129,11,11,23,23,23,23,49,59,59,59,59,79,79,154,154,174,174,89,103,103,128,128,156,156,168,184,184,226,241,241,328,328,349,364,364,1381,650,650,650,675,675,675,675],"floor_reached":44,"language":"KOR","playtime":1760,"items_purged":["Defend_B","Normality"],"score":1043,"play_id":"c3d6d3b0-e860-458e-9258-abfa1c19755e","local_time":"20210214195924","is_ascension_mode":true,"campfire_choices":[{"data":"Seek","floor":6.0,"key":"SMITH"},{"data":"Dualcast","floor":8.0,"key":"SMITH"},{"data":"Zap","floor":11.0,"key":"SMITH"},{"data":"Defragment","floor":15.0,"key":"SMITH"},{"floor":24.0,"key":"REST"},{"data":"Coolheaded","floor":32.0,"key":"SMITH"},{"data":"Defragment","floor":40.0,"key":"SMITH"}],"circlet_count":0,"master_deck":["AscendersBane","Zap+1","Dualcast+1","Chill","Undo","Conserve Battery","Seek+1","Ball Lightning+1","Defragment+1","Coolheaded+1","Compile Driver","Reinforced Body+1","Turbo","Core Surge+1","Echo Form","Defragment+1","Normality"],"relics":["Cracked Core","Anchor","Cursed Key","Potion Belt","Blood Vial","HornCleat","CeramicFish","Runic Pyramid","Runic Capacitor","Lantern","Whetstone","Orichalcum"],"acts_visited":["Exordium","TheCity","TheBeyond"],"potions_floor_usage":[],"damage_taken":[{"damage":0.0,"enemies":"2 Louse","floor":1.0,"turns":4.0},{"damage":7.0,"enemies":"Cultist","floor":2.0,"turns":4.0},{"damage":1.0,"enemies":"Small Slimes","floor":5.0,"turns":5.0},{"damage":0.0,"enemies":"2 Fungi Beasts","floor":10.0,"turns":4.0},{"damage":0.0,"enemies":"Looter","floor":14.0,"turns":3.0},{"damage":15.0,"enemies":"The Guardian","floor":16.0,"turns":9.0},{"damage":0.0,"enemies":"Shell Parasite","floor":18.0,"turns":4.0},{"damage":0.0,"enemies":"2 Thieves","floor":21.0,"turns":3.0},{"damage":16.0,"enemies":"Slavers","floor":23.0,"turns":7.0},{"damage":5.0,"enemies":"Book of Stabbing","floor":25.0,"turns":6.0},{"damage":0.0,"enemies":"Centurion and Healer","floor":27.0,"turns":5.0},{"damage":0.0,"enemies":"Snake Plant","floor":28.0,"turns":3.0},{"damage":0.0,"enemies":"Gremlin Leader","floor":30.0,"turns":6.0},{"damage":0.0,"enemies":"Shelled Parasite and Fungi","floor":31.0,"turns":5.0},{"damage":28.0,"enemies":"Collector","floor":33.0,"turns":9.0},{"damage":0.0,"enemies":"3 Darklings","floor":35.0,"turns":4.0},{"damage":0.0,"enemies":"Orb Walker","floor":36.0,"turns":4.0},{"damage":35.0,"enemies":"Giant Head","floor":42.0,"turns":10.0},{"damage":37,"enemies":"4 Shapes","floor":44,"turns":3}],"seed_played":"1980307263911357195","potions_obtained":[{"floor":2.0,"key":"BlessingOfTheForge"},{"floor":14.0,"key":"SkillPotion"},{"floor":18.0,"key":"GamblersBrew"},{"floor":23.0,"key":"SpeedPotion"},{"floor":25.0,"key":"Swift Potion"},{"floor":31.0,"key":"ColorlessPotion"},{"floor":33.0,"key":"SneckoOil"},{"floor":42.0,"key":"PotionOfCapacity"}],"is_trial":false,"path_per_floor":["M","M","$","?","M","R","T","R","T","M","R","?","?","M","R","B",null,"M","?","?","M","?","E","R","E","T","M","M","?","E","M","R","B",null,"M","M","?","?","$","R","?","E","T","M"],"character_chosen":"DEFECT","items_purchased":["Undo","Runic Capacitor","Lantern","Whetstone","Ancient Potion","Swift Potion"],"campfire_rested":1,"item_purchase_floors":[3,39,39,39,39,39],"current_hp_per_floor":[46,39,39,39,38,38,38,38,38,38,38,38,31,31,31,16,57,57,57,57,57,57,41,62,59,59,61,63,43,45,47,47,21,62,64,66,66,66,66,66,66,33,33,0,0],"gold":675,"neow_bonus":"REMOVE_TWO","is_daily":false,"chose_seed":false,"campfire_upgraded":6,"win_rate":0.0,"timestamp":1613300364,"path_taken":["M","M","$","?","?","R","?","R","T","M","R","?","?","M","R","BOSS","M","?","?","M","?","E","R","E","T","?","M","?","E","M","R","BOSS","M","M","?","?","$","R","?","E","T","M"],"items_purchased_type":["Card","Relic","Relic","Relic","Potion","Potion"],"build_version":"2020-12-22","purchased_purges":2,"victory":false,"max_hp_per_floor":[71,71,71,71,71,71,71,71,71,71,71,71,71,71,71,71,71,71,71,71,71,71,71,71,71,71,71,71,76,76,76,76,76,76,76,76,76,76,76,76,72,72,72,72,72],"card_choices":[{"not_picked":["Beam Cell","Aggregate","Redo"],"picked":"SKIP","floor":1.0},{"not_picked":["Rip and Tear","Sweeping Beam"],"picked":"Chill","floor":2.0},{"not_picked":["Ball Lightning","Leap"],"picked":"Seek","floor":5.0},{"not_picked":["Tempest","Cold Snap"],"picked":"Ball Lightning","floor":10.0},{"not_picked":["Heatsinks","Reprogram"],"picked":"Coolheaded","floor":14.0},{"not_picked":["Streamline","Ball Lightning"],"picked":"Compile Driver","floor":18.0},{"not_picked":["Streamline","Sunder"],"picked":"Reinforced Body+1","floor":21.0},{"not_picked":["Leap","Turbo","Stack"],"picked":"SKIP","floor":23.0},{"not_picked":["Hyperbeam","Compile Driver"],"picked":"Turbo","floor":25.0},{"not_picked":["Aggregate","Beam Cell","Sweeping Beam"],"picked":"SKIP","floor":27.0},{"not_picked":["Go for the Eyes","Chaos","Gash+1"],"picked":"SKIP","floor":28.0},{"not_picked":["Rebound+1","Chill"],"picked":"Core Surge","floor":30.0},{"not_picked":["Ball Lightning","Genetic Algorithm","Hologram"],"picked":"SKIP","floor":31.0},{"not_picked":["Creative AI","Amplify"],"picked":"Echo Form","floor":33.0},{"not_picked":["Conserve Battery","Tempest"],"picked":"Defragment","floor":35.0},{"not_picked":["Steam","Go for the Eyes+1","Reboot"],"picked":"SKIP","floor":36.0},{"not_picked":["Force Field","Conserve Battery+1","Scrape+1"],"picked":"SKIP","floor":42.0}],"player_experience":1891158,"relics_obtained":[{"floor":7.0,"key":"Anchor"},{"floor":23.0,"key":"Blood Vial"},{"floor":25.0,"key":"HornCleat"},{"floor":30.0,"key":"CeramicFish"},{"floor":42.0,"key":"Orichalcum"}],"event_choices":[{"damage_healed":0.0,"max_hp_gain":0.0,"max_hp_loss":0.0,"gold_gain":0.0,"cards_transformed":["Strike_B"],"event_name":"Transmorgrifier","player_choice":"Transformed","floor":4.0,"gold_loss":0.0,"damage_taken":0.0,"cards_obtained":["Conserve Battery"]},{"damage_healed":0.0,"max_hp_gain":0.0,"max_hp_loss":0.0,"gold_gain":0.0,"cards_transformed":["Defend_B"],"event_name":"Living Wall","player_choice":"Change","floor":12.0,"gold_loss":0.0,"damage_taken":0.0,"cards_obtained":["Defragment"]},{"cards_removed":["Strike_B"],"damage_healed":0.0,"max_hp_gain":0.0,"max_hp_loss":0.0,"gold_gain":0.0,"event_name":"Golden Wing","player_choice":"Card Removal","floor":13.0,"gold_loss":0.0,"damage_taken":7.0},{"cards_removed":["Strike_B"],"damage_healed":0.0,"max_hp_gain":0.0,"max_hp_loss":0.0,"gold_gain":0.0,"event_name":"Back to Basics","player_choice":"Elegance","floor":19.0,"gold_loss":0.0,"damage_taken":0.0},{"damage_healed":0.0,"max_hp_gain":0.0,"max_hp_loss":0.0,"gold_gain":0.0,"event_name":"Addict","player_choice":"Obtained Relic","floor":20.0,"gold_loss":85.0,"damage_taken":0.0,"relics_obtained":["Potion Belt"]},{"cards_removed":["Defend_B"],"damage_healed":0.0,"max_hp_gain":0.0,"max_hp_loss":0.0,"gold_gain":0.0,"event_name":"Purifier","player_choice":"Purged","floor":22.0,"gold_loss":0.0,"damage_taken":0.0},{"damage_healed":0.0,"max_hp_gain":5.0,"max_hp_loss":0.0,"gold_gain":0.0,"event_name":"Forgotten Altar","player_choice":"Shed Blood","floor":29.0,"gold_loss":0.0,"damage_taken":25.0},{"damage_healed":0.0,"max_hp_gain":0.0,"max_hp_loss":0.0,"gold_gain":0.0,"event_name":"Mysterious Sphere","player_choice":"Ignored","floor":37.0,"gold_loss":0.0,"damage_taken":0.0},{"damage_healed":0.0,"max_hp_gain":0.0,"max_hp_loss":0.0,"gold_gain":999.0,"event_name":"MindBloom","player_choice":"Gold","floor":38.0,"gold_loss":0.0,"damage_taken":0.0,"cards_obtained":["Normality","Normality"]},{"damage_healed":0.0,"max_hp_gain":0.0,"max_hp_loss":4.0,"gold_gain":0.0,"event_name":"Winding Halls","player_choice":"Max HP","floor":41.0,"gold_loss":0.0,"damage_taken":0.0}],"is_beta":false,"boss_relics":[{"not_picked":["Snecko Eye","Pandora\u0027s Box"],"picked":"Cursed Key"},{"not_picked":["Calling Bell","SlaversCollar"],"picked":"Runic Pyramid"}],"items_purged_floors":[3,39],"is_endless":false,"potions_floor_spawned":[2,14,18,23,25,31,33,42],"killed_by":"4 Shapes","ascension_level":20}}