{"host":"vex7walpoxzv48nx","time":1613261177,"event":{"mods":["AchievementEnabler","BaseMod","Filter the Spire","Highlight Path","Minty Spire (QoL Compilation)","Permanent Neow","Quick Restart","StSLib","UnlockEverythingMod"],"gold_per_floor":[119,119,130,143,143,143,168,168,168,186,186,5,5,34,34,137,137,152,64,134,134,35,69,69,84,107,127,127,146,160,171,171,267,267,278,278,278],"floor_reached":38,"language":"ENG","playtime":2892,"items_purged":["Pain"],"score":677,"play_id":"8f1bf322-9639-47b1-802f-c01281c270df","local_time":"20210214010617","is_ascension_mode":false,"campfire_choices":[{"data":"Dagger Spray","floor":6.0,"key":"SMITH"},{"data":"Deflect","floor":8.0,"key":"SMITH"},{"data":"Neutralize","floor":11.0,"key":"SMITH"},{"data":"Bouncing Flask","floor":15.0,"key":"SMITH"},{"data":"Well Laid Plans","floor":24,"key":"SMITH"},{"data":"Burst","floor":28,"key":"SMITH"},{"data":"Noxious Fumes","floor":32,"key":"SMITH"}],"circlet_count":0,"master_deck":["Survivor","Neutralize+1","Dagger Spray","Dagger Spray+1","Bouncing Flask+1","Deflect+1","Backstab","Backflip","Burst+1","Well Laid Plans+1","Glass Knife","PiercingWail","Noxious Fumes+1","Deadly Poison","Dodge and Roll","Leg Sweep","Poisoned Stab","Caltrops+1","Acrobatics+1","Terror+1","Corpse Explosion","CurseOfTheBell","Catalyst"],"relics":["Pandora\u0027s Box","Darkstone Periapt","Art of War","Happy Flower","Mercury Hourglass","Sozu","Ornamental Fan","WarpedTongs","CaptainsWheel","Akabeko","Calling Bell","Letter Opener","Omamori","Unceasing Top"],"acts_visited":["Exordium","TheCity","TheBeyond"],"potions_floor_usage":[37,37],"damage_taken":[{"damage":4.0,"enemies":"2 Louse","floor":1.0,"turns":8.0},{"damage":0.0,"enemies":"Jaw Worm","floor":3.0,"turns":5.0},{"damage":0.0,"enemies":"Small Slimes","floor":4.0,"turns":2.0},{"damage":14.0,"enemies":"Lagavulin","floor":7.0,"turns":4.0},{"damage":0.0,"enemies":"Exordium Wildlife","floor":10.0,"turns":2.0},{"damage":0.0,"enemies":"3 Sentries","floor":14.0,"turns":2.0},{"damage":0.0,"enemies":"Hexaghost","floor":16.0,"turns":6.0},{"damage":0.0,"enemies":"3 Byrds","floor":18.0,"turns":3.0},{"damage":3,"enemies":"Slavers","floor":23,"turns":3},{"damage":6,"enemies":"Spheric Guardian","floor":25,"turns":4},{"damage":7,"enemies":"Snecko","floor":27,"turns":4},{"damage":0,"enemies":"Shelled Parasite and Fungi","floor":29,"turns":3},{"damage":8,"enemies":"Centurion and Healer","floor":30,"turns":5},{"damage":1,"enemies":"Snake Plant","floor":31,"turns":3},{"damage":17,"enemies":"Automaton","floor":33,"turns":8},{"damage":3,"enemies":"Orb Walker","floor":35,"turns":2},{"damage":72,"enemies":"Donu and Deca","floor":37,"turns":7}],"seed_played":"-8374432888181242468","potions_obtained":[{"floor":1.0,"key":"Poison Potion"},{"floor":3.0,"key":"Ancient Potion"},{"floor":7.0,"key":"AttackPotion"},{"floor":14.0,"key":"LiquidBronze"}],"is_trial":false,"path_per_floor":["M","?","M","M","?","R","E","R","T","M","R","$","?","E","R","B",null,"M","$","T","?","$","E","R","M","T","M","R","M","M","M","R","B",null,"M","?","B",null],"character_chosen":"THE_SILENT","items_purchased":["Backflip","Happy Flower","Noxious Fumes","Deadly Poison","Dodge and Roll"],"campfire_rested":0,"item_purchase_floors":[12,12,19,19,22],"current_hp_per_floor":[66,66,66,66,66,66,52,52,52,52,52,52,52,52,52,52,70,70,70,70,76,76,73,73,67,67,60,60,60,52,51,51,34,82,79,79,7],"gold":278,"neow_bonus":"BOSS_RELIC","is_daily":false,"chose_seed":false,"campfire_upgraded":7,"win_rate":0.0,"timestamp":1613261177,"path_taken":["M","?","M","M","?","R","E","R","T","M","R","$","?","E","R","BOSS","M","$","?","?","$","E","R","M","T","M","R","M","M","M","R","BOSS","M","?","BOSS"],"items_purchased_type":["Card","Relic","Card","Card","Card"],"build_version":"2020-12-22","purchased_purges":1,"victory":true,"max_hp_per_floor":[70,70,70,70,70,70,70,70,70,70,70,70,70,70,70,70,70,70,70,70,76,76,76,76,76,76,76,76,76,76,76,76,76,82,82,82,82],"card_choices":[{"not_picked":["Calculated Gamble","Well Laid Plans"],"picked":"Dagger Spray","floor":1.0},{"not_picked":["Dagger Throw","PiercingWail"],"picked":"Dagger Spray","floor":3.0},{"not_picked":["Cloak And Dagger","Footwork"],"picked":"Bouncing Flask","floor":4.0},{"not_picked":["Concentrate","Storm of Steel"],"picked":"Deflect","floor":7.0},{"not_picked":["Flying Knee","Setup"],"picked":"Backstab","floor":10.0},{"not_picked":["Sucker Punch","Blur"],"picked":"Well Laid Plans","floor":14.0},{"not_picked":["A Thousand Cuts","Burst"],"picked":"Glass Knife","floor":16.0},{"not_picked":["Acrobatics","Flying Knee"],"picked":"PiercingWail","floor":18.0},{"not_picked":["Dodge and Roll+1","Cloak And Dagger+1"],"picked":"Leg Sweep","floor":23},{"not_picked":["Bane","Outmaneuver"],"picked":"Poisoned Stab","floor":25},{"not_picked":["Setup","Skewer+1"],"picked":"Caltrops+1","floor":27},{"not_picked":["Storm of Steel","Reflex+1"],"picked":"Acrobatics+1","floor":29},{"not_picked":["Dagger Throw","All Out Attack+1"],"picked":"Terror+1","floor":30},{"not_picked":["Deadly Poison","Dagger Throw","Outmaneuver"],"picked":"SKIP","floor":31},{"not_picked":["Tools of the Trade","Malaise"],"picked":"Corpse Explosion","floor":33},{"not_picked":["Crippling Poison","Choke"],"picked":"Catalyst","floor":35}],"player_experience":183557,"relics_obtained":[{"floor":7.0,"key":"Darkstone Periapt"},{"floor":9.0,"key":"Art of War"},{"floor":14.0,"key":"Mercury Hourglass"},{"floor":20.0,"key":"Ornamental Fan"},{"floor":23,"key":"CaptainsWheel"},{"floor":26,"key":"Akabeko"},{"floor":34,"key":"Letter Opener"},{"floor":34,"key":"Omamori"},{"floor":34,"key":"Unceasing Top"}],"event_choices":[{"damage_healed":0.0,"max_hp_gain":0.0,"max_hp_loss":0.0,"gold_gain":0.0,"event_name":"The Cleric","player_choice":"Leave","floor":2.0,"gold_loss":0.0,"damage_taken":0.0},{"damage_healed":0.0,"max_hp_gain":0.0,"max_hp_loss":0.0,"gold_gain":0.0,"event_name":"Golden Wing","player_choice":"Ignored","floor":5.0,"gold_loss":0.0,"damage_taken":0.0},{"damage_healed":0.0,"max_hp_gain":0.0,"max_hp_loss":0.0,"gold_gain":0.0,"event_name":"Match and Keep!","player_choice":"1 cards matched","floor":13.0,"gold_loss":0.0,"damage_taken":0.0,"cards_obtained":["Burst"]},{"damage_healed":0.0,"max_hp_gain":0.0,"max_hp_loss":0.0,"gold_gain":0.0,"event_name":"Accursed Blacksmith","player_choice":"Rummage","floor":21.0,"gold_loss":0.0,"damage_taken":0.0,"relics_obtained":["WarpedTongs"],"cards_obtained":["Pain"]},{"damage_healed":0,"gold_gain":0,"player_choice":"Took Portal","damage_taken":0,"max_hp_gain":0,"max_hp_loss":0,"event_name":"SecretPortal","floor":36,"gold_loss":0}],"is_beta":false,"boss_relics":[{"not_picked":["Philosopher\u0027s Stone","Empty Cage"],"picked":"Sozu"},{"not_picked":["Cursed Key","Black Star"],"picked":"Calling Bell"}],"items_purged_floors":[22],"is_endless":false,"potions_floor_spawned":[1,3,7,14,18,23,25,31],"ascension_level":0}}