{"host":"hl3ams4am2ku5u4p","time":1613324761,"event":{"mods":["AchievementEnabler","Act Like it!","Aspiration","BaseMod","Beaked The Cultist","BetterRewards","CatGirl Mod","Colored Map","Colored Powertips","Conspire","Downfall","Energized Spire","Halation","Hallownest","HornydragonMod","Hubris","Infinite Spire","Jedi Mod","Mad Scientist","Magitek Elite","Minty Spire (QoL Compilation)","READ ME - Guardian Mod","Replay The Spire","Spikes Relics","StSLib","SuperFastMode","The Blackbeard","The Bug Knight","The Construct","The Disciple","The Jungle","The Mystic","The Necromancer","The Senshi"],"gold_per_floor":[17,115,130,40,40,40,40,58,87,99,99,33,33,0,16,115,115,115,131,149,299,338,338,338,349,349,60,60,60,100,114,124,223,223,223,239,239,249,265,265,265,265,278,278,288,288,288,288,301,301,301,301],"floor_reached":50,"language":"FRA","playtime":3528,"items_purged":["BlessedFruit"],"score":494,"play_id":"f55d824c-674c-467c-a64e-86a02e11fe10","local_time":"20210214184601","is_ascension_mode":false,"campfire_choices":[{"data":"bronze:Boost","floor":1,"key":"SMITH"},{"floor":13,"key":"REST"},{"data":"bronze:Invalidate","floor":18,"key":"SMITH"},{"floor":26,"key":"REST"},{"floor":29,"key":"REST"},{"data":"bronze:SpaghettiCode","floor":35,"key":"SMITH"},{"data":"bronze:Verify","floor":40,"key":"SMITH"},{"data":"BlessedFruit","floor":42,"key":"SMITH"},{"floor":44,"key":"REST"},{"data":"bronze:DigitalCarnage","floor":46,"key":"SMITH"}],"circlet_count":0,"master_deck":["bronze:Strike","bronze:Strike","bronze:Strike","bronze:Strike","bronze:Replicate","bronze:Goto","bronze:ChosenStrike","bronze:ClassDefault","bronze:Boost+1","bronze:BronzeOrb","bronze:Fortify","Hallownest:skillSlugHide+1","Hallownest:skillSlugHide+1","Hallownest:skillSlugHide+1","Hallownest:skillSlugHide+1","Hallownest:skillSlugHide+1","bronze:WhirlingStrike","bronze:Overheat","bronze:Iterate","bronze:Invalidate+1","bronze:Verify+1","BlessedFruit+1","bronze:ChildClass+1","bronze:DigitalCarnage+1","bronze:Optimize+1","bronze:Frontload+1","bronze:SpaghettiCode+1"],"relics":["bronze:BronzeCore","LugNut","Hallownest:DreamNailRelic","hubris:SphereOfDissonance","Replay:Bottled Eggs","MealTicket","energizedSpire:NeverEndingSparkler","HeavenlyBonsai","Hallownest:NailmastersGloryRelic","ShockBauble","Vajra","Bottled Flame"],"acts_visited":["Exordium","Hallownest:Greenpath","Hallownest:CityofTears"],"potions_floor_usage":[16,22,25,27,33,33,33,33,50,50],"damage_taken":[{"damage":2,"enemies":"Hallownest:monsterHuskGuard","floor":2,"turns":4},{"damage":9,"enemies":"Hallownest:2_Baldur","floor":3,"turns":5},{"damage":0,"enemies":"downfall:FleeingMerchant","floor":4,"turns":4},{"damage":0,"enemies":"Hallownest:2_MossCreeps","floor":8,"turns":4},{"damage":12,"enemies":"Hallownest:eliteCrystalGuardian","floor":9,"turns":5},{"damage":0,"enemies":"Hallownest:monsterMossCharger","floor":10,"turns":3},{"damage":1,"enemies":"downfall:FleeingMerchant","floor":12,"turns":4},{"damage":1,"enemies":"Hallownest:Guard_and_Warrior","floor":15,"turns":3},{"damage":39,"enemies":"IC_STATUS_ARCHETYPE","floor":16,"turns":8},{"damage":0,"enemies":"Hallownest:2_Mistakes","floor":19,"turns":5},{"damage":0,"enemies":"Hallownest:Flukemon_and_Top","floor":20,"turns":4},{"damage":26,"enemies":"conspire:MimicChest","floor":22,"turns":7},{"damage":38,"enemies":"Hallownest:2_Flukemon","floor":25,"turns":6},{"damage":0,"enemies":"downfall:FleeingMerchant","floor":27,"turns":4},{"damage":0,"enemies":"Hallownest:Glutton_and_Coward","floor":30,"turns":3},{"damage":0,"enemies":"Hallownest:monsterShrumalOgre","floor":31,"turns":1},{"damage":0,"enemies":"Hallownest:3_Mistakes","floor":32,"turns":4},{"damage":25,"enemies":"DF_ARCHETYPE_CLAW","floor":33,"turns":7},{"damage":1,"enemies":"Hallownest:Shield_Heavy","floor":36,"turns":3},{"damage":3,"enemies":"Hallownest:3_Siblings","floor":38,"turns":5},{"damage":11,"enemies":"Hallownest:Shield_Sturdy","floor":39,"turns":3},{"damage":12,"enemies":"Hallownest:Slobbering_and_Violent","floor":43,"turns":6},{"damage":0,"enemies":"Hallownest:Xero_Hu_Marmu","floor":45,"turns":2},{"damage":0,"enemies":"Hallownest:Shield_Sturdy","floor":49,"turns":7},{"damage":120,"enemies":"WA_ARCHETYPE_DIVINITY","floor":50,"turns":9}],"seed_played":"1379788720020396201","potions_obtained":[{"floor":2,"key":"LiquidMemories"},{"floor":3,"key":"Weak Potion"},{"floor":8,"key":"Death Potion"},{"floor":16,"key":"jedi:tentaclejuice"},{"floor":20,"key":"jedi:StrikingPotion"},{"floor":22,"key":"EssenceOfSteel"},{"floor":25,"key":"EntropicBrew"},{"floor":31,"key":"Fire Potion"},{"floor":38,"key":"jedi:wingpotion"},{"floor":45,"key":"SkillPotion"}],"is_trial":false,"path_per_floor":["R","M","M","$","?","?","T","M","E","M","?","$","R","?","M","B",null,"R","M","M","?","?","?","T","M","R","$","?","R","M","M","M","B",null,"R","M","?","M","M","R","T","R","M","R","M","R","?","AVR","M","B"],"character_chosen":"THE_AUTOMATON","items_purchased":["bronze:ChosenStrike","bronze:ClassDefault","LugNut","bronze:Boost","bronze:Fortify","bronze:Invalidate","bronze:Optimize+1","Vajra"],"campfire_rested":4,"item_purchase_floors":[0,0,0,0,4,12,27,27],"current_hp_per_floor":[56,54,45,45,45,45,45,45,33,33,33,32,53,53,52,13,70,70,70,70,70,44,44,44,8,29,45,52,73,73,73,73,48,73,73,72,73,71,60,60,60,60,52,75,79,79,79,79,83,0,0,0],"gold":301,"neow_bonus":"","is_daily":false,"chose_seed":false,"campfire_upgraded":6,"win_rate":0.0,"timestamp":1613324761,"path_taken":["R","M","M","$","?","?","T","?","E","M","?","$","R","?","M","BOSS","R","M","M","?","?","?","T","M","R","$","?","R","M","?","M","BOSS","R","M","?","M","?","R","T","R","M","R","M","R","?","AVR","M","BOSS"],"items_purchased_type":["Card","Card","Relic","Card","Card","Card","Card","Relic"],"build_version":"2020-12-22","purchased_purges":1,"victory":false,"max_hp_per_floor":[70,70,70,70,70,70,70,70,70,70,70,70,70,70,70,70,70,70,70,70,70,70,70,70,72,72,73,73,73,73,73,73,73,73,73,73,73,74,74,74,74,74,78,78,82,82,82,82,86,90,90,90],"card_choices":[{"not_picked":["bronze:CloningBeam","bronze:Frontload","bronze:DelayedGuard"],"picked":"SKIP","floor":2},{"not_picked":["bronze:Backtrace","bronze:BitShift","bronze:Allocate"],"picked":"SKIP","floor":3},{"not_picked":["bronze:FineTuning","bronze:BronzeArmor"],"picked":"bronze:BronzeOrb","floor":4},{"not_picked":["bronze:BuggyMess","bronze:Break"],"picked":"bronze:WhirlingStrike","floor":8},{"not_picked":["bronze:CutThrough","bronze:ClassDefault"],"picked":"bronze:Overheat","floor":9},{"not_picked":["bronze:Frontload","bronze:BuggyMess"],"picked":"bronze:Iterate","floor":10},{"not_picked":["bronze:BuggyMess","bronze:Repulsor","bronze:WildBeam"],"picked":"SKIP","floor":12},{"not_picked":["bronze:ForLoop","bronze:Return","bronze:Frontload"],"picked":"SKIP","floor":15},{"not_picked":["bronze:HardenedForm","bronze:FindAndReplace"],"picked":"bronze:Verify","floor":16},{"not_picked":["bronze:WhirlingStrike","bronze:Frontload","bronze:Allocate"],"picked":"SKIP","floor":19},{"not_picked":["bronze:BronzeArmor","bronze:Deprecate","bronze:ClassDefault"],"picked":"SKIP","floor":20},{"not_picked":["bronze:Boost+1","bronze:DarkDash+1"],"picked":"bronze:ChildClass+1","floor":22},{"not_picked":["bronze:DelayedSlice","bronze:BitShift"],"picked":"bronze:DigitalCarnage","floor":25},{"not_picked":["bronze:Format","bronze:Branch","bronze:ChildClass"],"picked":"SKIP","floor":27},{"not_picked":["bronze:OilSpill","bronze:MaxOutput","bronze:Optimize"],"picked":"SKIP","floor":30},{"not_picked":["bronze:OilSpill","bronze:ChildClass"],"picked":"bronze:Frontload+1","floor":31},{"not_picked":["bronze:Iterate","bronze:FineTuning","bronze:BronzeArmor"],"picked":"SKIP","floor":32},{"not_picked":["bronze:Mutator","bronze:Assembly"],"picked":"bronze:SpaghettiCode","floor":33},{"not_picked":["bronze:DelayedSlice+1","bronze:NullPointer+1","bronze:Branch+1"],"picked":"SKIP","floor":36},{"not_picked":["bronze:Safeguard+1","bronze:DarkDash","bronze:CloningBeam"],"picked":"SKIP","floor":38},{"not_picked":["bronze:Fortify+1","bronze:Overheat","bronze:ChildClass+1"],"picked":"SKIP","floor":39},{"not_picked":["bronze:BuggyMess+1","bronze:Safeguard+1","bronze:BronzeArmor"],"picked":"SKIP","floor":43},{"not_picked":["bronze:Iterate+1","bronze:BugBarrage+1","bronze:DelayedGuard+1"],"picked":"SKIP","floor":45},{"not_picked":["bronze:OilSpill","bronze:BurnOut","bronze:Deprecate+1"],"picked":"SKIP","floor":49}],"player_experience":84318,"relics_obtained":[{"floor":7,"key":"hubris:SphereOfDissonance"},{"floor":9,"key":"Replay:Bottled Eggs"},{"floor":22,"key":"HeavenlyBonsai"},{"floor":24,"key":"ShockBauble"},{"floor":41,"key":"Bottled Flame"}],"event_choices":[],"is_beta":false,"boss_relics":[{"not_picked":["Abe\u0027s Treasure","energizedSpire:RedRose"],"picked":"energizedSpire:NeverEndingSparkler"},{"not_picked":["jedi:hotpepper","halation:IncompleteEncyclopedia","jedi:battlestandard"]}],"items_purged_floors":[27],"is_endless":false,"potions_floor_spawned":[2,3,8,16,20,22,25,31,38,43,45],"killed_by":"WA_ARCHETYPE_DIVINITY","ascension_level":0}}