{"host":"4rvakrj1idbgia3f","time":1613337890,"event":{"mods":["BaseMod","Colored Map","Colored Powertips","DeckTracker","Highlight Path","Minty Spire (QoL Compilation)","Random Character Button","StSLib"],"gold_per_floor":[114,127,140,215,225,225,253,267,267,267,267,302,302,322,322,322,322],"floor_reached":16,"language":"JPN","playtime":505,"items_purged":[],"score":224,"play_id":"46919357-2d67-4f43-b81a-58ed6da2b9bc","local_time":"20210215062450","is_ascension_mode":true,"campfire_choices":[{"data":"Streamline","floor":6,"key":"SMITH"},{"data":"Zap","floor":10,"key":"SMITH"},{"data":"Seek","floor":13,"key":"SMITH"},{"data":"Hologram","floor":15,"key":"SMITH"}],"circlet_count":0,"master_deck":["AscendersBane","Strike_B","Strike_B","Strike_B","Defend_B","Defend_B","Defend_B","Zap+1","Dualcast","Seek+1","Streamline+1","BootSequence","Cold Snap","Rebound","Conserve Battery","Hologram+1","Parasite","Gash"],"relics":["Cracked Core","Tiny Chest","Pantograph","Sundial"],"acts_visited":["Exordium"],"potions_floor_usage":[7,16],"damage_taken":[{"damage":2,"enemies":"Jaw Worm","floor":1,"turns":3},{"damage":0,"enemies":"2 Louse","floor":2,"turns":3},{"damage":0,"enemies":"Cultist","floor":3,"turns":3},{"damage":10,"enemies":"Exordium Wildlife","floor":5,"turns":4},{"damage":8,"enemies":"Lagavulin","floor":7,"turns":5},{"damage":0,"enemies":"Looter","floor":8,"turns":2},{"damage":15,"enemies":"3 Sentries","floor":12,"turns":6},{"damage":0,"enemies":"Large Slime","floor":14,"turns":4},{"damage":46,"enemies":"The Guardian","floor":16,"turns":9}],"seed_played":"3258330725594774255","potions_obtained":[{"floor":1,"key":"FocusPotion"},{"floor":2,"key":"PowerPotion"},{"floor":7,"key":"Ancient Potion"}],"is_trial":false,"path_per_floor":["M","M","M","?","M","R","E","M","T","R","?","E","R","M","R","B"],"character_chosen":"DEFECT","items_purchased":[],"campfire_rested":0,"item_purchase_floors":[],"current_hp_per_floor":[44,44,44,33,23,23,15,15,15,15,32,17,17,17,17,0,0],"gold":322,"neow_bonus":"TRANSFORM_TWO_CARDS","is_daily":false,"chose_seed":false,"campfire_upgraded":4,"win_rate":0.0,"timestamp":1613337890,"path_taken":["M","M","M","?","M","R","E","M","T","R","?","E","R","M","R","BOSS"],"items_purchased_type":[],"build_version":"2020-12-22","purchased_purges":0,"victory":false,"max_hp_per_floor":[71,71,71,71,71,71,71,71,71,71,71,71,71,71,71,71,71],"card_choices":[{"not_picked":["Recycle","Blizzard"],"picked":"BootSequence","floor":1},{"not_picked":["Stack","Sweeping Beam"],"picked":"Cold Snap","floor":2},{"not_picked":["Steam","Storm","Stack"],"picked":"SKIP","floor":3},{"not_picked":["Steam","Steam Power"],"picked":"Rebound","floor":5},{"not_picked":["Tempest","Amplify"],"picked":"Conserve Battery","floor":7},{"not_picked":["Rebound","Barrage"],"picked":"Hologram","floor":8},{"not_picked":["Hologram","Blizzard","Conserve Battery"],"picked":"SKIP","floor":12},{"not_picked":["Stack","Go for the Eyes"],"picked":"Gash","floor":14}],"player_experience":2382779,"relics_obtained":[{"floor":7,"key":"Tiny Chest"},{"floor":9,"key":"Pantograph"},{"floor":12,"key":"Sundial"}],"event_choices":[{"damage_healed":0,"gold_gain":75,"player_choice":"Gather Gold","damage_taken":11,"max_hp_gain":0,"max_hp_loss":0,"event_name":"World of Goop","floor":4,"gold_loss":0},{"damage_healed":17,"gold_gain":0,"player_choice":"Healed and dodged fight","damage_taken":0,"max_hp_gain":0,"max_hp_loss":0,"event_name":"Mushrooms","floor":11,"gold_loss":0,"cards_obtained":["Parasite"]}],"is_beta":false,"boss_relics":[],"items_purged_floors":[],"is_endless":false,"potions_floor_spawned":[1,2,7,12],"killed_by":"The Guardian","ascension_level":20}}