{"host":"wqsqub3crsxqknzv","time":1613327004,"event":{"mods":["BaseMod","Colored Powertips","Lobotomy","LobotomyExtend","Minty Spire (QoL Compilation)","StSLib"],"gold_per_floor":[116,41,41,141,160,191,191,191,216,234,234,266,278,278,278,379,379,379,109,109,109,24,58,58,75,75,94,106,6,6,6,6,6,6],"floor_reached":33,"playtime":746,"items_purged":["SpecialBullet","Funeral"],"score":369,"play_id":"644428e3-6b78-42c9-91e0-061ea9867664","local_time":"20210214202324","is_ascension_mode":false,"campfire_choices":[],"circlet_count":0,"master_deck":["SpecialBullet","SpecialBullet","SpecialBullet","SpecialBullet","SpecialBullet","InformationCode","SecurityCode","RecordCode","OSAHOGD","Ecstasy","Logging+1","UniverseFragment","QueenOfHatred","CherryBlossom","BlackSwan_ego","DaCapo","Reverberation","PunishingBird"],"relics":["CogitoBucket","RabbitCall","Ice Cream","LetterFromLob","Blood Vial","Omamori","Bronze Scales","Boot","Cursed Key","InspiredRelic","Gaze_r","Strange Spoon","Nunchaku","SolemnVow_r","Incense Burner","Anchor","HellTrain","Bottled Lightning"],"acts_visited":["Exordium","TheCity"],"potions_floor_usage":[18,18],"damage_taken":[{"damage":5,"enemies":"2 Louse","floor":1,"turns":2},{"damage":7,"enemies":"Cultist","floor":5,"turns":3},{"damage":17,"enemies":"Gremlin Nob","floor":6,"turns":3},{"damage":3,"enemies":"Jaw Worm","floor":10,"turns":2},{"damage":32,"enemies":"3 Sentries","floor":12,"turns":6},{"damage":56,"enemies":"3 Louse","floor":13,"turns":5},{"damage":59,"enemies":"The Guardian","floor":16,"turns":7},{"damage":10,"enemies":"2 Thieves","floor":18,"turns":2},{"damage":17,"enemies":"Gremlin Leader","floor":23,"turns":5},{"damage":4,"enemies":"2 Thieves","floor":25,"turns":2},{"damage":0,"enemies":"3 Byrds","floor":27,"turns":2},{"damage":2,"enemies":"Centurion and Healer","floor":28,"turns":4}],"seed_played":"7620747321499001050","potions_obtained":[{"floor":1,"key":"GamblersBrew"},{"floor":16,"key":"SneckoOil"}],"is_trial":false,"path_per_floor":["M","$","?","?","M","E","R","T","T","M","R","E","M","?","R","B",null,"M","$","?","?","?","E","R","M","T","M","M","$","?","T","R","B"],"character_chosen":"Angela","items_purchased":["Logging","Strange Spoon","Reverberation"],"campfire_rested":0,"item_purchase_floors":[2,19,19],"current_hp_per_floor":[70,70,70,70,70,64,64,64,64,70,70,56,45,45,45,47,70,41,51,61,65,65,65,65,65,65,65,69,69,69,69,69,0,0],"gold":6,"neow_bonus":"ONE_RARE_RELIC","is_daily":false,"chose_seed":false,"campfire_upgraded":0,"win_rate":0.0,"timestamp":1613327004,"path_taken":["M","$","?","?","?","E","R","?","T","M","R","E","M","?","R","BOSS","M","$","?","?","?","E","R","M","T","M","?","$","?","?","R","BOSS"],"items_purchased_type":["Card","Relic","Card"],"build_version":"2020-11-29","purchased_purges":2,"victory":false,"max_hp_per_floor":[70,70,70,70,70,70,70,70,70,70,70,70,70,70,70,70,70,65,65,65,65,65,65,65,65,65,65,69,69,69,69,69,69,69],"card_choices":[{"not_picked":["PunishingBird","Bloodbath"],"picked":"OSAHOGD","floor":1},{"not_picked":["BlackSwan_ego"],"picked":"Ecstasy","floor":1},{"not_picked":["FourthMatchFlame","Loneliness"],"picked":"SKIP","floor":5},{"not_picked":["ShyLook","Bloodbath"],"picked":"UniverseFragment","floor":6},{"not_picked":["Lantern","MagicBullet"],"picked":"SKIP","floor":6},{"not_picked":["SwordSharpenedByTears","RapturousDream"],"picked":"SKIP","floor":10},{"not_picked":["LittleHelper","MHz"],"picked":"QueenOfHatred","floor":12},{"not_picked":["Noise"],"picked":"CherryBlossom","floor":12},{"not_picked":["Hypocrisy"],"picked":"BlackSwan_ego","floor":13},{"not_picked":["Alriune","Scorched"],"picked":"Funeral","floor":16},{"not_picked":["Pinks"],"picked":"DaCapo","floor":16},{"not_picked":["TodaysExpression","Ecstasy+1"],"picked":"SKIP","floor":23},{"not_picked":["Tough","Regret_ego"],"picked":"SKIP","floor":25},{"not_picked":["CUTE","WristCuter+1"],"picked":"SKIP","floor":27},{"not_picked":["WhitesApple","LaLuna"],"picked":"PunishingBird","floor":28},{"not_picked":["Justitia","Horn"],"picked":"SKIP","floor":28}],"player_experience":15959,"relics_obtained":[{"floor":1,"key":"LetterFromLob"},{"floor":6,"key":"Blood Vial"},{"floor":8,"key":"Omamori"},{"floor":9,"key":"Bronze Scales"},{"floor":12,"key":"Boot"},{"floor":23,"key":"Incense Burner"},{"floor":26,"key":"Anchor"},{"floor":31,"key":"Bottled Lightning"}],"event_choices":[{"damage_healed":0,"gold_gain":0,"player_choice":"Grow","damage_taken":0,"max_hp_gain":0,"max_hp_loss":0,"event_name":"Living Wall","floor":3,"gold_loss":0,"cards_upgraded":["Logging"]},{"damage_healed":0,"gold_gain":100,"player_choice":"Gold","damage_taken":0,"max_hp_gain":0,"max_hp_loss":0,"event_name":"Wheel of Change","floor":4,"gold_loss":0},{"cards_removed":["SpecialBullet"],"damage_healed":0,"gold_gain":0,"player_choice":"Offered Basic","damage_taken":0,"max_hp_gain":0,"max_hp_loss":0,"event_name":"Bonfire Elementals","floor":14,"gold_loss":0},{"cards_removed":["SpecialBullet"],"damage_healed":0,"gold_gain":0,"player_choice":"Elegance","damage_taken":0,"max_hp_gain":0,"max_hp_loss":0,"event_name":"Back to Basics","floor":20,"gold_loss":0},{"damage_healed":0,"gold_gain":0,"player_choice":"Ignored","damage_taken":0,"max_hp_gain":0,"max_hp_loss":0,"event_name":"Vampires","floor":21,"gold_loss":0},{"damage_healed":0,"gold_gain":0,"player_choice":"Obtained Relic","damage_taken":0,"relics_obtained":["Nunchaku"],"max_hp_gain":0,"max_hp_loss":0,"event_name":"Addict","floor":22,"gold_loss":85},{"damage_healed":0,"gold_gain":0,"player_choice":"Ignored","damage_taken":0,"max_hp_gain":0,"max_hp_loss":0,"event_name":"Ghosts","floor":30,"gold_loss":0}],"is_beta":false,"boss_relics":[{"not_picked":["SacredBark","Ectoplasm"],"picked":"Cursed Key"}],"items_purged_floors":[19,29],"is_endless":false,"potions_floor_spawned":[1,16,18],"killed_by":"Automaton","ascension_level":0}}