{"host":"Cenci","time":1613300187,"event":{"mods":["BaseMod","Downfall","Highlight Path","Minty Spire (QoL Compilation)","StSLib"],"gold_per_floor":[99,109,128,146,62,75,75,75,75,107,107,122,122,32,48,152,152,52,68,68,17,32,32,81,81,44,63,63,63,83,98,108,203,203,103,121,121,132,152,252,252,272,272,303,303,329,229,243,261,261,261,289,2,2,2,2,2,2],"floor_reached":56,"language":"ENG","playtime":3930,"items_purged":["Parasite"],"score":903,"play_id":"e734dfd7-0423-44f5-baed-41e9c34ffc08","local_time":"20210214115627","is_ascension_mode":true,"campfire_choices":[{"floor":1.0,"key":"RECALL"},{"data":"Guardian:RefractedBeam","floor":9.0,"key":"SMITH"},{"data":"Guardian:RefractedBeam+1","floor":11.0,"key":"SMITH"},{"data":"Guardian:RefractedBeam+2","floor":13.0,"key":"SMITH"},{"data":"Guardian:RefractedBeam+3","floor":18.0,"key":"SMITH"},{"data":"Guardian:RefractedBeam+4","floor":23.0,"key":"SMITH"},{"data":"Guardian:RefractedBeam+5","floor":25.0,"key":"SMITH"},{"data":"Guardian:StasisField","floor":28.0,"key":"SMITH"},{"data":"Guardian:AncientConstruct","floor":35.0,"key":"SMITH"},{"floor":43.0,"key":"REST"},{"data":"Guardian:StasisField","floor":45.0,"key":"SMITH"},{"data":"Guardian:DonusPower","floor":47.0,"key":"SMITH"},{"data":"Guardian:BaubleBeam","floor":54,"key":"SMITH"}],"circlet_count":0,"master_deck":["Guardian:Strike_Guardian","Guardian:Strike_Guardian","Guardian:Defend_Guardian","Guardian:Defend_Guardian","Guardian:Defend_Guardian","Guardian:TwinSlam","Guardian:PrimingBeam","Guardian:DonusPower+1","Guardian:RefractedBeam+6","Guardian:SentryBeam","Guardian:AncientConstruct+1","Guardian:DonusPower","Guardian:PrismaticBeam+1","Guardian:StasisField+1","Guardian:PiercingHide+1","Guardian:TemporalShield+1","Guardian:StasisField+1","Guardian:BaubleBeam+1"],"relics":["Guardian:ModeShifter","Gremlin Horn","champ:DeflectingBracers","Runic Dome","downfall:HeartBlessingRed","Nunchaku","Meat on the Bone","Snecko Eye","downfall:HeartBlessingBlue","Bottled Tornado","Pocketwatch","downfall:HeartBlessingGreen","Ornamental Fan"],"acts_visited":["Exordium","TheCity","TheBeyond","TheEnding"],"potions_floor_usage":[56,56],"damage_taken":[{"damage":8.0,"enemies":"Jaw Worm","floor":2.0,"turns":5.0},{"damage":6.0,"enemies":"Cultist","floor":3.0,"turns":3.0},{"damage":1.0,"enemies":"2 Louse","floor":4.0,"turns":3.0},{"damage":0.0,"enemies":"downfall:FleeingMerchant","floor":5.0,"turns":4.0},{"damage":9.0,"enemies":"Red Slaver","floor":6.0,"turns":2.0},{"damage":8.0,"enemies":"Gremlin Nob","floor":10.0,"turns":3.0},{"damage":9.0,"enemies":"2 Fungi Beasts","floor":12.0,"turns":2.0},{"damage":15.0,"enemies":"downfall:FleeingMerchant","floor":14.0,"turns":4.0},{"damage":4.0,"enemies":"3 Louse","floor":15.0,"turns":3.0},{"damage":13.0,"enemies":"IC_STATUS_ARCHETYPE","floor":16.0,"turns":4.0},{"damage":14.0,"enemies":"Shell Parasite","floor":19.0,"turns":3.0},{"damage":15.0,"enemies":"downfall:FleeingMerchant","floor":21.0,"turns":4.0},{"damage":12.0,"enemies":"Chosen and Byrds","floor":22.0,"turns":4.0},{"damage":0.0,"enemies":"downfall:FleeingMerchant","floor":26.0,"turns":1.0},{"damage":22.0,"enemies":"Snake Plant","floor":27.0,"turns":3.0},{"damage":10.0,"enemies":"Shelled Parasite and Fungi","floor":30.0,"turns":3.0},{"damage":17.0,"enemies":"Centurion and Healer","floor":31.0,"turns":4.0},{"damage":0.0,"enemies":"Snake Plant","floor":32.0,"turns":2.0},{"damage":26.0,"enemies":"DF_ARCHETYPE_CLAW","floor":33.0,"turns":8.0},{"damage":31.0,"enemies":"3 Darklings","floor":36.0,"turns":4.0},{"damage":11.0,"enemies":"Orb Walker","floor":38.0,"turns":3.0},{"damage":28.0,"enemies":"Jaw Worm Horde","floor":39.0,"turns":3.0},{"damage":22.0,"enemies":"4 Shapes","floor":42.0,"turns":4.0},{"damage":0.0,"enemies":"Giant Head","floor":44.0,"turns":5.0},{"damage":15.0,"enemies":"Reptomancer","floor":46.0,"turns":5.0},{"damage":0.0,"enemies":"Spire Growth","floor":48.0,"turns":4.0},{"damage":25.0,"enemies":"Writhing Mass","floor":49.0,"turns":5.0},{"damage":14.0,"enemies":"SI_POISON_ARCHETYPE","floor":50.0,"turns":8.0},{"damage":45,"enemies":"downfall:CharBossMerchant","floor":52,"turns":8},{"damage":21,"enemies":"downfall:NeowBoss","floor":55,"turns":10},{"damage":49,"enemies":"downfall:NeowBossFinal","floor":56,"turns":5}],"seed_played":"-5841429229174696861","potions_obtained":[{"floor":2.0,"key":"SkillPotion"},{"floor":3.0,"key":"Slimebound:ThreeZeroPotion"},{"floor":6.0,"key":"FearPotion"},{"floor":10.0,"key":"bronze:BurnAndBuffPotion"},{"floor":15.0,"key":"Fruit Juice"},{"floor":22.0,"key":"hexamod:SoulburnPotion"},{"floor":42.0,"key":"Fire Potion"},{"floor":48.0,"key":"Dexterity Potion"}],"is_trial":false,"path_per_floor":["R","M","M","M","$","M","T","?","R","E","R","M","R","$","M","B",null,"R","M","?","$","M","R","T","R","$","M","R","?","M","M","M","B",null,"R","M","$","M","M","?","T","M","R","E","R","E","R","M","M","B",null,"E","$","R","B","B"],"character_chosen":"GUARDIAN","items_purchased":["Guardian:RefractedBeam","Guardian:Gem_Fragmented","Meat on the Bone","Guardian:StasisField","Guardian:BaubleBeam","Guardian:Gem_Red","Guardian:DefensiveModePotion"],"campfire_rested":1,"item_purchase_floors":[5,21,26,26,53,53,53],"current_hp_per_floor":[88,80,74,73,73,64,64,64,64,56,56,47,47,32,28,15,85,85,71,71,56,44,44,44,44,44,34,34,34,36,31,43,29,85,95,64,64,53,37,37,37,32,62,62,62,59,59,59,46,44,100,55,55,55,46,0,0,0],"gold":2,"neow_bonus":"TEN_PERCENT_HP_BONUS","is_daily":false,"chose_seed":false,"campfire_upgraded":11,"win_rate":0.0,"timestamp":1613300187,"path_taken":["R","M","M","M","$","M","T","?","R","E","R","M","R","$","M","BOSS","R","M","?","$","M","R","T","R","$","M","R","?","M","M","M","BOSS","R","M","$","M","M","?","T","M","R","E","R","E","R","?","M","BOSS","E","$","R","BOSS","BOSS"],"items_purchased_type":["Card","Card","Relic","Card","Card","Card","Potion"],"build_version":"2020-11-17","purchased_purges":1,"victory":false,"max_hp_per_floor":[88,88,88,88,88,88,88,88,88,88,88,88,88,85,85,85,85,85,85,85,85,85,85,85,85,85,85,85,85,85,85,85,85,85,95,95,95,95,95,95,95,100,100,100,100,100,100,100,100,100,100,100,100,100,100,100,100,100],"card_choices":[{"not_picked":["Guardian:Reroute","Guardian:Repulse"],"picked":"Guardian:Gem_Crimson","floor":2.0},{"not_picked":["Guardian:WalkerClaw","Guardian:BodySlam"],"picked":"Guardian:PrimingBeam","floor":3.0},{"not_picked":["Guardian:RollAttack","Guardian:Gem_Lightblue"],"picked":"Guardian:DonusPower","floor":4.0},{"not_picked":["Guardian:FuturePlans","Guardian:Emergency"],"picked":"Guardian:Gem_Green","floor":5.0},{"not_picked":["Guardian:Gem_Red","Guardian:Gem_Yellow"],"picked":"Guardian:SentryBeam","floor":6.0},{"not_picked":["Guardian:PrimingBeam","Guardian:ChargeCore"],"picked":"Guardian:AncientConstruct","floor":10.0},{"not_picked":["Guardian:TemporalShield","Guardian:Incinerate"],"picked":"Guardian:Gem_Green","floor":12.0},{"not_picked":["Guardian:PolyBeam","Guardian:RollAttack"],"picked":"Guardian:DonusPower","floor":14.0},{"not_picked":["Guardian:BronzeOrb","Guardian:TimeCapacitor","Guardian:TemporalShield"],"picked":"SKIP","floor":15.0},{"not_picked":["Guardian:FloatingOrbs","Guardian:BodySlam+1","Guardian:Emergency"],"picked":"SKIP","floor":19.0},{"not_picked":["Guardian:ChargeCore+1","Guardian:Gem_Red"],"picked":"Guardian:PrismaticBeam+1","floor":21.0},{"not_picked":["Guardian:Gem_Lightblue","Guardian:Planning"],"picked":"Guardian:Gem_Green","floor":22.0},{"not_picked":["Guardian:RevengeProtocol","Guardian:WalkerClaw+1","Guardian:RollAttack"],"picked":"SKIP","floor":26.0},{"not_picked":["Guardian:FuturePlans","Guardian:Clone+1"],"picked":"Guardian:PiercingHide+1","floor":27.0},{"not_picked":["Guardian:Planning","Guardian:GuardianWhirl"],"picked":"Guardian:TemporalShield+1","floor":30.0},{"not_picked":["Guardian:TemporalStrike+1","Guardian:BronzeArmor+1"],"picked":"Guardian:StasisField","floor":31.0},{"not_picked":["Guardian:Emergency+1","Guardian:Gem_Lightblue","Guardian:CrystalBeam"],"picked":"SKIP","floor":32.0},{"not_picked":["Guardian:FierceBash","Guardian:GemFire"],"picked":"Guardian:Gem_Orange","floor":33.0},{"not_picked":["Guardian:ShieldCharger+1","Guardian:VentSteam","Guardian:ArmoredProtocol"],"picked":"SKIP","floor":36.0},{"not_picked":["Guardian:WalkerClaw+1","Guardian:BodySlam","Guardian:PiercingHide"],"picked":"SKIP","floor":38.0},{"not_picked":["Guardian:Repulse+1","Guardian:Emergency+1","Guardian:RollAttack"],"picked":"SKIP","floor":39.0},{"not_picked":["Guardian:Repulse+1","Guardian:Suspension","Guardian:Recover"],"picked":"SKIP","floor":42.0},{"not_picked":["Guardian:PrimingBeam","Guardian:RollAttack+1","Guardian:GemFinder"],"picked":"SKIP","floor":44.0},{"not_picked":["Guardian:PiercingHide+1","Guardian:Planning+1","Guardian:ShieldCharger+1"],"picked":"SKIP","floor":46.0},{"not_picked":["Guardian:ChargeCore+1","Guardian:EvasiveProtocol"],"picked":"Guardian:Gem_Red","floor":48.0},{"not_picked":["Guardian:GuardianWhirl+1","Guardian:CrystalBeam","Guardian:Gem_Cyan"],"picked":"SKIP","floor":49.0},{"not_picked":["Guardian:GuardianWhirl+1","Guardian:CrystalBeam","Guardian:Gem_Cyan"],"picked":"SKIP","floor":49.0},{"not_picked":["Guardian:Gem_Crimson","Guardian:RollAttack+1","Guardian:Reroute"],"picked":"SKIP","floor":52}],"player_experience":318040,"relics_obtained":[{"floor":7.0,"key":"Gremlin Horn"},{"floor":10.0,"key":"champ:DeflectingBracers"},{"floor":41.0,"key":"Bottled Tornado"},{"floor":44.0,"key":"Pocketwatch"},{"floor":52,"key":"Ornamental Fan"}],"event_choices":[],"is_beta":true,"boss_relics":[{"not_picked":["Busted Crown","Sozu"],"picked":"Runic Dome"},{"not_picked":["Coffee Dripper","Tiny House"],"picked":"Snecko Eye"}],"items_purged_floors":[14],"is_endless":false,"potions_floor_spawned":[2,3,6,10,15,22,27,30,31,32,39,42,44,48,52],"killed_by":"downfall:NeowBossFinal","ascension_level":4}}