{"host":"m0bekkrd201b63ug","time":1613347085,"event":{"mods":["AchievementEnabler","BaseMod","Colored Powertips","Highlight Path","Minty Spire (QoL Compilation)","Rare Cards Sparkle","StSLib","SuperFastMode","everything is the same but u backflip on backflip","slay the spire mod where everything is the same but ironclad has a cowboy hat"],"gold_per_floor":[144,189,189,189,189,189,279,279,279,369,414,459,504,549,549,849,849,894,423,468,513,138,183,183,273,323,323,323,368,413,458,458,758,758,803,503,503,115,160,250,250,295,370,370,370,415,460,505,505,505],"floor_reached":51,"language":"PTB","playtime":2802,"items_purged":["Clash+1","Acrobatics","Ball Lightning"],"score":813,"play_id":"b50e718a-1060-461c-9e13-df330d7f7d7b","local_time":"20210214215805","daily_mods":["Draft","Diverse","Midas"],"is_ascension_mode":false,"campfire_choices":[{"floor":6.0,"key":"REST"},{"floor":8.0,"key":"REST"},{"floor":15.0,"key":"REST"},{"floor":24,"key":"REST"},{"floor":28,"key":"REST"},{"floor":32,"key":"REST"},{"floor":41,"key":"REST"},{"floor":49,"key":"REST"}],"circlet_count":0,"master_deck":["Consecrate","Shrug It Off","Dodge and Roll","White Noise","CrushJoints","BattleHymn","Escape Plan","ForeignInfluence","Hologram","BowlingBash","CutThroughFate","Warcry+1","ThirdEye","Escape Plan","Devotion","Apotheosis","DeusExMachina","ThirdEye+1","Sever Soul","Parasite"],"relics":["Burning Blood","Red Skull","Pear","Bottled Tornado","Philosopher\u0027s Stone","Membership Card","Shuriken","Anchor","TungstenRod","Dead Branch","Orrery","Art of War","Orichalcum","GremlinMask","SlaversCollar","Paper Frog","Self Forming Clay","Singing Bowl","Sling","White Beast Statue","Matryoshka","Centennial Puzzle","Frozen Egg 2"],"acts_visited":["Exordium","TheCity","TheBeyond"],"potions_floor_usage":[35,40,50,50],"damage_taken":[{"damage":4.0,"enemies":"Jaw Worm","floor":1.0,"turns":3.0},{"damage":0.0,"enemies":"Cultist","floor":2.0,"turns":2.0},{"damage":24.0,"enemies":"Lagavulin","floor":7.0,"turns":5.0},{"damage":14.0,"enemies":"3 Sentries","floor":10.0,"turns":4.0},{"damage":1.0,"enemies":"2 Louse","floor":11.0,"turns":2.0},{"damage":0.0,"enemies":"Red Slaver","floor":12.0,"turns":2.0},{"damage":9.0,"enemies":"Large Slime","floor":13.0,"turns":6.0},{"damage":12.0,"enemies":"Exordium Wildlife","floor":14.0,"turns":4.0},{"damage":34.0,"enemies":"Hexaghost","floor":16.0,"turns":9.0},{"damage":15.0,"enemies":"2 Thieves","floor":18.0,"turns":4.0},{"damage":7.0,"enemies":"3 Byrds","floor":20.0,"turns":4.0},{"damage":0.0,"enemies":"Cultist and Chosen","floor":21.0,"turns":4.0},{"damage":5,"enemies":"Shelled Parasite and Fungi","floor":23,"turns":2},{"damage":0,"enemies":"Book of Stabbing","floor":25,"turns":4},{"damage":0,"enemies":"Centurion and Healer","floor":29,"turns":2},{"damage":0,"enemies":"Snecko","floor":30,"turns":2},{"damage":10,"enemies":"Shelled Parasite and Fungi","floor":31,"turns":3},{"damage":63,"enemies":"Automaton","floor":33,"turns":7},{"damage":29,"enemies":"3 Darklings","floor":35,"turns":4},{"damage":0,"enemies":"Orb Walker","floor":39,"turns":3},{"damage":18,"enemies":"Giant Head","floor":40,"turns":5},{"damage":13,"enemies":"Writhing Mass","floor":42,"turns":3},{"damage":5,"enemies":"4 Shapes","floor":46,"turns":3},{"damage":24,"enemies":"Jaw Worm Horde","floor":47,"turns":4},{"damage":0,"enemies":"Sphere and 2 Shapes","floor":48,"turns":5},{"damage":36,"enemies":"Donu and Deca","floor":50,"turns":5}],"seed_played":"-463004689936713651","potions_obtained":[{"floor":1.0,"key":"Ancient Potion"},{"floor":2.0,"key":"Weak Potion"},{"floor":10.0,"key":"PowerPotion"},{"floor":14.0,"key":"SmokeBomb"},{"floor":21.0,"key":"Energy Potion"},{"floor":23,"key":"Fire Potion"},{"floor":35,"key":"Weak Potion"},{"floor":40,"key":"Swift Potion"}],"is_trial":false,"path_per_floor":["M","M","?","?","?","R","E","R","T","E","M","M","M","M","R","B",null,"M","$","M","M","$","M","R","E","T","?","R","M","M","M","R","B",null,"M","$","?","$","M","E","R","M","T","?","?","M","M","M","R","B",null],"character_chosen":"IRONCLAD","items_purchased":["Membership Card","Shuriken","Anchor","Apotheosis","TungstenRod","Dead Branch","Orrery","Paper Frog","Self Forming Clay","Singing Bowl","Sling","White Beast Statue"],"campfire_rested":8,"item_purchase_floors":[19,19,19,19,22,22,22,36,36,38,38,38],"current_hp_per_floor":[80,80,80,64,69,85,67,85,95,87,92,95,92,86,95,67,95,86,86,85,91,91,92,95,95,95,95,95,95,95,91,95,38,95,72,72,72,72,80,70,94,89,89,89,91,94,78,86,104,74],"gold":505,"neow_bonus":"","is_daily":true,"chose_seed":false,"campfire_upgraded":0,"win_rate":0.0,"timestamp":1613347085,"path_taken":["M","M","?","?","?","R","E","R","T","E","M","M","?","M","R","BOSS","M","$","?","M","$","M","R","E","T","?","R","M","M","M","R","BOSS","M","$","?","$","M","E","R","M","T","?","?","M","M","?","R","BOSS"],"items_purchased_type":["Relic","Relic","Relic","Card","Relic","Relic","Relic","Relic","Relic","Relic","Relic","Relic"],"build_version":"2020-12-22","purchased_purges":3,"victory":true,"max_hp_per_floor":[80,80,80,80,85,85,85,85,95,95,95,95,95,95,95,95,95,95,95,95,95,95,95,95,95,95,95,95,95,95,95,95,95,95,95,95,90,90,92,94,94,96,96,96,98,100,102,104,104,104],"card_choices":[{"not_picked":["Recycle","Go for the Eyes"],"picked":"Consecrate","floor":0.0},{"not_picked":["Terror","Conserve Battery"],"picked":"Shrug It Off","floor":0.0},{"not_picked":["Accuracy","SashWhip"],"picked":"Ball Lightning","floor":0.0},{"not_picked":["WindmillStrike","Collect"],"picked":"Dodge and Roll","floor":0.0},{"not_picked":["Cold Snap","Calculated Gamble"],"picked":"White Noise","floor":0.0},{"not_picked":["Capacitor","Study"],"picked":"Acrobatics","floor":0.0},{"not_picked":["Stack","Halt"],"picked":"CrushJoints","floor":0.0},{"not_picked":["Redo","Stack"],"picked":"BattleHymn","floor":0.0},{"not_picked":["Leap","CrushJoints"],"picked":"Clash","floor":0.0},{"not_picked":["Slice","Stack"],"picked":"Escape Plan","floor":0.0},{"not_picked":["Clothesline","Dodge and Roll"],"picked":"ForeignInfluence","floor":0.0},{"not_picked":["Searing Blow","Turbo"],"picked":"Hologram","floor":0.0},{"not_picked":["Cloak And Dagger","Searing Blow"],"picked":"BowlingBash","floor":0.0},{"not_picked":["Havoc","Thunderclap"],"picked":"CutThroughFate","floor":0.0},{"not_picked":["SashWhip","Reflex"],"picked":"Warcry","floor":0.0},{"not_picked":["Protect","Deflect"],"picked":"ThirdEye","floor":1.0},{"not_picked":["Bane","Hologram","Prepared"],"picked":"SKIP","floor":2.0},{"not_picked":["FTL","Prostrate","Shrug It Off"],"picked":"SKIP","floor":7.0},{"not_picked":["Scrawl","Noxious Fumes"],"picked":"Escape Plan","floor":10.0},{"not_picked":["Disarm","WreathOfFlame","Sweeping Beam"],"picked":"SKIP","floor":11.0},{"not_picked":["Clothesline","Hello World","CutThroughFate"],"picked":"SKIP","floor":12.0},{"not_picked":["Ball Lightning","Weave","Dagger Throw"],"picked":"SKIP","floor":13.0},{"not_picked":["Leg Sweep","Rupture","Deflect"],"picked":"SKIP","floor":14.0},{"not_picked":["Biased Cognition","Buffer"],"picked":"Devotion","floor":16.0},{"not_picked":["Deflect","Body Slam","Rebound"],"picked":"SKIP","floor":18.0},{"not_picked":["Chaos","Meditate"],"picked":"DeusExMachina","floor":20.0},{"not_picked":["Headbutt","Cleave+1","FollowUp"],"picked":"SKIP","floor":21.0},{"not_picked":["Twin Strike+1","Dagger Throw"],"picked":"ThirdEye+1","floor":22.0},{"not_picked":["CrushJoints","CarveReality"],"picked":"Sever Soul","floor":22.0},{"not_picked":["Dual Wield+1","Stack+1","Well Laid Plans"],"picked":"SKIP","floor":23},{"not_picked":["Dual Wield+1","Stack+1","Well Laid Plans"],"picked":"SKIP","floor":23},{"not_picked":["Flex","Reckless Charge","Compile Driver"],"picked":"SKIP","floor":25},{"not_picked":["Poisoned Stab","Rip and Tear","Ball Lightning+1"],"picked":"SKIP","floor":29},{"not_picked":["Tantrum+1","FollowUp","Prepared"],"picked":"SKIP","floor":30},{"not_picked":["Compile Driver","True Grit","Consume"],"picked":"SKIP","floor":31},{"not_picked":["Clash+1","CutThroughFate+1","ForeignInfluence+1"],"picked":"SKIP","floor":35},{"not_picked":["Thunderclap+1","Dagger Spray","Evaluate+1"],"picked":"Singing Bowl","floor":39},{"not_picked":["BowlingBash+1","SandsOfTime+1","Eviscerate"],"picked":"Singing Bowl","floor":40},{"not_picked":["JustLucky","Conserve Battery+1","Tempest+1"],"picked":"Singing Bowl","floor":42},{"not_picked":["Forethought","HandOfGreed","The Bomb"],"picked":"Singing Bowl","floor":45},{"not_picked":["Dagger Spray+1","Reflex","Conserve Battery+1"],"picked":"Singing Bowl","floor":46},{"not_picked":["Bane","Carnage+1","Dagger Throw+1"],"picked":"Singing Bowl","floor":47},{"not_picked":["Anger","Shrug It Off","Choke"],"picked":"Singing Bowl","floor":48}],"player_experience":270782,"relics_obtained":[{"floor":7.0,"key":"Red Skull"},{"floor":9.0,"key":"Pear"},{"floor":10.0,"key":"Bottled Tornado"},{"floor":25,"key":"Art of War"},{"floor":26,"key":"Orichalcum"},{"floor":40,"key":"Matryoshka"},{"floor":43,"key":"Centennial Puzzle"},{"floor":43,"key":"Frozen Egg 2"}],"event_choices":[{"damage_healed":0.0,"max_hp_gain":0.0,"max_hp_loss":0.0,"gold_gain":0.0,"event_name":"Liars Game","player_choice":"Ignored","floor":3.0,"gold_loss":0.0,"damage_taken":0.0},{"damage_healed":0.0,"max_hp_gain":0.0,"max_hp_loss":0.0,"gold_gain":0.0,"event_name":"Shining Light","player_choice":"Entered Light","floor":4.0,"gold_loss":0.0,"damage_taken":16.0,"cards_upgraded":["Clash","Warcry"]},{"damage_healed":0.0,"max_hp_gain":5.0,"max_hp_loss":0.0,"gold_gain":0.0,"event_name":"Big Fish","player_choice":"Donut","floor":5.0,"gold_loss":0.0,"damage_taken":0.0},{"damage_healed":0,"gold_gain":0,"player_choice":"Trade","damage_taken":0,"relics_obtained":["GremlinMask"],"max_hp_gain":0,"max_hp_loss":0,"event_name":"FaceTrader","floor":27,"gold_loss":0},{"damage_healed":0,"gold_gain":0,"player_choice":"Max HP","damage_taken":0,"max_hp_gain":0,"max_hp_loss":5,"event_name":"Winding Halls","floor":37,"gold_loss":0},{"damage_healed":0,"gold_gain":0,"player_choice":"Ignored","damage_taken":0,"max_hp_gain":0,"max_hp_loss":0,"event_name":"Mysterious Sphere","floor":44,"gold_loss":0},{"damage_healed":0,"gold_gain":0,"player_choice":"Memory 1","damage_taken":0,"max_hp_gain":0,"max_hp_loss":0,"event_name":"SensoryStone","floor":45,"gold_loss":0}],"is_beta":false,"boss_relics":[{"not_picked":["Calling Bell","Empty Cage"],"picked":"Philosopher\u0027s Stone"},{"not_picked":["Velvet Choker","Runic Pyramid"],"picked":"SlaversCollar"}],"items_purged_floors":[19,36,38],"is_endless":false,"potions_floor_spawned":[1,2,10,14,21,23,25,30,35,39,40,42,46,47,48],"ascension_level":0}}