{"host":"zxkjcgzis4pm3za5","time":1613291881,"event":{"mods":["AchievementEnabler","BaseMod","Colored Map","Colored Powertips","Minty Spire (QoL Compilation)","Quick Restart","Random Character Button","Relic Sorter","Relic Stats","StSLib"],"gold_per_floor":[363,375,51,51,51,51,71,105,132,200,212,212,244,257,257,329,329,342,342,361,372,372,372,398,417,417,417,417,303,303,40,40,118,118,131,151,63,78,78,78],"floor_reached":39,"language":"ENG","playtime":1846,"items_purged":["Strike_G"],"score":868,"play_id":"92f59699-047d-49db-a2eb-930a4a674587","local_time":"20210214140801","is_ascension_mode":true,"campfire_choices":[{"data":"Glass Knife","floor":6.0,"key":"SMITH"},{"data":"Backstab","floor":12.0,"key":"SMITH"},{"data":"Envenom","floor":15.0,"key":"SMITH"},{"floor":23.0,"key":"REST"},{"data":"Blade Dance","floor":28.0,"key":"SMITH"},{"data":"Well Laid Plans","floor":32.0,"key":"SMITH"}],"circlet_count":0,"master_deck":["AscendersBane","Strike_G","Strike_G","Defend_G","Defend_G","Defend_G","Defend_G","Defend_G","Survivor","Neutralize","Sucker Punch","Blade Dance+1","Deflect","Predator","Venomology","Glass Knife+1","Leg Sweep","Backstab+1","Dodge and Roll","Envenom+1","Bullet Time","Caltrops+1","Prepared+1","Infinite Blades","Cloak And Dagger+1","Dash","Well Laid Plans+1","Doppelganger","Footwork"],"relics":["Ring of the Snake","Orrery","Oddly Smooth Stone","Anchor","Bag of Preparation","Mercury Hourglass","Dream Catcher","WristBlade","Pocketwatch","Ornamental Fan","SlaversCollar"],"acts_visited":["Exordium","TheCity","TheBeyond"],"potions_floor_usage":[38,38,38,38,39],"damage_taken":[{"damage":5.0,"enemies":"Jaw Worm","floor":1.0,"turns":7.0},{"damage":0.0,"enemies":"Cultist","floor":2.0,"turns":4.0},{"damage":0.0,"enemies":"2 Louse","floor":7.0,"turns":2.0},{"damage":21.0,"enemies":"Gremlin Nob","floor":8.0,"turns":4.0},{"damage":0.0,"enemies":"Gremlin Gang","floor":11.0,"turns":3.0},{"damage":0.0,"enemies":"3 Sentries","floor":13.0,"turns":4.0},{"damage":0.0,"enemies":"2 Fungi Beasts","floor":14.0,"turns":1.0},{"damage":4.0,"enemies":"Hexaghost","floor":16.0,"turns":8.0},{"damage":3.0,"enemies":"Shell Parasite","floor":18.0,"turns":4.0},{"damage":0.0,"enemies":"2 Thieves","floor":20.0,"turns":1.0},{"damage":5.0,"enemies":"Snecko","floor":21.0,"turns":4.0},{"damage":10.0,"enemies":"Gremlin Leader","floor":24.0,"turns":7.0},{"damage":1.0,"enemies":"Centurion and Healer","floor":25.0,"turns":3.0},{"damage":14.0,"enemies":"Collector","floor":33.0,"turns":8.0},{"damage":3.0,"enemies":"Orb Walker","floor":35.0,"turns":3.0},{"damage":2.0,"enemies":"3 Darklings","floor":36.0,"turns":5.0},{"damage":48,"enemies":"Transient","floor":38,"turns":6},{"damage":16,"enemies":"Maw","floor":39,"turns":6}],"seed_played":"-6381579604174173730","potions_obtained":[{"floor":8.0,"key":"Fire Potion"},{"floor":16.0,"key":"Fire Potion"},{"floor":20.0,"key":"Dexterity Potion"},{"floor":24.0,"key":"SpeedPotion"},{"floor":33.0,"key":"Swift Potion"},{"floor":38,"key":"Swift Potion"}],"is_trial":false,"path_per_floor":["M","M","$","?","?","R","M","E","T","T","M","R","E","M","R","B",null,"M","?","M","M","?","R","E","M","T","?","R","$","?","$","R","B",null,"M","M","$","M","M"],"character_chosen":"THE_SILENT","items_purchased":["Orrery","Oddly Smooth Stone","Dash","Ornamental Fan","Footwork"],"campfire_rested":1,"item_purchase_floors":[3,3,29,31,37],"current_hp_per_floor":[39,39,39,39,44,44,44,23,23,23,23,23,23,23,23,19,58,55,55,55,50,30,52,42,41,41,41,41,41,41,41,41,27,64,61,59,59,11,0,0],"gold":78,"neow_bonus":"TWO_FIFTY_GOLD","is_daily":false,"chose_seed":false,"campfire_upgraded":5,"win_rate":0.0,"timestamp":1613291881,"path_taken":["M","M","$","?","?","R","M","E","T","?","?","R","E","M","R","BOSS","M","?","?","M","?","R","E","M","T","?","R","$","?","$","R","BOSS","M","M","$","M","?"],"items_purchased_type":["Relic","Relic","Card","Relic","Card"],"build_version":"2020-12-22","purchased_purges":1,"victory":false,"max_hp_per_floor":[66,66,66,66,71,71,71,71,71,71,71,71,71,71,71,71,71,71,71,71,71,76,76,76,76,76,76,76,76,76,76,76,76,76,76,76,76,76,76,76],"relic_stats":{"Dream Catcher":1,"counters":[18,80],"Ornamental Fan":[100],"Bag of Preparation":[28],"obtain_stats":[{"SlaversCollar":34,"Anchor":8,"Dream Catcher":13,"WristBlade":17,"Ornamental Fan":31,"Orrery":3,"Oddly Smooth Stone":3,"Bag of Preparation":9,"Ring of the Snake":0,"Mercury Hourglass":10,"Pocketwatch":24},{"SlaversCollar":14,"Anchor":4,"Dream Catcher":6,"WristBlade":8,"Ornamental Fan":13,"Orrery":2,"Oddly Smooth Stone":2,"Bag of Preparation":4,"Ring of the Snake":0,"Mercury Hourglass":4,"Pocketwatch":12},{"SlaversCollar":60,"Anchor":17,"Dream Catcher":24,"WristBlade":33,"Ornamental Fan":52,"Orrery":11,"Oddly Smooth Stone":11,"Bag of Preparation":17,"Ring of the Snake":0,"Mercury Hourglass":17,"Pocketwatch":49}],"Ring of the Snake":[36],"Mercury Hourglass":[247],"Pocketwatch":[21]},"card_choices":[{"not_picked":["Acrobatics","Reflex","Flechettes"],"picked":"SKIP","floor":1.0},{"not_picked":["Bouncing Flask","Flying Knee"],"picked":"Sucker Punch","floor":2.0},{"not_picked":["Doppelganger","Finisher"],"picked":"Blade Dance","floor":3.0},{"not_picked":["PiercingWail","Choke"],"picked":"Deflect","floor":3.0},{"not_picked":["Flying Knee","Eviscerate"],"picked":"Predator","floor":3.0},{"not_picked":["Deadly Poison","Catalyst"],"picked":"Venomology","floor":3.0},{"not_picked":["Poisoned Stab","Bane"],"picked":"Glass Knife","floor":3.0},{"not_picked":["Outmaneuver","Dagger Throw"],"picked":"Leg Sweep","floor":7.0},{"not_picked":["Dagger Throw","Poisoned Stab"],"picked":"Backstab","floor":8.0},{"not_picked":["Catalyst","Concentrate"],"picked":"Dodge and Roll","floor":11.0},{"not_picked":["Quick Slash","Poisoned Stab"],"picked":"Envenom","floor":13.0},{"not_picked":["Predator","Underhanded Strike","Outmaneuver"],"picked":"SKIP","floor":14.0},{"not_picked":["Doppelganger","Night Terror"],"picked":"Bullet Time","floor":16.0},{"not_picked":["Flying Knee","All Out Attack","Setup"],"picked":"SKIP","floor":18.0},{"not_picked":["Predator","Prepared"],"picked":"Caltrops+1","floor":20.0},{"not_picked":["Distraction","Dagger Throw+1"],"picked":"Prepared+1","floor":21.0},{"not_picked":["Prepared","Quick Slash"],"picked":"Infinite Blades","floor":23.0},{"not_picked":["Underhanded Strike","Bane"],"picked":"Cloak And Dagger+1","floor":24.0},{"not_picked":["Deadly Poison","Backstab","Bane"],"picked":"SKIP","floor":25.0},{"not_picked":["A Thousand Cuts","Bullet Time"],"picked":"Doppelganger","floor":33.0},{"not_picked":["Reflex","Tactician+1","Riddle With Holes"],"picked":"SKIP","floor":35.0},{"not_picked":["Poisoned Stab+1","Reflex","Concentrate"],"picked":"SKIP","floor":36.0},{"not_picked":["Calculated Gamble","Prepared+1","Dash+1"],"picked":"SKIP","floor":38}],"player_experience":364937,"relics_obtained":[{"floor":8.0,"key":"Anchor"},{"floor":9.0,"key":"Bag of Preparation"},{"floor":10.0,"key":"Mercury Hourglass"},{"floor":13.0,"key":"Dream Catcher"},{"floor":24.0,"key":"Pocketwatch"}],"event_choices":[{"damage_healed":0.0,"max_hp_gain":0.0,"max_hp_loss":0.0,"gold_gain":0.0,"event_name":"Liars Game","player_choice":"Ignored","floor":4.0,"gold_loss":0.0,"damage_taken":0.0},{"damage_healed":0.0,"max_hp_gain":5.0,"max_hp_loss":0.0,"gold_gain":0.0,"event_name":"Big Fish","player_choice":"Donut","floor":5.0,"gold_loss":0.0,"damage_taken":0.0},{"cards_removed":["Strike_G"],"damage_healed":0.0,"max_hp_gain":0.0,"max_hp_loss":0.0,"gold_gain":0.0,"event_name":"Wheel of Change","player_choice":"Card Removal","floor":19.0,"gold_loss":0.0,"damage_taken":0.0},{"damage_healed":0.0,"max_hp_gain":5.0,"max_hp_loss":0.0,"gold_gain":0.0,"event_name":"Forgotten Altar","player_choice":"Shed Blood","floor":22.0,"gold_loss":0.0,"damage_taken":25.0},{"damage_healed":0.0,"max_hp_gain":0.0,"max_hp_loss":0.0,"gold_gain":0.0,"event_name":"Vampires","player_choice":"Ignored","floor":27.0,"gold_loss":0.0,"damage_taken":0.0},{"damage_healed":0.0,"max_hp_gain":0.0,"max_hp_loss":0.0,"gold_gain":0.0,"cards_transformed":["Strike_G"],"event_name":"Transmorgrifier","player_choice":"Transformed","floor":30.0,"gold_loss":0.0,"damage_taken":0.0,"cards_obtained":["Well Laid Plans"]}],"is_beta":false,"boss_relics":[{"not_picked":["Pandora\u0027s Box","Coffee Dripper"],"picked":"WristBlade"},{"not_picked":["Black Star","SacredBark"],"picked":"SlaversCollar"}],"items_purged_floors":[29],"is_endless":false,"potions_floor_spawned":[8,11,16,20,24,33,36,38],"killed_by":"Maw","ascension_level":20}}