{"host":"a1eatafr7pisesky","time":1613294814,"event":{"mods":["AchievementEnabler","BaseMod","Colored Map","Keyboard Shortcuts","Minty Spire (QoL Compilation)","Say the Spire","StSLib","SuperFastMode","everything is the same but u backflip on backflip"],"gold_per_floor":[109,109,134,59,72,72,103,103,129,129,1,16,54,72,72,72,168,168,184,205,243,243,56,56,56,56,56,56,1,37,37,37,37,37],"floor_reached":33,"language":"KOR","playtime":638,"items_purged":["Strike_G","Defend_G"],"score":484,"play_id":"f9c44783-cac8-4c6a-835b-7882e8c595d6","local_time":"20210214182654","is_ascension_mode":true,"campfire_choices":[{"data":"Riddle With Holes","floor":6.0,"key":"SMITH"},{"data":"Calculated Gamble","floor":8.0,"key":"SMITH"},{"data":"Neutralize","floor":10.0,"key":"SMITH"},{"floor":16.0,"key":"REST"},{"floor":24.0,"key":"REST"},{"data":"Envenom","floor":26.0,"key":"SMITH"},{"data":"Acrobatics","floor":27.0,"key":"SMITH"}],"circlet_count":0,"master_deck":["AscendersBane","Defend_G","Defend_G","Defend_G","Defend_G","Survivor","Neutralize+1","Riddle With Holes+1","Dagger Throw","Calculated Gamble+1","Backflip","Dagger Spray","Eviscerate","PiercingWail","Endless Agony","Envenom+1","Noxious Fumes+1","Riddle With Holes+1","Outmaneuver+1","Reflex","Blade Dance","Acrobatics+1","PiercingWail","Leg Sweep"],"relics":["Ring of the Snake","Bloody Idol","Bag of Marbles","Snake Skull","Mango","Astrolabe","Red Mask","Kunai","Toy Ornithopter"],"acts_visited":["Exordium","TheCity"],"potions_floor_usage":[],"damage_taken":[{"damage":9.0,"enemies":"Jaw Worm","floor":1.0,"turns":6.0},{"damage":1.0,"enemies":"2 Louse","floor":3.0,"turns":3.0},{"damage":3.0,"enemies":"Small Slimes","floor":5.0,"turns":3.0},{"damage":12.0,"enemies":"Gremlin Nob","floor":7.0,"turns":3.0},{"damage":2.0,"enemies":"Red Slaver","floor":12.0,"turns":2.0},{"damage":23.0,"enemies":"3 Sentries","floor":13.0,"turns":7.0},{"damage":0.0,"enemies":"3 Louse","floor":14.0,"turns":2.0},{"damage":50.0,"enemies":"The Guardian","floor":17.0,"turns":15.0},{"damage":16.0,"enemies":"Shell Parasite","floor":19.0,"turns":5.0},{"damage":29.0,"enemies":"2 Thieves","floor":20.0,"turns":4.0},{"damage":13.0,"enemies":"Masked Bandits","floor":21.0,"turns":4.0},{"damage":19.0,"enemies":"Book of Stabbing","floor":30.0,"turns":5.0},{"damage":13,"enemies":"Shelled Parasite and Fungi","floor":33,"turns":1}],"seed_played":"3209815292823496674","potions_obtained":[{"floor":1.0,"key":"FearPotion"},{"floor":3.0,"key":"Strength Potion"},{"floor":7.0,"key":"Dexterity Potion"},{"floor":13.0,"key":"FearPotion"},{"floor":17.0,"key":"GamblersBrew"},{"floor":20.0,"key":"ColorlessPotion"},{"floor":30.0,"key":"DuplicationPotion"}],"is_trial":false,"path_per_floor":["M","?","M","?","M","R","E","R","T","R","$","M","E","M","M","R","B",null,"M","M","?","?","$","R","?","R","R","T","$","E","?","$","M"],"character_chosen":"THE_SILENT","items_purchased":["Dagger Spray","Leg Sweep","AttackPotion"],"campfire_rested":2,"item_purchase_floors":[11,23,29],"current_hp_per_floor":[56,56,55,55,52,52,40,40,40,40,40,38,29,29,29,52,2,60,44,15,2,2,2,25,25,25,25,25,25,6,6,6,0,0],"gold":37,"neow_bonus":"TEN_PERCENT_HP_BONUS","is_daily":false,"chose_seed":false,"campfire_upgraded":5,"win_rate":0.0,"timestamp":1613294814,"path_taken":["M","?","M","?","M","R","E","R","T","R","$","M","E","M","M","R","BOSS","M","M","?","?","$","R","?","R","R","T","$","E","?","$","M"],"items_purchased_type":["Card","Card","Potion"],"build_version":"2020-12-22","purchased_purges":2,"victory":false,"max_hp_per_floor":[72,65,65,65,65,65,65,65,65,65,65,65,79,79,79,79,79,79,79,79,79,79,79,79,79,79,79,79,79,79,79,79,79,79],"card_choices":[{"not_picked":["Skewer","Setup"],"picked":"Riddle With Holes","floor":1.0},{"not_picked":["Bane","Prepared"],"picked":"Dagger Throw","floor":3.0},{"not_picked":["Backflip","Noxious Fumes"],"picked":"Calculated Gamble","floor":5.0},{"not_picked":["Outmaneuver","Quick Slash"],"picked":"Backflip","floor":7.0},{"not_picked":["Dodge and Roll","Flying Knee"],"picked":"Eviscerate","floor":12.0},{"not_picked":["Flying Knee","All Out Attack"],"picked":"PiercingWail","floor":13.0},{"not_picked":["Dagger Throw","Eviscerate"],"picked":"Endless Agony","floor":14.0},{"not_picked":["Adrenaline","After Image"],"picked":"Envenom","floor":17.0},{"not_picked":["Finisher","Dagger Spray"],"picked":"Reflex","floor":19.0},{"not_picked":["Slice","Deflect"],"picked":"Blade Dance","floor":20.0},{"not_picked":["Infinite Blades","Footwork"],"picked":"Acrobatics","floor":21.0},{"not_picked":["Eviscerate","Doppelganger","Dash+1"],"picked":"SKIP","floor":30.0}],"player_experience":450379,"relics_obtained":[{"floor":7.0,"key":"Bag of Marbles"},{"floor":9.0,"key":"Snake Skull"},{"floor":13.0,"key":"Mango"},{"floor":21.0,"key":"Red Mask"},{"floor":28.0,"key":"Kunai"},{"floor":30.0,"key":"Toy Ornithopter"}],"event_choices":[{"damage_healed":0.0,"max_hp_gain":0.0,"max_hp_loss":7.0,"gold_gain":0.0,"event_name":"Golden Idol","player_choice":"Lose Max HP","floor":2.0,"gold_loss":0.0,"damage_taken":0.0,"relics_obtained":["Golden Idol"]},{"cards_removed":["Strike_G"],"damage_healed":0.0,"max_hp_gain":0.0,"max_hp_loss":0.0,"gold_gain":0.0,"event_name":"The Cleric","player_choice":"Card Removal","floor":4.0,"gold_loss":75.0,"damage_taken":0.0},{"damage_healed":0.0,"max_hp_gain":0.0,"max_hp_loss":0.0,"gold_gain":0.0,"event_name":"Masked Bandits","player_choice":"Fought Bandits","floor":21.0,"gold_loss":0.0,"damage_taken":0.0},{"damage_healed":0.0,"max_hp_gain":0.0,"max_hp_loss":0.0,"gold_gain":0.0,"event_name":"The Library","player_choice":"Read","floor":22.0,"gold_loss":0.0,"damage_taken":0.0,"cards_obtained":["PiercingWail"]},{"damage_healed":0.0,"max_hp_gain":0.0,"max_hp_loss":0.0,"gold_gain":0.0,"event_name":"Forgotten Altar","player_choice":"Gave Idol","floor":31.0,"relics_lost":["Golden Idol"],"gold_loss":0.0,"damage_taken":0.0,"relics_obtained":["Bloody Idol"]}],"is_beta":false,"boss_relics":[{"not_picked":["Pandora\u0027s Box","Tiny House"],"picked":"Astrolabe"}],"items_purged_floors":[11,23],"is_endless":false,"potions_floor_spawned":[1,3,7,13,17,20,30],"killed_by":"Shelled Parasite and Fungi","ascension_level":16}}