{"host":"16x737ox6kf7h9su","time":1613268893,"event":{"mods":["BaseMod","Minty Spire (QoL Compilation)","Rare Cards Sparkle"],"gold_per_floor":[111,186,361,381,393,393,3,20,74,84,84,12,44,44,44,44,44],"floor_reached":16,"language":"ENG","playtime":477,"items_purged":["Doubt"],"score":115,"play_id":"bc0ec1b2-30ba-461a-896b-e810dc99e79e","local_time":"20210213211453","is_ascension_mode":true,"campfire_choices":[{"floor":6,"key":"REST"},{"data":"Wraith Form v2","floor":11,"key":"SMITH"},{"data":"Finisher","floor":15,"key":"SMITH"}],"circlet_count":0,"master_deck":["Strike_G","Strike_G","Strike_G","Strike_G","Strike_G","Defend_G","Defend_G","Defend_G","Defend_G","Defend_G","Survivor","Neutralize","Finisher+1","Wraith Form v2+1","Terror"],"relics":["Ring of the Snake","Membership Card","Boot","Gremlin Horn","Sling","Nunchaku"],"acts_visited":["Exordium"],"potions_floor_usage":[8,13,13,16],"damage_taken":[{"damage":1,"enemies":"Cultist","floor":1,"turns":5},{"damage":0,"enemies":"Small Slimes","floor":4,"turns":5},{"damage":10,"enemies":"Jaw Worm","floor":5,"turns":7},{"damage":13,"enemies":"Lots of Slimes","floor":8,"turns":2},{"damage":1,"enemies":"2 Fungi Beasts","floor":10,"turns":3},{"damage":22,"enemies":"3 Sentries","floor":13,"turns":5},{"damage":75,"enemies":"Slime Boss","floor":16,"turns":12}],"seed_played":"-6787610830132220232","potions_obtained":[{"floor":4,"key":"Fire Potion"},{"floor":8,"key":"PowerPotion"},{"floor":10,"key":"PowerPotion"},{"floor":13,"key":"Weak Potion"}],"is_trial":false,"path_per_floor":["M","?","?","M","M","R","$","M","T","M","R","$","E","?","R","B"],"character_chosen":"THE_SILENT","items_purchased":["Membership Card","Boot","Gremlin Horn","Sling"],"campfire_rested":1,"item_purchase_floors":[7,7,7,12],"current_hp_per_floor":[76,65,65,65,55,77,77,64,64,63,63,63,41,66,66,0,0],"gold":44,"neow_bonus":"TEN_PERCENT_HP_BONUS","is_daily":false,"chose_seed":false,"campfire_upgraded":2,"win_rate":0.0,"timestamp":1613268893,"path_taken":["M","?","?","M","?","R","$","M","T","?","R","$","E","?","R","BOSS"],"items_purchased_type":["Relic","Relic","Relic","Relic"],"build_version":"2020-12-22","purchased_purges":1,"victory":false,"max_hp_per_floor":[77,77,77,77,77,77,77,77,77,77,77,77,77,77,77,77,77],"card_choices":[{"not_picked":["Poisoned Stab","Blur","Deadly Poison"],"picked":"SKIP","floor":1},{"not_picked":["Backflip","Acrobatics","Reflex"],"picked":"SKIP","floor":4},{"not_picked":["Sucker Punch","Concentrate"],"picked":"Finisher","floor":5},{"not_picked":["Dagger Spray","Quick Slash"],"picked":"Wraith Form v2","floor":8},{"not_picked":["Escape Plan","Poisoned Stab","PiercingWail"],"picked":"SKIP","floor":10},{"not_picked":["Flying Knee","Prepared"],"picked":"Terror","floor":13}],"player_experience":82631,"relics_obtained":[{"floor":13,"key":"Nunchaku"}],"event_choices":[{"damage_healed":0,"gold_gain":75,"player_choice":"Gather Gold","damage_taken":11,"max_hp_gain":0,"max_hp_loss":0,"event_name":"World of Goop","floor":2,"gold_loss":0},{"damage_healed":0,"gold_gain":175,"player_choice":"AGREE","damage_taken":0,"max_hp_gain":0,"max_hp_loss":0,"event_name":"Liars Game","floor":3,"gold_loss":0,"cards_obtained":["Doubt"]},{"damage_healed":25,"gold_gain":0,"player_choice":"Banana","damage_taken":0,"max_hp_gain":0,"max_hp_loss":0,"event_name":"Big Fish","floor":14,"gold_loss":0}],"is_beta":false,"boss_relics":[],"items_purged_floors":[7],"is_endless":false,"potions_floor_spawned":[4,8,10,13],"killed_by":"Slime Boss","ascension_level":3}}