{"host":"Ringo","time":1613314022,"event":{"mods":["BaseMod","Colored Map","Conspire","Dota2Spire","Hubris","Minty Spire (QoL Compilation)","Replay The Spire","StSLib","The Construct","[IsaacMod]ÒÔÈö¼âËþ","¡¾ÒÅÎï¿¨ÅÆ¡¿REMEMod"],"gold_per_floor":[114,114,130,55,55,83,111,146,172,203,231,258,287,300,300,373,373,383,399,18,45,63,94,94,123,123,153,181,181,216,241,241,313,313,326,326,337,371,382,412,439,465,537,607,607,130,191,247,247,327,417],"floor_reached":52,"language":"ZHS","playtime":1154,"items_purged":["conspire:Purge+1"],"score":4011,"play_id":"0f319c23-9404-4a54-ad71-a42ae2611628","local_time":"20210214224702","daily_mods":["SealedDeck","Vintage","Red Cards","Green Cards","Colorless Cards","Heirloom","Time Dilation","Flight","DeadlyEvents","Elite Swarm","Lethality","Binary"],"is_ascension_mode":true,"campfire_choices":[{"data":"Armaments","floor":15.0,"key":"SMITH"},{"data":"hubris:EnhanceAbility","floor":24.0,"key":"SMITH"},{"data":"REME_Fury","floor":29,"key":"SMITH"},{"data":"Backstab","floor":32,"key":"SMITH"},{"data":"ReplayTheSpireMod:Private Reserves","floor":49,"key":"SMITH"}],"circlet_count":0,"master_deck":["AscendersBane","Sword Boomerang","Hidden Blade","Ghostly Armor","Blade Dance","Infernal Blade","Armaments+1","Cloak And Dagger","Dagger Throw","Cleave","Ball Lightning","Backstab+1","hubris:EnhanceAbility+1","REME_HeartOfCthun","REME_Fury+1","REME_BodyOfCthun","REME_MawOfCthun","ReplayTheSpireMod:Private Reserves+1","Backflip","REME_ProfessionalPlagiarism","Swift Strike","Replay:Bootleg Shield Generator","Secret Weapon"],"relics":["Burning Blood","Busted Crown","HushsDoor","REME_ComplimentaryCards","replay:Trail_Library","Peace Pipe","DoctorsRemote","HowToJump","Mercury Hourglass","Dota2Spire:LinkenSphere","Dota2Spire:OctarineCore","hubris:MysteriousPyramids","Regal Pillow","Dota2Spire:MonkeyKingBar","Art of War","Leech","Bag of Preparation","Question Card","hubris:ScarierMask","GuppysHead","GuppysPaw","Dota2Spire:BattleFury","hubris:Potato","SteamSale","Dota2Spire:AghanimScepter","BelialBook","Happy Flower","hubris:BottledRain","AnarchistCookbook","Lizard Tail","hubris:CrystalStatue","Incense Burner","hubris:TinFlute","hubris:FunFungus","Dota2Spire:BlackKingBar","REME_LowDesire","Pen Nib","Toy Ornithopter","Paper Frog","Chameleon Ring","Blood Vial","REME_HandOfSuture","DeathBook","Lantern","Replay:Bandana","White Beast Statue","ReplayTheSpireMod:TigerMarble","Dota2Spire:AssaultCuirass","Dota2Spire:Vanguard","Strange Spoon","Unceasing Top","The Courier"],"acts_visited":["Exordium","TheCity","TheBeyond"],"potions_floor_usage":[44,51,51],"damage_taken":[{"damage":0.0,"enemies":"Small Slimes","floor":1.0,"turns":1.0},{"damage":0.0,"enemies":"Jaw Worm","floor":3.0,"turns":1.0},{"damage":0.0,"enemies":"Lagavulin","floor":6.0,"turns":2.0},{"damage":14.0,"enemies":"Replay:BlueRogue","floor":7.0,"turns":2.0},{"damage":0.0,"enemies":"Lagavulin","floor":8.0,"turns":2.0},{"damage":0.0,"enemies":"3 Sentries","floor":10.0,"turns":1.0},{"damage":0.0,"enemies":"Lagavulin","floor":11.0,"turns":1.0},{"damage":0.0,"enemies":"Replay:BlueRogue","floor":12.0,"turns":1.0},{"damage":0.0,"enemies":"3 Sentries","floor":13.0,"turns":2.0},{"damage":0.0,"enemies":"conspire:RoseBush","floor":14.0,"turns":1.0},{"damage":0.0,"enemies":"Hexaghost","floor":16.0,"turns":1.0},{"damage":0.0,"enemies":"Shell Parasite","floor":18.0,"turns":1.0},{"damage":0.0,"enemies":"Spheric Guardian","floor":19.0,"turns":1.0},{"damage":0.0,"enemies":"REME_1_Revenger","floor":21.0,"turns":1.0},{"damage":0.0,"enemies":"Snake Plant","floor":22.0,"turns":1.0},{"damage":0.0,"enemies":"Book of Stabbing","floor":23.0,"turns":1.0},{"damage":0.0,"enemies":"Gremlin Leader","floor":25.0,"turns":1.0},{"damage":0.0,"enemies":"conspire:Head Lice","floor":27.0,"turns":1.0},{"damage":0,"enemies":"conspire:SneckoGhost","floor":28,"turns":1},{"damage":0,"enemies":"conspire:Head Lice","floor":30,"turns":1},{"damage":0,"enemies":"Slavers","floor":31,"turns":1},{"damage":0,"enemies":"Automaton","floor":33,"turns":1},{"damage":0,"enemies":"Orb Walker","floor":35,"turns":1},{"damage":0,"enemies":"3 Darklings","floor":37,"turns":1},{"damage":0,"enemies":"R_Hoarder","floor":38,"turns":1},{"damage":0,"enemies":"Sphere and 2 Shapes","floor":39,"turns":1},{"damage":0,"enemies":"Reptomancer","floor":40,"turns":1},{"damage":0,"enemies":"R_Hoarder","floor":42,"turns":2},{"damage":0,"enemies":"Nemesis","floor":44,"turns":1},{"damage":0,"enemies":"R_Hoarder","floor":47,"turns":1},{"damage":0,"enemies":"Nemesis","floor":48,"turns":1},{"damage":0,"enemies":"hubris:GrandSnecko","floor":50,"turns":1},{"damage":0,"enemies":"Donu and Deca","floor":51,"turns":1}],"seed_played":"4115741047419161843","potions_obtained":[{"floor":1.0,"key":"Dota2Spire:Clarity"},{"floor":8.0,"key":"DistilledChaos"},{"floor":14.0,"key":"PowerPotion"},{"floor":19.0,"key":"ColorlessPotion"},{"floor":31,"key":"PowerPotion"},{"floor":39,"key":"Ancient Potion"},{"floor":44,"key":"LifebloodPotion"}],"is_trial":true,"path_per_floor":["M","?","M","$","?","E","E","E","T","E","E","E","E","M","R","B",null,"M","M","$","E","M","E","R","E","T","E","E","R","E","E","R","B",null,"M","?","M","E","M","E","T","E","T","E","?","$","E","E","R","B","B",null],"character_chosen":"IRONCLAD","items_purchased":["GuppysHead","GuppysPaw","SteamSale","Dota2Spire:AghanimScepter","BelialBook","Dota2Spire:AssaultCuirass","Dota2Spire:Vanguard","Strange Spoon","Replay:Bootleg Shield Generator","Secret Weapon"],"campfire_rested":0,"item_purchase_floors":[17,17,20,20,20,46,46,46,46,46],"current_hp_per_floor":[74,74,75,75,75,75,67,73,73,75,75,75,75,75,75,75,40,40,40,40,40,40,40,40,40,40,40,40,40,40,40,40,40,40,40,40,40,40,40,40,40,40,40,40,40,40,40,40,1,1,1],"gold":417,"neow_bonus":"","is_daily":false,"chose_seed":false,"campfire_upgraded":5,"win_rate":0.0,"timestamp":1613314022,"path_taken":["M","?","M","$","?","E","E","E","T","E","E","E","E","M","R","BOSS","M","?","?","?","M","E","R","E","T","E","E","R","E","?","R","BOSS","M","?","?","?","M","E","?","E","T","E","?","$","E","E","R","BOSS","BOSS"],"items_purchased_type":["Relic","Relic","Relic","Relic","Relic","Relic","Relic","Relic","Card","Card"],"build_version":"2020-12-18","purchased_purges":1,"victory":true,"max_hp_per_floor":[75,75,75,75,75,75,75,75,75,75,75,75,75,75,75,75,40,40,40,40,40,40,40,40,40,40,40,40,40,40,40,40,40,40,40,40,40,40,40,40,40,40,40,40,40,40,40,40,1,1,1],"card_choices":[{"not_picked":[],"picked":"hubris:EnhanceAbility","floor":16.0},{"not_picked":["Replay:Bag of Tricks"],"picked":"SKIP","floor":21.0},{"not_picked":[],"picked":"REME_HeartOfCthun","floor":23.0},{"not_picked":[],"picked":"REME_Fury","floor":25.0},{"not_picked":["Midas Touch"],"picked":"SKIP","floor":27},{"not_picked":["conspire:HitWhereItHurts"],"picked":"SKIP","floor":28},{"not_picked":[],"picked":"REME_BodyOfCthun","floor":30},{"not_picked":["Brutality"],"picked":"SKIP","floor":31},{"not_picked":[],"picked":"REME_MawOfCthun","floor":33},{"not_picked":["REME_BattleFury","ReplayTheSpireMod:Brewmster"],"picked":"SKIP","floor":38},{"not_picked":["Eclipse","Specialist"],"picked":"SKIP","floor":40},{"not_picked":["conspire:HitWhereItHurts"],"picked":"ReplayTheSpireMod:Private Reserves","floor":42},{"not_picked":["HandOfGreed"],"picked":"REME_ProfessionalPlagiarism","floor":44},{"not_picked":["REME_BodyOfCthun","Mayhem"],"picked":"SKIP","floor":47},{"not_picked":["REME_GrazeFinale","BloodyBrimstone"],"picked":"SKIP","floor":48}],"player_experience":693224,"relics_obtained":[{"floor":1.0,"key":"HowToJump"},{"floor":3.0,"key":"Mercury Hourglass"},{"floor":6.0,"key":"Dota2Spire:LinkenSphere"},{"floor":7.0,"key":"Dota2Spire:OctarineCore"},{"floor":8.0,"key":"hubris:MysteriousPyramids"},{"floor":9.0,"key":"Regal Pillow"},{"floor":10.0,"key":"Dota2Spire:MonkeyKingBar"},{"floor":11.0,"key":"Art of War"},{"floor":12.0,"key":"Leech"},{"floor":13.0,"key":"Bag of Preparation"},{"floor":14.0,"key":"Question Card"},{"floor":18.0,"key":"Dota2Spire:BattleFury"},{"floor":19.0,"key":"hubris:Potato"},{"floor":21.0,"key":"Happy Flower"},{"floor":22.0,"key":"hubris:BottledRain"},{"floor":23.0,"key":"AnarchistCookbook"},{"floor":25.0,"key":"Lizard Tail"},{"floor":26.0,"key":"hubris:CrystalStatue"},{"floor":27,"key":"Incense Burner"},{"floor":28,"key":"hubris:TinFlute"},{"floor":30,"key":"hubris:FunFungus"},{"floor":31,"key":"Dota2Spire:BlackKingBar"},{"floor":34,"key":"Pen Nib"},{"floor":34,"key":"Toy Ornithopter"},{"floor":35,"key":"Paper Frog"},{"floor":37,"key":"Chameleon Ring"},{"floor":38,"key":"Blood Vial"},{"floor":39,"key":"REME_HandOfSuture"},{"floor":40,"key":"DeathBook"},{"floor":41,"key":"Lantern"},{"floor":42,"key":"Replay:Bandana"},{"floor":43,"key":"White Beast Statue"},{"floor":44,"key":"ReplayTheSpireMod:TigerMarble"},{"floor":47,"key":"Unceasing Top"},{"floor":48,"key":"The Courier"}],"event_choices":[{"damage_healed":0,"gold_gain":0,"player_choice":"Ignored","damage_taken":0,"max_hp_gain":0,"max_hp_loss":0,"event_name":"Transmorgrifier","floor":36,"gold_loss":0},{"damage_healed":0,"gold_gain":0,"player_choice":"Memory 1","damage_taken":0,"max_hp_gain":0,"max_hp_loss":0,"event_name":"SensoryStone","floor":45,"gold_loss":0}],"is_beta":true,"boss_relics":[{"not_picked":["Empty Cage","conspire:SeveredTorchhead"],"picked":"hubris:ScarierMask"},{"not_picked":[]},{"not_picked":["Replay:Grab Bag","Painkiller Herb"],"picked":"REME_LowDesire"},{"not_picked":[]}],"items_purged_floors":[4],"is_endless":false,"potions_floor_spawned":[1,8,10,13,14,19,27,31,37,38,39,44,47,48],"ascension_level":20}}