{"host":"a57oumegxze0vmhs","time":1613306453,"event":{"mods":["AchievementEnabler","BaseMod","Colored Powertips","Minty Spire (QoL Compilation)","Relic Stats"],"gold_per_floor":[111,123,123,143,154,154,182,198,198,232,232,232,242,242,242,341,341,354,354,4,4,24,50,50,76,76,111,125,51,51,68,68,172,172,187,187,201,201,37,37,85,117,117,130,130,157,157,157,157,157],"floor_reached":51,"language":"ENG","playtime":2269,"items_purged":["Doubt","Decay"],"score":1324,"play_id":"80dfcd9d-5b67-45af-be5e-7bd5eacd3de8","local_time":"20210214144053","is_ascension_mode":true,"campfire_choices":[{"data":"Riddle With Holes","floor":6.0,"key":"SMITH"},{"floor":11.0,"key":"REST"},{"floor":15.0,"key":"REST"},{"floor":24.0,"key":"REST"},{"floor":32.0,"key":"REST"},{"data":"Noxious Fumes","floor":40.0,"key":"SMITH"},{"data":"Footwork","floor":45,"key":"SMITH"},{"floor":47,"key":"REST"},{"data":"After Image","floor":49,"key":"SMITH"}],"circlet_count":0,"master_deck":["AscendersBane","Strike_G","Strike_G","Strike_G","Strike_G","Defend_G","Defend_G","Defend_G","Defend_G","Defend_G","Survivor","Neutralize","Riddle With Holes+1","Cloak And Dagger","Flechettes","Masterful Stab","Quick Slash","After Image","Poisoned Stab","Dash","Prepared","PiercingWail","A Thousand Cuts+1","Noxious Fumes+1","Blade Dance+1","Accuracy+1","Footwork+1","After Image+1","Blade Dance+1","Secret Technique"],"relics":["Ring of the Snake","Anchor","Ninja Scroll","Snake Skull","HornCleat","FossilizedHelix","Cursed Key","Membership Card","Mummified Hand","Sundial","InkBottle","Bottled Lightning","Pocketwatch","Busted Crown","Frozen Eye","CaptainsWheel","Mercury Hourglass","Blood Vial"],"acts_visited":["Exordium","TheCity","TheBeyond"],"potions_floor_usage":[50],"damage_taken":[{"damage":0.0,"enemies":"Small Slimes","floor":1.0,"turns":3.0},{"damage":2.0,"enemies":"Jaw Worm","floor":2.0,"turns":5.0},{"damage":0.0,"enemies":"2 Louse","floor":4.0,"turns":3.0},{"damage":4.0,"enemies":"Red Slaver","floor":5.0,"turns":5.0},{"damage":22.0,"enemies":"3 Sentries","floor":7.0,"turns":8.0},{"damage":0.0,"enemies":"3 Louse","floor":8.0,"turns":3.0},{"damage":22.0,"enemies":"Lagavulin","floor":10.0,"turns":5.0},{"damage":0.0,"enemies":"Gremlin Gang","floor":13.0,"turns":4.0},{"damage":37.0,"enemies":"Hexaghost","floor":16.0,"turns":15.0},{"damage":0.0,"enemies":"Chosen","floor":18.0,"turns":4.0},{"damage":0.0,"enemies":"Spheric Guardian","floor":22.0,"turns":3.0},{"damage":28.0,"enemies":"Book of Stabbing","floor":23.0,"turns":7.0},{"damage":16.0,"enemies":"Slavers","floor":25.0,"turns":4.0},{"damage":20.0,"enemies":"Gremlin Leader","floor":27.0,"turns":6.0},{"damage":0.0,"enemies":"Cultist and Chosen","floor":28.0,"turns":4.0},{"damage":0.0,"enemies":"Sentry and Sphere","floor":31.0,"turns":3.0},{"damage":0.0,"enemies":"Collector","floor":33.0,"turns":8.0},{"damage":0.0,"enemies":"3 Darklings","floor":35.0,"turns":6.0},{"damage":0.0,"enemies":"3 Shapes","floor":37.0,"turns":2.0},{"damage":5.0,"enemies":"2 Orb Walkers","floor":41.0,"turns":5.0},{"damage":0.0,"enemies":"Reptomancer","floor":42.0,"turns":5.0},{"damage":0,"enemies":"Maw","floor":44,"turns":7},{"damage":9,"enemies":"Giant Head","floor":46,"turns":8},{"damage":41,"enemies":"Awakened One","floor":50,"turns":12}],"seed_played":"-8265282737505419017","potions_obtained":[{"floor":2.0,"key":"LiquidMemories"},{"floor":10.0,"key":"Ancient Potion"},{"floor":13.0,"key":"CunningPotion"},{"floor":16.0,"key":"FearPotion"},{"floor":28.0,"key":"Block Potion"}],"is_trial":false,"path_per_floor":["M","M","?","M","M","R","E","M","T","E","R","T","M","T","R","B",null,"M","?","$","?","M","E","R","E","T","E","M","$","?","M","R","B",null,"M","?","M","?","$","R","?","E","T","M","R","E","R","?","R","B",null],"character_chosen":"THE_SILENT","items_purchased":["Membership Card","Mummified Hand","A Thousand Cuts","Footwork","Frozen Eye","Regen Potion"],"campfire_rested":5,"item_purchase_floors":[20,20,20,29,39,39],"current_hp_per_floor":[63,61,66,66,62,62,40,40,40,18,40,40,40,40,62,25,63,63,63,63,63,63,35,57,41,41,21,21,21,21,21,43,43,67,67,67,67,67,67,67,62,62,62,62,62,53,71,71,71,44],"gold":157,"neow_bonus":"TRANSFORM_CARD","is_daily":false,"chose_seed":false,"campfire_upgraded":4,"win_rate":0.0,"timestamp":1613306453,"path_taken":["M","M","?","M","M","R","E","M","T","E","R","?","M","?","R","BOSS","M","?","$","?","M","E","R","E","T","E","?","?","?","M","R","BOSS","M","?","?","?","$","R","?","E","T","M","R","E","R","?","R","BOSS"],"items_purchased_type":["Relic","Relic","Card","Card","Relic","Potion"],"build_version":"2020-12-22","purchased_purges":2,"victory":true,"max_hp_per_floor":[70,70,75,75,75,75,75,75,75,75,75,75,75,75,75,75,75,75,75,75,75,75,75,75,75,75,75,75,75,75,75,75,75,75,75,75,75,71,71,71,71,71,71,71,71,71,71,71,71,71],"relic_stats":{"Blood Vial":0,"Busted Crown":14,"counters":[24,135],"Mummified Hand":[65],"Sundial":[6],"Snake Skull":[91],"Cursed Key":1,"obtain_stats":[{"Snake Skull":10,"Cursed Key":17,"Mercury Hourglass":42,"Blood Vial":46,"Frozen Eye":39,"Anchor":7,"CaptainsWheel":41,"HornCleat":12,"Busted Crown":34,"Ninja Scroll":9,"Mummified Hand":20,"Sundial":23,"Membership Card":20,"Bottled Lightning":26,"FossilizedHelix":14,"InkBottle":25,"Ring of the Snake":0,"Pocketwatch":27},{"Snake Skull":7,"Cursed Key":9,"Mercury Hourglass":21,"Blood Vial":23,"Frozen Eye":19,"Anchor":5,"CaptainsWheel":20,"HornCleat":7,"Busted Crown":17,"Ninja Scroll":6,"Mummified Hand":10,"Sundial":12,"Membership Card":10,"Bottled Lightning":13,"FossilizedHelix":8,"InkBottle":13,"Ring of the Snake":0,"Pocketwatch":14},{"Snake Skull":32,"Cursed Key":51,"Mercury Hourglass":108,"Blood Vial":123,"Frozen Eye":98,"Anchor":24,"CaptainsWheel":103,"HornCleat":32,"Busted Crown":90,"Ninja Scroll":27,"Mummified Hand":55,"Sundial":65,"Membership Card":55,"Bottled Lightning":69,"FossilizedHelix":36,"InkBottle":69,"Ring of the Snake":0,"Pocketwatch":75}],"InkBottle":[45],"Ring of the Snake":[48],"Pocketwatch":[6],"Mercury Hourglass":[96]},"card_choices":[{"not_picked":["Bane","Flying Knee"],"picked":"Cloak And Dagger","floor":1.0},{"not_picked":["Outmaneuver","Cloak And Dagger"],"picked":"Flechettes","floor":2.0},{"not_picked":["Outmaneuver","Poisoned Stab"],"picked":"Masterful Stab","floor":4.0},{"not_picked":["Tactician","Endless Agony"],"picked":"Quick Slash","floor":5.0},{"not_picked":["Slice","Skewer"],"picked":"After Image","floor":7.0},{"not_picked":["Bane","Setup"],"picked":"Poisoned Stab","floor":8.0},{"not_picked":["Blur","Dagger Spray"],"picked":"Dash","floor":10.0},{"not_picked":["Acrobatics","Tactician"],"picked":"Prepared","floor":13.0},{"not_picked":["Slice","Underhanded Strike"],"picked":"PiercingWail","floor":18.0},{"not_picked":["All Out Attack","Slice+1"],"picked":"Noxious Fumes","floor":22.0},{"not_picked":["Poisoned Stab","Slice"],"picked":"Blade Dance+1","floor":23.0},{"not_picked":["Escape Plan","Bane"],"picked":"Accuracy+1","floor":25.0},{"not_picked":["Burst","Underhanded Strike","Flying Knee"],"picked":"SKIP","floor":27.0},{"not_picked":["Infinite Blades","Backstab","Reflex"],"picked":"SKIP","floor":28.0},{"not_picked":["Dash","Blur","Setup+1"],"picked":"SKIP","floor":31.0},{"not_picked":["Phantasmal Killer","Night Terror"],"picked":"After Image","floor":33.0},{"not_picked":["Deflect"],"picked":"SKIP","floor":35.0},{"not_picked":["Flying Knee"],"picked":"SKIP","floor":37.0},{"not_picked":["Dodge and Roll"],"picked":"SKIP","floor":42.0},{"not_picked":["Deadly Poison"],"picked":"SKIP","floor":44},{"not_picked":["PiercingWail"],"picked":"SKIP","floor":46},{"not_picked":[],"picked":"Secret Technique","floor":48}],"player_experience":444160,"relics_obtained":[{"floor":7.0,"key":"Anchor"},{"floor":9.0,"key":"Ninja Scroll"},{"floor":10.0,"key":"Snake Skull"},{"floor":12.0,"key":"HornCleat"},{"floor":14.0,"key":"FossilizedHelix"},{"floor":23.0,"key":"Sundial"},{"floor":25.0,"key":"InkBottle"},{"floor":26.0,"key":"Bottled Lightning"},{"floor":27.0,"key":"Pocketwatch"},{"floor":41.0,"key":"CaptainsWheel"},{"floor":42.0,"key":"Mercury Hourglass"},{"floor":46,"key":"Blood Vial"}],"event_choices":[{"damage_healed":0.0,"max_hp_gain":5.0,"max_hp_loss":0.0,"gold_gain":0.0,"event_name":"Big Fish","player_choice":"Donut","floor":3.0,"gold_loss":0.0,"damage_taken":0.0},{"damage_healed":0.0,"max_hp_gain":0.0,"max_hp_loss":0.0,"gold_gain":0.0,"event_name":"Vampires","player_choice":"Ignored","floor":19.0,"gold_loss":0.0,"damage_taken":0.0},{"damage_healed":0.0,"max_hp_gain":0.0,"max_hp_loss":0.0,"gold_gain":0.0,"event_name":"Upgrade Shrine","player_choice":"Upgraded","floor":21.0,"gold_loss":0.0,"damage_taken":0.0,"cards_upgraded":["A Thousand Cuts"]},{"damage_healed":0.0,"max_hp_gain":0.0,"max_hp_loss":0.0,"gold_gain":0.0,"event_name":"Forgotten Altar","player_choice":"Smashed Altar","floor":30.0,"gold_loss":0.0,"damage_taken":0.0,"cards_obtained":["Decay"]},{"damage_healed":0.0,"max_hp_gain":0.0,"max_hp_loss":0.0,"gold_gain":0.0,"event_name":"Duplicator","player_choice":"Copied","floor":36.0,"gold_loss":0.0,"damage_taken":0.0,"cards_obtained":["Blade Dance"]},{"damage_healed":0.0,"max_hp_gain":0.0,"max_hp_loss":4.0,"gold_gain":0.0,"event_name":"Winding Halls","player_choice":"Max HP","floor":38.0,"gold_loss":0.0,"damage_taken":0.0},{"damage_healed":0.0,"max_hp_gain":0.0,"max_hp_loss":0.0,"gold_gain":0.0,"event_name":"Mysterious Sphere","player_choice":"Fight","floor":41.0,"gold_loss":0.0,"damage_taken":0.0},{"damage_healed":0,"gold_gain":0,"player_choice":"Memory 1","damage_taken":0,"max_hp_gain":0,"max_hp_loss":0,"event_name":"SensoryStone","floor":48,"gold_loss":0}],"is_beta":false,"boss_relics":[{"not_picked":["Fusion Hammer","Ring of the Serpent"],"picked":"Cursed Key"},{"not_picked":["Runic Pyramid","Calling Bell"],"picked":"Busted Crown"}],"items_purged_floors":[29,39],"is_endless":false,"potions_floor_spawned":[2,10,13,16,22,28,42,46],"ascension_level":12}}