{"host":"i4d8tgqbnmcnjm0a","time":1613335523,"event":{"mods":["BaseMod","Keyboard Shortcuts","Minty Spire (QoL Compilation)"],"gold_per_floor":[118,293,307,307,324,356,356,381,381,346,97,67,83,83,83,187,187,206,305,316,17,33,60,74,86,86,86,35,55,74,91,91,189,189,201,216,232,332,91,123,138,153,204,204,237,249,284,300,300,300],"floor_reached":51,"language":"ENG","playtime":6487,"items_purged":["Strike_G","Doubt"],"score":1056,"play_id":"5e6e75c8-3961-4569-9d70-145c6563bbb9","local_time":"20210214154523","is_ascension_mode":true,"campfire_choices":[{"data":"Noxious Fumes","floor":7,"key":"SMITH"},{"data":"Footwork","floor":15,"key":"SMITH"},{"data":"Adrenaline","floor":27,"key":"SMITH"},{"data":"Prepared","floor":32,"key":"SMITH"},{"data":"Blur","floor":44,"key":"SMITH"},{"floor":49,"key":"RECALL"}],"circlet_count":0,"master_deck":["Strike_G","Strike_G","Strike_G","Strike_G","Defend_G","Defend_G","Defend_G","Defend_G","Defend_G","Survivor","Neutralize","Blur+1","Escape Plan","Noxious Fumes+1","Quick Slash","Footwork+1","Choke","Deadly Poison","Adrenaline+1","CurseOfTheBell","Prepared+1","Prepared+1","Deadly Poison+1","Accuracy","Reflex+1","Escape Plan","Dagger Throw+1","Prepared+1","Tools of the Trade+1","Backflip+1","Crippling Poison+1","Flash of Steel","Caltrops+1","Footwork+1"],"relics":["Coffee Dripper","PreservedInsect","Torii","Regal Pillow","Matryoshka","Calling Bell","Omamori","InkBottle","Bird Faced Urn","Toolbox","Mummified Hand","Oddly Smooth Stone","Frozen Egg 2","Pantograph","HoveringKite","Lee\u0027s Waffle","Lantern","Letter Opener","Juzu Bracelet","Snake Skull"],"acts_visited":["Exordium","TheCity","TheBeyond"],"potions_floor_usage":[6,6,16,16,18,22,24,25,29,30,33,45,47,50],"damage_taken":[{"damage":0,"enemies":"Small Slimes","floor":1,"turns":4},{"damage":0,"enemies":"2 Louse","floor":3,"turns":5},{"damage":4,"enemies":"Jaw Worm","floor":5,"turns":8},{"damage":10,"enemies":"3 Sentries","floor":6,"turns":8},{"damage":8,"enemies":"Lagavulin","floor":8,"turns":6},{"damage":20,"enemies":"Exordium Thugs","floor":10,"turns":5},{"damage":0,"enemies":"Looter","floor":13,"turns":3},{"damage":2,"enemies":"The Guardian","floor":16,"turns":10},{"damage":8,"enemies":"3 Byrds","floor":18,"turns":6},{"damage":1,"enemies":"Shell Parasite","floor":20,"turns":6},{"damage":11,"enemies":"Snecko","floor":22,"turns":6},{"damage":18,"enemies":"Book of Stabbing","floor":23,"turns":5},{"damage":6,"enemies":"Centurion and Healer","floor":24,"turns":6},{"damage":10,"enemies":"3 Cultists","floor":25,"turns":6},{"damage":15,"enemies":"Snake Plant","floor":29,"turns":4},{"damage":1,"enemies":"Centurion and Healer","floor":30,"turns":6},{"damage":1,"enemies":"Snecko","floor":31,"turns":4},{"damage":0,"enemies":"Automaton","floor":33,"turns":10},{"damage":0,"enemies":"3 Darklings","floor":35,"turns":6},{"damage":0,"enemies":"3 Shapes","floor":36,"turns":3},{"damage":8,"enemies":"Writhing Mass","floor":37,"turns":5},{"damage":15,"enemies":"Nemesis","floor":40,"turns":5},{"damage":0,"enemies":"4 Shapes","floor":41,"turns":5},{"damage":0,"enemies":"Maw","floor":42,"turns":5},{"damage":0,"enemies":"Giant Head","floor":45,"turns":7},{"damage":0,"enemies":"Sphere and 2 Shapes","floor":46,"turns":4},{"damage":0,"enemies":"Reptomancer","floor":47,"turns":5},{"damage":0,"enemies":"Writhing Mass","floor":48,"turns":5},{"damage":28,"enemies":"Awakened One","floor":50,"turns":14}],"seed_played":"3529324329681635950","potions_obtained":[{"floor":1,"key":"Fire Potion"},{"floor":5,"key":"GamblersBrew"},{"floor":8,"key":"Ancient Potion"},{"floor":16,"key":"EssenceOfSteel"},{"floor":18,"key":"Energy Potion"},{"floor":23,"key":"LiquidBronze"},{"floor":25,"key":"ColorlessPotion"},{"floor":29,"key":"EssenceOfSteel"},{"floor":31,"key":"Energy Potion"},{"floor":33,"key":"DuplicationPotion"},{"floor":37,"key":"Swift Potion"},{"floor":41,"key":"Dexterity Potion"},{"floor":46,"key":"FairyPotion"},{"floor":48,"key":"FairyPotion"}],"is_trial":false,"path_per_floor":["M","?","M","?","M","E","R","E","T","M","$","?","M","$","R","B",null,"M","?","M","$","M","E","M","M","T","R","?","M","M","M","R","B",null,"M","M","M","?","$","E","M","M","T","R","E","M","E","M","R","B",null],"character_chosen":"THE_SILENT","items_purchased":["GhostInAJar","Deadly Poison","Strength Potion","Toolbox","Fire Potion","Flash of Steel","Lee\u0027s Waffle"],"campfire_rested":0,"item_purchase_floors":[11,11,11,21,21,39,39],"current_hp_per_floor":[70,70,70,58,54,44,44,36,36,16,16,16,16,16,16,14,56,52,52,55,55,50,36,40,36,36,36,36,29,36,41,41,70,70,70,70,64,64,77,64,74,77,77,77,77,77,77,77,77,56],"gold":300,"neow_bonus":"BOSS_RELIC","is_daily":false,"chose_seed":false,"campfire_upgraded":5,"win_rate":0.0,"timestamp":1613335523,"path_taken":["M","?","M","?","M","E","R","E","T","M","$","?","M","?","R","BOSS","M","?","M","$","M","E","M","M","T","R","?","?","M","M","R","BOSS","M","M","M","?","$","E","M","M","T","R","E","M","E","M","R","BOSS"],"items_purchased_type":["Potion","Card","Potion","Relic","Potion","Card","Relic"],"build_version":"2020-12-22","purchased_purges":2,"victory":true,"max_hp_per_floor":[70,70,70,70,70,70,70,70,70,70,70,70,70,70,70,70,70,70,70,70,70,70,70,70,70,70,70,70,70,70,70,70,70,70,70,70,70,70,77,77,77,77,77,77,77,77,77,77,77,77],"card_choices":[{"not_picked":["Expertise","Dodge and Roll"],"picked":"Blur","floor":1},{"not_picked":["Leg Sweep","Catalyst"],"picked":"Escape Plan","floor":3},{"not_picked":["Terror","Choke"],"picked":"Noxious Fumes","floor":5},{"not_picked":["Blade Dance","Underhanded Strike"],"picked":"Quick Slash","floor":6},{"not_picked":["Outmaneuver","Underhanded Strike"],"picked":"Footwork","floor":8},{"not_picked":["Flying Knee","Concentrate"],"picked":"Choke","floor":10},{"not_picked":["Flying Knee","Poisoned Stab","Accuracy"],"picked":"SKIP","floor":13},{"not_picked":["Burst","Die Die Die"],"picked":"Adrenaline","floor":16},{"not_picked":["Deflect","Slice"],"picked":"Prepared+1","floor":18},{"not_picked":["All Out Attack","Leg Sweep"],"picked":"Prepared+1","floor":20},{"not_picked":["Grand Finale","Outmaneuver"],"picked":"Deadly Poison+1","floor":22},{"not_picked":["Underhanded Strike","Quick Slash+1"],"picked":"Accuracy","floor":23},{"not_picked":["Quick Slash","Deadly Poison"],"picked":"Reflex+1","floor":24},{"not_picked":["Dagger Spray","Dodge and Roll"],"picked":"Escape Plan","floor":25},{"not_picked":["Distraction","PiercingWail"],"picked":"Dagger Throw+1","floor":29},{"not_picked":["Eviscerate+1","Concentrate","Blade Dance"],"picked":"SKIP","floor":30},{"not_picked":["Flying Knee","Bouncing Flask"],"picked":"Prepared","floor":31},{"not_picked":["Burst","Glass Knife"],"picked":"Tools of the Trade+1","floor":33},{"not_picked":["Dagger Throw","Accuracy+1"],"picked":"Backflip+1","floor":35},{"not_picked":["Masterful Stab","Underhanded Strike+1"],"picked":"Crippling Poison+1","floor":36},{"not_picked":["Expertise+1","Prepared+1","Sucker Punch"],"picked":"SKIP","floor":37},{"not_picked":["Predator+1","Bullet Time"],"picked":"Caltrops+1","floor":40},{"not_picked":["Setup","Outmaneuver","Dodge and Roll+1"],"picked":"SKIP","floor":41},{"not_picked":["Skewer","Flying Knee+1","Cloak And Dagger+1"],"picked":"SKIP","floor":42},{"not_picked":["Skewer","Blur+1"],"picked":"Footwork+1","floor":45},{"not_picked":["Backflip+1","Poisoned Stab+1","Dagger Throw"],"picked":"SKIP","floor":46},{"not_picked":["Grand Finale","Poisoned Stab","Quick Slash"],"picked":"SKIP","floor":47},{"not_picked":["Underhanded Strike+1","Well Laid Plans+1","Heel Hook"],"picked":"SKIP","floor":48}],"player_experience":348231,"relics_obtained":[{"floor":6,"key":"Torii"},{"floor":8,"key":"Regal Pillow"},{"floor":9,"key":"Matryoshka"},{"floor":17,"key":"Omamori"},{"floor":17,"key":"InkBottle"},{"floor":17,"key":"Bird Faced Urn"},{"floor":23,"key":"Mummified Hand"},{"floor":26,"key":"Oddly Smooth Stone"},{"floor":26,"key":"Frozen Egg 2"},{"floor":40,"key":"Lantern"},{"floor":43,"key":"Letter Opener"},{"floor":45,"key":"Juzu Bracelet"},{"floor":47,"key":"Snake Skull"}],"event_choices":[{"damage_healed":0,"gold_gain":175,"player_choice":"AGREE","damage_taken":0,"max_hp_gain":0,"max_hp_loss":0,"event_name":"Liars Game","floor":2,"gold_loss":0,"cards_obtained":["Doubt"]},{"damage_healed":0,"gold_gain":0,"player_choice":"Success","damage_taken":12,"relics_obtained":["PreservedInsect"],"max_hp_gain":0,"max_hp_loss":0,"event_name":"Scrap Ooze","floor":4,"gold_loss":0},{"damage_healed":0,"gold_gain":0,"player_choice":"Left Gold","damage_taken":0,"max_hp_gain":0,"max_hp_loss":0,"event_name":"World of Goop","floor":12,"gold_loss":30},{"damage_healed":0,"gold_gain":99,"player_choice":"Stole From Cult","damage_taken":0,"max_hp_gain":0,"max_hp_loss":0,"event_name":"Nest","floor":19,"gold_loss":0},{"damage_healed":0,"gold_gain":0,"player_choice":"Paid Gold","damage_taken":0,"relics_obtained":["Pantograph"],"max_hp_gain":0,"max_hp_loss":0,"event_name":"WeMeetAgain","floor":28,"gold_loss":51},{"damage_healed":0,"gold_gain":100,"player_choice":"Pray","damage_taken":0,"max_hp_gain":0,"max_hp_loss":0,"event_name":"Golden Shrine","floor":38,"gold_loss":0}],"is_beta":false,"boss_relics":[{"not_picked":["Philosopher\u0027s Stone","Cursed Key"],"picked":"Calling Bell"},{"not_picked":["Astrolabe","Busted Crown"],"picked":"HoveringKite"}],"items_purged_floors":[11,21],"is_endless":false,"potions_floor_spawned":[1,5,8,16,18,23,25,29,31,33,37,41,46,48],"ascension_level":5}}