{"host":"sav7uxregyirlf69","time":1613291582,"event":{"mods":["AchievementEnabler","BaseMod","Colored Map","DeckTracker","Keyboard Shortcuts","Minty Spire (QoL Compilation)","READ ME - Guardian Mod","StSLib","SuperFastMode"],"gold_per_floor":[15,33,33,47,47,70,70,27,75,87,99,136,163,188,200,305,317,354,366,366],"floor_reached":19,"language":"KOR","playtime":315,"items_purged":[],"score":322,"play_id":"145064f2-f0c2-4f70-a09e-e32420aef72c","local_time":"20210214173302","is_ascension_mode":true,"campfire_choices":[{"floor":7,"key":"REST"},{"data":"Neutralize","floor":11,"key":"SMITH"},{"data":"Sadistic Nature","floor":15,"key":"SMITH"}],"circlet_count":0,"master_deck":["AscendersBane","Strike_G","Strike_G","Strike_G","Defend_G","Defend_G","Defend_G","Defend_G","Defend_G","Survivor","Neutralize+1","Sadistic Nature+1","Blade Dance","PiercingWail","Reflex","Calculated Gamble","Deadly Poison","Backflip","Envenom"],"relics":["Ring of the Snake","Golden Idol","MawBank","Empty Cage"],"acts_visited":["Exordium","TheCity"],"potions_floor_usage":[16,16],"damage_taken":[{"damage":13,"enemies":"Jaw Worm","floor":1,"turns":8},{"damage":4,"enemies":"Small Slimes","floor":2,"turns":3},{"damage":0,"enemies":"Cultist","floor":4,"turns":3},{"damage":14,"enemies":"Exordium Thugs","floor":6,"turns":5},{"damage":1,"enemies":"Blue Slaver","floor":12,"turns":6},{"damage":1,"enemies":"Looter","floor":13,"turns":3},{"damage":13,"enemies":"Exordium Thugs","floor":14,"turns":4},{"damage":13,"enemies":"Slime Boss","floor":16,"turns":5},{"damage":35,"enemies":"Chosen","floor":18,"turns":7},{"damage":20,"enemies":"3 Byrds","floor":19,"turns":3}],"seed_played":"-8909971985419090579","potions_obtained":[{"floor":4,"key":"PowerPotion"},{"floor":6,"key":"SkillPotion"},{"floor":18,"key":"DuplicationPotion"}],"is_trial":false,"path_per_floor":["M","M","?","M","T","M","R","$","T","?","R","M","M","M","R","B",null,"M","M"],"character_chosen":"THE_SILENT","items_purchased":["Calculated Gamble"],"campfire_rested":1,"item_purchase_floors":[8],"current_hp_per_floor":[46,42,42,42,42,28,46,46,46,51,51,50,49,36,36,23,55,20,0,0],"gold":366,"neow_bonus":"RANDOM_COLORLESS_2","is_daily":false,"chose_seed":false,"campfire_upgraded":2,"win_rate":0.0,"timestamp":1613291582,"path_taken":["M","M","?","M","?","M","R","$","T","?","R","M","M","M","R","BOSS","M","M"],"items_purchased_type":["Card"],"build_version":"2020-12-22","purchased_purges":0,"victory":false,"max_hp_per_floor":[66,66,60,60,60,60,60,60,60,65,65,65,65,65,65,65,65,65,65,65],"card_choices":[{"not_picked":["Violence","Secret Weapon"],"picked":"Sadistic Nature","floor":0},{"not_picked":["Eviscerate","Infinite Blades"],"picked":"Blade Dance","floor":1},{"not_picked":["Prepared","Underhanded Strike"],"picked":"PiercingWail","floor":2},{"not_picked":["Riddle With Holes","Quick Slash","Dodge and Roll"],"picked":"SKIP","floor":4},{"not_picked":["Riddle With Holes","Quick Slash","Dodge and Roll"],"picked":"SKIP","floor":4},{"not_picked":["Underhanded Strike","PiercingWail"],"picked":"Reflex","floor":6},{"not_picked":["Escape Plan","Catalyst"],"picked":"Deadly Poison","floor":12},{"not_picked":["Distraction","Outmaneuver","Bane"],"picked":"SKIP","floor":13},{"not_picked":["Underhanded Strike","Prepared"],"picked":"Backflip","floor":14},{"not_picked":["Burst","Wraith Form v2"],"picked":"Envenom","floor":16},{"not_picked":["Backflip","Acrobatics","Infinite Blades+1"],"picked":"SKIP","floor":18}],"player_experience":1567473,"relics_obtained":[{"floor":9,"key":"MawBank"}],"event_choices":[{"damage_healed":0,"gold_gain":0,"player_choice":"Lose Max HP","damage_taken":0,"relics_obtained":["Golden Idol"],"max_hp_gain":0,"max_hp_loss":6,"event_name":"Golden Idol","floor":3,"gold_loss":0},{"damage_healed":0,"gold_gain":0,"player_choice":"Donut","damage_taken":0,"max_hp_gain":5,"max_hp_loss":0,"event_name":"Big Fish","floor":10,"gold_loss":0}],"is_beta":false,"boss_relics":[{"not_picked":["WristBlade","Calling Bell"],"picked":"Empty Cage"}],"items_purged_floors":[],"is_endless":false,"potions_floor_spawned":[4,6,13,18],"killed_by":"3 Byrds","ascension_level":20}}