{"host":"2qv44oxt58ptq59r","time":1613300593,"event":{"mods":["AchievementEnabler","BaseMod","Colored Powertips","Highlight Path","Minty Spire (QoL Compilation)","Permanent Neow","StSLib"],"gold_per_floor":[116,116,116,141,16,16,55,55,101,125,125,141,160,3,3,134,134,155,174,20,36,49,49,85,99,99,135,135,10,10,48,48,174,174,197,210,225,77,92,92,92,125,150,150,174,174,214,242,254,266,278,290,13,57,57,57],"floor_reached":55,"language":"ENG","playtime":17080,"items_purged":["Strike_R","Strike_R"],"score":1054,"play_id":"8df7b2be-9e7a-431b-a65f-d1c5cbaad055","local_time":"20210214110313","is_ascension_mode":true,"campfire_choices":[{"floor":6.0,"key":"REST"},{"data":"Uppercut","floor":8.0,"key":"SMITH"},{"data":"Offering","floor":15.0,"key":"SMITH"},{"floor":23.0,"key":"REST"},{"floor":28.0,"key":"REST"},{"floor":30.0,"key":"RECALL"},{"data":"Spot Weakness","floor":32.0,"key":"SMITH"},{"data":"Intimidate","floor":40.0,"key":"SMITH"},{"floor":46.0,"key":"REST"},{"data":"Exhume","floor":49.0,"key":"SMITH"},{"data":"Shrug It Off","floor":52.0,"key":"SMITH"}],"circlet_count":0,"master_deck":["Strike_R+1","Defend_R","Defend_R+1","Defend_R","Bash+1","Uppercut+1","Cleave","Offering+1","Thunderclap","Intimidate+1","Battle Trance","Spot Weakness+1","Shrug It Off+1","Twin Strike+1","Headbutt","Exhume+1","Shockwave","Sword Boomerang","Sword Boomerang+1"],"relics":["Burning Blood","NeowsBlessing","Golden Idol","Eternal Feather","Blood Vial","Bronze Scales","Busted Crown","Sling","Oddly Smooth Stone","Matryoshka","Singing Bowl","Red Skull","Empty Cage","Akabeko","Anchor","Self Forming Clay","MawBank","Shuriken"],"acts_visited":["Exordium","TheCity","TheBeyond","TheEnding"],"potions_floor_usage":[54,55],"damage_taken":[{"damage":0.0,"enemies":"Jaw Worm","floor":1.0,"turns":1.0},{"damage":0.0,"enemies":"2 Louse","floor":4.0,"turns":1.0},{"damage":0.0,"enemies":"3 Sentries","floor":7.0,"turns":2.0},{"damage":0.0,"enemies":"Cultist","floor":10.0,"turns":3.0},{"damage":11.0,"enemies":"Gremlin Gang","floor":12.0,"turns":5.0},{"damage":2.0,"enemies":"Red Slaver","floor":13.0,"turns":4.0},{"damage":53.0,"enemies":"The Guardian","floor":16.0,"turns":12.0},{"damage":14.0,"enemies":"2 Thieves","floor":18.0,"turns":3.0},{"damage":3.0,"enemies":"3 Byrds","floor":19.0,"turns":3.0},{"damage":7.0,"enemies":"Shelled Parasite and Fungi","floor":21.0,"turns":3.0},{"damage":30.0,"enemies":"Snake Plant","floor":22.0,"turns":4.0},{"damage":9.0,"enemies":"Slavers","floor":24.0,"turns":2.0},{"damage":33.0,"enemies":"Centurion and Healer","floor":25.0,"turns":4.0},{"damage":19.0,"enemies":"Book of Stabbing","floor":27.0,"turns":4.0},{"damage":27.0,"enemies":"Slavers","floor":31.0,"turns":2.0},{"damage":50.0,"enemies":"Collector","floor":33.0,"turns":4.0},{"damage":20.0,"enemies":"Orb Walker","floor":35.0,"turns":2.0},{"damage":16.0,"enemies":"3 Darklings","floor":36.0,"turns":3.0},{"damage":9.0,"enemies":"Transient","floor":37.0,"turns":5.0},{"damage":13.0,"enemies":"4 Shapes","floor":39.0,"turns":3.0},{"damage":37.0,"enemies":"Reptomancer","floor":42.0,"turns":4.0},{"damage":10.0,"enemies":"Sphere and 2 Shapes","floor":45.0,"turns":2.0},{"damage":15.0,"enemies":"Giant Head","floor":47.0,"turns":5.0},{"damage":17.0,"enemies":"3 Darklings","floor":48.0,"turns":3.0},{"damage":75.0,"enemies":"Donu and Deca","floor":50.0,"turns":8.0},{"damage":51,"enemies":"Shield and Spear","floor":54,"turns":4},{"damage":71,"enemies":"The Heart","floor":55,"turns":2}],"seed_played":"-5397817450030528181","potions_obtained":[{"floor":4.0,"key":"Swift Potion"},{"floor":10.0,"key":"ElixirPotion"},{"floor":18.0,"key":"SkillPotion"},{"floor":22.0,"key":"EssenceOfSteel"},{"floor":33.0,"key":"LiquidBronze"},{"floor":35.0,"key":"Regen Potion"},{"floor":36.0,"key":"SkillPotion"},{"floor":37.0,"key":"Explosive Potion"},{"floor":45.0,"key":"BloodPotion"}],"is_trial":false,"path_per_floor":["M","?","?","M","$","R","E","R","T","M","?","M","M","$","R","B",null,"M","M","$","M","M","R","E","M","T","E","R","$","R","E","R","B",null,"M","M","M","$","M","R","?","E","T","?","M","R","E","M","R","B",null,"R","$","E","B"],"character_chosen":"IRONCLAD","items_purchased":["Offering","Thunderclap","Bronze Scales","Sling","Headbutt","Akabeko","Shockwave","HeartOfIron","Sword Boomerang"],"campfire_rested":4,"item_purchase_floors":[5,5,14,20,29,38,53,53,53],"current_hp_per_floor":[78,62,42,48,48,72,78,80,80,80,80,75,80,80,80,33,68,62,67,67,68,46,79,77,52,52,41,74,74,80,61,70,30,71,61,55,56,56,53,62,62,33,33,33,33,70,79,72,81,14,77,86,86,43,0,0],"gold":57,"neow_bonus":"THREE_ENEMY_KILL","is_daily":false,"chose_seed":false,"campfire_upgraded":6,"win_rate":0.0,"timestamp":1613300593,"path_taken":["M","?","?","M","$","R","E","R","T","M","?","M","?","$","R","BOSS","M","M","$","M","?","R","E","M","T","E","R","?","R","E","R","BOSS","M","M","M","$","M","R","?","E","T","?","?","R","E","?","R","BOSS","R","$","E","BOSS"],"items_purchased_type":["Card","Card","Relic","Relic","Card","Relic","Card","Potion","Card"],"build_version":"2020-12-22","purchased_purges":2,"victory":false,"max_hp_per_floor":[80,80,80,80,80,80,80,80,80,80,80,80,80,80,80,80,80,80,80,80,80,80,80,80,80,80,80,80,80,80,82,82,84,84,86,88,90,90,92,92,92,92,92,92,94,94,96,98,98,98,98,98,98,98,98,98],"card_choices":[{"not_picked":["Clash","Battle Trance"],"picked":"Uppercut","floor":1.0},{"not_picked":["Hemokinesis","Havoc"],"picked":"Cleave","floor":4.0},{"not_picked":["Thunderclap","Havoc"],"picked":"Intimidate","floor":7.0},{"not_picked":["Havoc","Pommel Strike","True Grit"],"picked":"SKIP","floor":10.0},{"not_picked":["Clash","Anger","Perfected Strike"],"picked":"SKIP","floor":12.0},{"not_picked":["Armaments","Clothesline"],"picked":"Battle Trance","floor":13.0},{"not_picked":["Perfected Strike"],"picked":"SKIP","floor":18.0},{"not_picked":[],"picked":"Spot Weakness","floor":19.0},{"not_picked":["Burning Pact"],"picked":"SKIP","floor":21.0},{"not_picked":["Pommel Strike"],"picked":"SKIP","floor":22.0},{"not_picked":["Fiend Fire"],"picked":"SKIP","floor":24.0},{"not_picked":[],"picked":"Shrug It Off","floor":25.0},{"not_picked":[],"picked":"Twin Strike+1","floor":27.0},{"not_picked":["Entrench"],"picked":"Singing Bowl","floor":31.0},{"not_picked":["Berserk"],"picked":"Singing Bowl","floor":33.0},{"not_picked":["Armaments"],"picked":"Singing Bowl","floor":35.0},{"not_picked":["Thunderclap"],"picked":"Singing Bowl","floor":36.0},{"not_picked":["True Grit"],"picked":"Singing Bowl","floor":37.0},{"not_picked":["Iron Wave"],"picked":"Singing Bowl","floor":39.0},{"not_picked":[],"picked":"Exhume","floor":42.0},{"not_picked":["Rampage"],"picked":"Singing Bowl","floor":45.0},{"not_picked":["Perfected Strike"],"picked":"Singing Bowl","floor":47.0},{"not_picked":["Warcry"],"picked":"Singing Bowl","floor":48.0},{"not_picked":[],"picked":"Sword Boomerang+1","floor":54}],"player_experience":5704500,"relics_obtained":[{"floor":7.0,"key":"Eternal Feather"},{"floor":9.0,"key":"Blood Vial"},{"floor":24.0,"key":"Oddly Smooth Stone"},{"floor":26.0,"key":"Matryoshka"},{"floor":27.0,"key":"Singing Bowl"},{"floor":31.0,"key":"Red Skull"},{"floor":42.0,"key":"Anchor"},{"floor":43.0,"key":"Self Forming Clay"},{"floor":47.0,"key":"MawBank"},{"floor":54,"key":"Shuriken"}],"event_choices":[{"damage_healed":0.0,"max_hp_gain":0.0,"max_hp_loss":0.0,"gold_gain":0.0,"event_name":"Shining Light","player_choice":"Entered Light","floor":2.0,"gold_loss":0.0,"damage_taken":16.0,"cards_upgraded":["Strike_R","Defend_R"]},{"damage_healed":0.0,"max_hp_gain":0.0,"max_hp_loss":0.0,"gold_gain":0.0,"event_name":"Golden Idol","player_choice":"Take Damage","floor":3.0,"gold_loss":0.0,"damage_taken":20.0,"relics_obtained":["Golden Idol"]},{"damage_healed":0.0,"max_hp_gain":0.0,"max_hp_loss":0.0,"gold_gain":0.0,"event_name":"Upgrade Shrine","player_choice":"Upgraded","floor":11.0,"gold_loss":0.0,"damage_taken":0.0,"cards_upgraded":["Bash"]},{"cards_removed":["Defend_R"],"damage_healed":0.0,"max_hp_gain":0.0,"max_hp_loss":0.0,"gold_gain":0.0,"event_name":"Falling","player_choice":"Removed Skill","floor":41.0,"gold_loss":0.0,"damage_taken":0.0},{"damage_healed":0.0,"max_hp_gain":0.0,"max_hp_loss":0.0,"gold_gain":0.0,"event_name":"SecretPortal","player_choice":"Ignored","floor":44.0,"gold_loss":0.0,"damage_taken":0.0}],"is_beta":false,"boss_relics":[{"not_picked":["Runic Pyramid","Velvet Choker"],"picked":"Busted Crown"},{"not_picked":["Philosopher\u0027s Stone","Runic Dome"],"picked":"Empty Cage"}],"items_purged_floors":[29,53],"is_endless":false,"potions_floor_spawned":[4,10,18,22,33,35,36,37,45],"killed_by":"The Heart","ascension_level":7}}