{"host":"rmsq46plbpwfbxcc","time":1613308917,"event":{"mods":["AchievementEnabler","BaseMod","Colored Map","Colored Powertips","DeckTracker","KOR Keyword Fix","Minty Spire (QoL Compilation)","Permanent Neow","Quick Restart","SuperFastMode"],"gold_per_floor":[117,117,134,144,154,180,280,280,280,280,297,107,107,140,140,237,237,253,153,168,181,208,208,234,234,287,313,313,313,345,364,364,466,466,477,359,359,359,373,405,405,424,449,467,498,498,533,552,552,552,552,552,34,64,64,64],"floor_reached":55,"language":"KOR","playtime":1634,"items_purged":["Riddle With Holes","Masterful Stab","Calculated Gamble"],"score":1085,"play_id":"efca8535-038c-49e4-a607-7ae5dd549e93","local_time":"20210214222157","is_ascension_mode":true,"campfire_choices":[{"data":"Blade Dance","floor":8.0,"key":"SMITH"},{"data":"Envenom","floor":10.0,"key":"SMITH"},{"data":"Accuracy","floor":15.0,"key":"SMITH"},{"data":"Phantasmal Killer","floor":23.0,"key":"SMITH"},{"data":"Neutralize","floor":25.0,"key":"SMITH"},{"data":"Infinite Blades","floor":28.0,"key":"SMITH"},{"floor":32.0,"key":"REST"},{"data":"Well Laid Plans","floor":41,"key":"SMITH"},{"data":"Glass Knife","floor":46,"key":"SMITH"},{"floor":49,"key":"RECALL"},{"floor":52,"key":"DIG"}],"circlet_count":0,"master_deck":["Survivor","Neutralize+1","Envenom+1","Infinite Blades+1","Phantasmal Killer+1","Dodge and Roll","Glass Knife+1","Blur","Backflip","Blade Dance+1","Accuracy+1","Escape Plan","Bullet Time","Blade Dance+1","Footwork+1","Well Laid Plans+1","Terror+1","Backstab+1","Backflip+1"],"relics":["Pandora\u0027s Box","Ornamental Fan","Torii","Philosopher\u0027s Stone","Red Mask","Lantern","Bag of Preparation","Mummified Hand","Bronze Scales","HoveringKite","Regal Pillow","Pen Nib","Blue Candle","Shovel","Pantograph","Strawberry","Pear","Happy Flower"],"acts_visited":["Exordium","TheCity","TheBeyond","TheEnding"],"potions_floor_usage":[45,55,55,55],"damage_taken":[{"damage":12.0,"enemies":"Jaw Worm","floor":1.0,"turns":2.0},{"damage":0.0,"enemies":"Cultist","floor":3.0,"turns":2.0},{"damage":0.0,"enemies":"2 Louse","floor":4.0,"turns":2.0},{"damage":0.0,"enemies":"Blue Slaver","floor":5.0,"turns":3.0},{"damage":5.0,"enemies":"Gremlin Nob","floor":6.0,"turns":3.0},{"damage":2.0,"enemies":"2 Fungi Beasts","floor":11.0,"turns":2.0},{"damage":0.0,"enemies":"Lagavulin","floor":14.0,"turns":3.0},{"damage":5.0,"enemies":"Hexaghost","floor":16.0,"turns":4.0},{"damage":8.0,"enemies":"2 Thieves","floor":18.0,"turns":3.0},{"damage":1.0,"enemies":"Chosen","floor":20.0,"turns":3.0},{"damage":7.0,"enemies":"Snecko","floor":21.0,"turns":4.0},{"damage":0.0,"enemies":"Masked Bandits","floor":22.0,"turns":2.0},{"damage":9.0,"enemies":"Gremlin Leader","floor":24.0,"turns":3.0},{"damage":1.0,"enemies":"Book of Stabbing","floor":27.0,"turns":4.0},{"damage":12.0,"enemies":"Slavers","floor":30.0,"turns":4.0},{"damage":0.0,"enemies":"Sentry and Sphere","floor":31.0,"turns":3.0},{"damage":13.0,"enemies":"Collector","floor":33.0,"turns":4.0},{"damage":0,"enemies":"3 Darklings","floor":35,"turns":3},{"damage":1,"enemies":"3 Shapes","floor":39,"turns":3},{"damage":1,"enemies":"Nemesis","floor":40,"turns":3},{"damage":1,"enemies":"Sphere and 2 Shapes","floor":42,"turns":4},{"damage":0,"enemies":"Maw","floor":44,"turns":4},{"damage":0,"enemies":"Reptomancer","floor":45,"turns":5},{"damage":0,"enemies":"Giant Head","floor":47,"turns":4},{"damage":0,"enemies":"Spire Growth","floor":48,"turns":3},{"damage":23,"enemies":"Time Eater","floor":50,"turns":7},{"damage":42,"enemies":"Shield and Spear","floor":54,"turns":6},{"damage":67,"enemies":"The Heart","floor":55,"turns":3}],"seed_played":"-913612472740309347","potions_obtained":[{"floor":3.0,"key":"ColorlessPotion"},{"floor":5.0,"key":"Explosive Potion"},{"floor":6.0,"key":"AttackPotion"},{"floor":16.0,"key":"Strength Potion"},{"floor":18.0,"key":"Energy Potion"},{"floor":20.0,"key":"EssenceOfSteel"},{"floor":21.0,"key":"Strength Potion"},{"floor":31.0,"key":"FearPotion"},{"floor":39,"key":"GhostInAJar"},{"floor":45,"key":"GamblersBrew"},{"floor":47,"key":"Explosive Potion"}],"is_trial":false,"path_per_floor":["M","?","M","M","M","E","?","R","T","R","M","$","?","E","R","B",null,"M","$","M","M","?","R","E","R","T","E","R","?","E","M","R","B",null,"M","$","?","?","M","E","R","M","T","M","E","R","E","M","R","B",null,"R","$","E","B"],"character_chosen":"THE_SILENT","items_purchased":["Accuracy","Escape Plan","Well Laid Plans","Terror","Strawberry","Pear"],"campfire_rested":1,"item_purchase_floors":[12,12,36,36,53,53],"current_hp_per_floor":[58,63,63,63,63,58,58,58,58,58,56,56,49,49,49,44,64,56,56,55,48,48,48,39,39,39,38,38,38,26,26,47,34,61,61,61,61,61,60,59,59,58,58,58,58,58,58,58,58,35,61,61,78,36,0,0],"gold":64,"neow_bonus":"BOSS_RELIC","is_daily":false,"chose_seed":false,"campfire_upgraded":8,"win_rate":0.0,"timestamp":1613308917,"path_taken":["M","?","?","M","M","E","?","R","T","R","?","$","?","E","R","BOSS","M","$","M","M","?","R","E","R","T","E","R","?","E","M","R","BOSS","M","$","?","?","M","E","R","M","T","?","E","R","E","M","R","BOSS","R","$","E","BOSS"],"items_purchased_type":["Card","Card","Card","Card","Relic","Relic"],"build_version":"2020-12-22","purchased_purges":3,"victory":false,"max_hp_per_floor":[70,70,70,70,70,70,70,70,70,70,70,70,70,70,70,70,70,70,70,70,70,70,70,70,70,70,70,70,70,70,70,70,70,70,70,70,70,70,70,70,70,70,70,70,70,70,70,70,70,70,70,70,87,87,87,87],"card_choices":[{"not_picked":["Slice","Underhanded Strike","Quick Slash"],"picked":"SKIP","floor":1.0},{"not_picked":["Tactician","Slice"],"picked":"Blur","floor":3.0},{"not_picked":["Expertise","Quick Slash","Distraction"],"picked":"SKIP","floor":4.0},{"not_picked":["Phantasmal Killer","Catalyst"],"picked":"Backflip","floor":5.0},{"not_picked":["Envenom","Leg Sweep"],"picked":"Blade Dance","floor":6.0},{"not_picked":["Bouncing Flask","Dagger Throw"],"picked":"Backflip","floor":11.0},{"not_picked":["Sucker Punch","Deadly Poison","Dagger Spray"],"picked":"SKIP","floor":14.0},{"not_picked":["Night Terror","A Thousand Cuts"],"picked":"Bullet Time","floor":16.0},{"not_picked":["Slice+1","Quick Slash","Sucker Punch"],"picked":"SKIP","floor":18.0},{"not_picked":["Acrobatics","Deadly Poison","Riddle With Holes+1"],"picked":"SKIP","floor":20.0},{"not_picked":["Riddle With Holes","Noxious Fumes"],"picked":"Blade Dance+1","floor":21.0},{"not_picked":["Outmaneuver","Caltrops+1"],"picked":"Footwork+1","floor":24.0},{"not_picked":["Slice","Blade Dance+1","Venomology"],"picked":"SKIP","floor":27.0},{"not_picked":["Riddle With Holes","Blade Dance","Leg Sweep+1"],"picked":"SKIP","floor":30.0},{"not_picked":["Sucker Punch","Dodge and Roll","Backflip"],"picked":"SKIP","floor":31.0},{"not_picked":["Sucker Punch+1","Dodge and Roll+1","Poisoned Stab+1"],"picked":"SKIP","floor":35},{"not_picked":["Bane+1","Infinite Blades","Poisoned Stab+1"],"picked":"SKIP","floor":39},{"not_picked":["Grand Finale","Bouncing Flask+1"],"picked":"Backstab+1","floor":40},{"not_picked":["Deadly Poison","Underhanded Strike+1","Crippling Poison+1"],"picked":"SKIP","floor":42},{"not_picked":["Dodge and Roll+1","Deflect+1","Slice"],"picked":"SKIP","floor":44},{"not_picked":["Backflip","Night Terror","Leg Sweep"],"picked":"SKIP","floor":45},{"not_picked":["Noxious Fumes+1","Deadly Poison"],"picked":"Backflip+1","floor":47},{"not_picked":["Underhanded Strike","Outmaneuver","Dagger Spray"],"picked":"SKIP","floor":48},{"not_picked":["Underhanded Strike+1","Dagger Throw","Crippling Poison"],"picked":"SKIP","floor":54}],"player_experience":643989,"relics_obtained":[{"floor":6.0,"key":"Ornamental Fan"},{"floor":14.0,"key":"Torii"},{"floor":22.0,"key":"Red Mask"},{"floor":24.0,"key":"Lantern"},{"floor":26.0,"key":"Bag of Preparation"},{"floor":27.0,"key":"Mummified Hand"},{"floor":30.0,"key":"Bronze Scales"},{"floor":40,"key":"Regal Pillow"},{"floor":43,"key":"Pen Nib"},{"floor":45,"key":"Blue Candle"},{"floor":47,"key":"Shovel"},{"floor":52,"key":"Pantograph"},{"floor":54,"key":"Happy Flower"}],"event_choices":[{"cards_removed":["Outmaneuver"],"damage_healed":5.0,"max_hp_gain":0.0,"max_hp_loss":0.0,"gold_gain":0.0,"event_name":"Bonfire Elementals","player_choice":"Offered Common","floor":2.0,"gold_loss":0.0,"damage_taken":0.0},{"cards_removed":["Outmaneuver"],"damage_healed":5.0,"max_hp_gain":0.0,"max_hp_loss":0.0,"gold_gain":0.0,"event_name":"Bonfire Elementals","player_choice":"Offered Special","floor":2.0,"gold_loss":0.0,"damage_taken":0.0},{"damage_healed":0.0,"max_hp_gain":0.0,"max_hp_loss":0.0,"gold_gain":100.0,"event_name":"Golden Shrine","player_choice":"Pray","floor":7.0,"gold_loss":0.0,"damage_taken":0.0},{"cards_removed":["Storm of Steel"],"damage_healed":0.0,"max_hp_gain":0.0,"max_hp_loss":0.0,"gold_gain":0.0,"event_name":"Golden Wing","player_choice":"Card Removal","floor":13.0,"gold_loss":0.0,"damage_taken":7.0},{"damage_healed":0.0,"max_hp_gain":0.0,"max_hp_loss":0.0,"gold_gain":0.0,"event_name":"Masked Bandits","player_choice":"Fought Bandits","floor":22.0,"gold_loss":0.0,"damage_taken":0.0},{"damage_healed":0.0,"max_hp_gain":0.0,"max_hp_loss":0.0,"gold_gain":0.0,"event_name":"Vampires","player_choice":"Ignored","floor":29.0,"gold_loss":0.0,"damage_taken":0.0},{"cards_removed":["Backflip"],"damage_healed":0,"gold_gain":0,"player_choice":"Removed Skill","damage_taken":0,"max_hp_gain":0,"max_hp_loss":0,"event_name":"Falling","floor":37,"gold_loss":0},{"damage_healed":0,"gold_gain":0,"player_choice":"Forge","damage_taken":0,"max_hp_gain":0,"max_hp_loss":0,"event_name":"Accursed Blacksmith","floor":38,"gold_loss":0,"cards_upgraded":["Terror"]}],"is_beta":false,"boss_relics":[{"not_picked":["Tiny House","Busted Crown"],"picked":"Philosopher\u0027s Stone"},{"not_picked":["Calling Bell","Cursed Key"],"picked":"HoveringKite"}],"items_purged_floors":[12,19,53],"is_endless":false,"potions_floor_spawned":[3,5,6,16,18,20,21,31,39,44,45,47],"killed_by":"The Heart","ascension_level":5}}