{"host":"nklmypyldyuut5re","time":1613327079,"event":{"mods":["AchievementEnabler","BaseMod","Colored Map","DeckTracker","Highlight Path","Keyboard Shortcuts","Minty Spire (QoL Compilation)","Permanent Neow","SuperFastMode","everything is the same but u backflip on backflip"],"gold_per_floor":[114,114,114,133,151,185,185,185,185],"floor_reached":8,"language":"KOR","playtime":438,"items_purged":[],"score":56,"play_id":"bf429de0-06f4-481d-acc7-de19a17c8f5f","local_time":"20210215032439","is_ascension_mode":false,"campfire_choices":[{"data":"Chaos","floor":7,"key":"SMITH"}],"circlet_count":0,"master_deck":["Strike_B","Strike_B","Strike_B","Strike_B","Defend_B","Defend_B","Defend_B","Defend_B","Zap","Dualcast","Panacea+1","Genetic Algorithm","Chaos+1","Ball Lightning","Cold Snap"],"relics":["Cracked Core","Bottled Flame"],"acts_visited":["Exordium"],"potions_floor_usage":[],"damage_taken":[{"damage":0,"enemies":"Small Slimes","floor":1,"turns":4},{"damage":0,"enemies":"2 Louse","floor":4,"turns":2},{"damage":8,"enemies":"Jaw Worm","floor":5,"turns":5},{"damage":32,"enemies":"Lagavulin","floor":6,"turns":7},{"damage":53,"enemies":"Gremlin Nob","floor":8,"turns":5}],"seed_played":"-1269630365706601901","potions_obtained":[{"floor":5,"key":"FearPotion"}],"is_trial":false,"path_per_floor":["M","?","?","M","M","E","R","E"],"character_chosen":"DEFECT","items_purchased":[],"campfire_rested":0,"item_purchase_floors":[],"current_hp_per_floor":[75,75,80,80,72,40,40,0,0],"gold":185,"neow_bonus":"RANDOM_COLORLESS","is_daily":false,"chose_seed":false,"campfire_upgraded":1,"win_rate":0.0,"timestamp":1613327079,"path_taken":["M","?","?","M","M","E","R","E"],"items_purchased_type":[],"build_version":"2020-12-22","purchased_purges":0,"victory":false,"max_hp_per_floor":[75,75,80,80,80,80,80,80,80],"card_choices":[{"not_picked":["Purity","Trip"],"picked":"Panacea","floor":0},{"not_picked":["Go for the Eyes","Beam Cell"],"picked":"Genetic Algorithm","floor":1},{"not_picked":["Scrape","Gash"],"picked":"Chaos","floor":4},{"not_picked":["Leap","Conserve Battery"],"picked":"Ball Lightning","floor":5},{"not_picked":["Go for the Eyes","Coolheaded"],"picked":"Cold Snap","floor":6}],"player_experience":2936,"relics_obtained":[{"floor":6,"key":"Bottled Flame"}],"event_choices":[{"damage_healed":0,"gold_gain":0,"player_choice":"Grow","damage_taken":0,"max_hp_gain":0,"max_hp_loss":0,"event_name":"Living Wall","floor":2,"gold_loss":0,"cards_upgraded":["Panacea"]},{"damage_healed":0,"gold_gain":0,"player_choice":"Donut","damage_taken":0,"max_hp_gain":5,"max_hp_loss":0,"event_name":"Big Fish","floor":3,"gold_loss":0}],"is_beta":false,"boss_relics":[],"items_purged_floors":[],"is_endless":false,"potions_floor_spawned":[5],"killed_by":"Gremlin Nob","ascension_level":0}}