{"host":"24j0rle15g8q9bc9","time":1613267725,"event":{"mods":["2.2 Compatiblity","Act Like it!","Bartender","BaseMod","Better Note","Colored Map","Colored Powertips","DeckTracker","Downfall","Elementarium","Hallownest","Hubris","Jorbs\u0027s Wanderer Trilogy","Minty Spire (QoL Compilation)","Rare Cards Sparkle","Remilia??????","StSLib","The Bug Knight","The Death Knight","The Necromancer","Treasure Hunter"],"gold_per_floor":[114,45,45,65,65,65,91,91,91,108,119,154,73,92,92,188,188,206,206,206],"floor_reached":19,"language":"ENG","playtime":859,"items_purged":[],"score":227,"play_id":"525f4ba1-01b0-4883-a678-75ffd63234c1","local_time":"20210213215525","is_ascension_mode":false,"campfire_choices":[{"data":"Vortex","floor":6,"key":"SMITH"},{"data":"Dragonkick","floor":8,"key":"SMITH"},{"floor":15,"key":"REST"}],"circlet_count":0,"master_deck":["Strike_Bartender","Strike_Bartender","Strike_Bartender","Strike_Bartender","Defend_Bartender","Defend_Bartender","Defend_Bartender","Defend_Bartender","Somersault","Dragonkick+1","Vortex+","Hook","Feint","Dart","Bicycle_Kick","Windup"],"relics":["Sneakers","NeowsBlessing","Oddly Smooth Stone","Shuriken","Blood Vial","hubris:TerracottaHorce"],"acts_visited":["Exordium","TheCity"],"potions_floor_usage":[12,16,16],"damage_taken":[{"damage":0,"enemies":"Cultist","floor":1,"turns":1},{"damage":0,"enemies":"2 Louse","floor":4,"turns":1},{"damage":0,"enemies":"3 Sentries","floor":7,"turns":1},{"damage":7,"enemies":"Small Slimes","floor":10,"turns":2},{"damage":13,"enemies":"Looter","floor":11,"turns":3},{"damage":0,"enemies":"HollowMod:MossKnight","floor":12,"turns":5},{"damage":0,"enemies":"Large Slime","floor":14,"turns":5},{"damage":38,"enemies":"Slime Boss","floor":16,"turns":8},{"damage":28,"enemies":"2 Thieves","floor":18,"turns":4},{"damage":38,"enemies":"Sentry and Sphere","floor":19,"turns":5}],"seed_played":"-4618141273368215554","potions_obtained":[{"floor":1,"key":"champ:CounterPotion"},{"floor":7,"key":"SneckoOil"},{"floor":14,"key":"hexamod:SoulburnPotion"}],"is_trial":false,"path_per_floor":["M","$","$","M","$","R","E","R","T","M","M","E","$","M","R","B",null,"M","M"],"character_chosen":"BARTENDER","items_purchased":["Vortex","Bicycle_Kick"],"campfire_rested":1,"item_purchase_floors":[2,13],"current_hp_per_floor":[70,70,70,70,70,70,70,70,70,63,50,50,50,52,70,32,61,35,0,0],"gold":206,"neow_bonus":"THREE_ENEMY_KILL","is_daily":false,"chose_seed":false,"campfire_upgraded":2,"win_rate":0.0,"timestamp":1613267725,"path_taken":["M","?","$","M","$","R","E","R","T","?","M","E","?","M","R","BOSS","M","M"],"items_purchased_type":["Card","Card"],"build_version":"2020-12-22","purchased_purges":0,"victory":false,"max_hp_per_floor":[70,70,70,70,70,70,70,70,70,70,70,70,70,70,70,70,70,70,70,70],"card_choices":[{"not_picked":["RockBreaker","Alacrity"],"picked":"Dragonkick","floor":1},{"not_picked":["Dancing_Jab","Glare"],"picked":"Hook","floor":4},{"not_picked":["TH:ElvenBoots","TH:CursedSword"],"picked":"SKIP","floor":7},{"not_picked":["Bitters","Coeurl_Form","Wall_of_Ice"],"picked":"SKIP","floor":7},{"not_picked":["TH:EnergyPotion","TH:ElvenBoots"],"picked":"SKIP","floor":9},{"not_picked":["Ripple","Vortex"],"picked":"Feint","floor":10},{"not_picked":["Ball_Of_Ice","Foot_Thrust","Alacrity"],"picked":"SKIP","floor":11},{"not_picked":["Cold_Blooded","Ripple"],"picked":"Dart","floor":12},{"not_picked":["TH:ElvenBoots","TH:TreasureMap"],"picked":"SKIP","floor":12},{"not_picked":["With_A_Twist","Meteodrive","Ripple"],"picked":"SKIP","floor":14},{"not_picked":["Butterfly_Float","Patience"],"picked":"Windup","floor":16},{"not_picked":["Bitters","Coeurl_Form","Ball_Of_Ice"],"picked":"SKIP","floor":18}],"player_experience":47093,"relics_obtained":[{"floor":7,"key":"Oddly Smooth Stone"},{"floor":9,"key":"Shuriken"},{"floor":12,"key":"Blood Vial"}],"event_choices":[],"is_beta":false,"boss_relics":[{"not_picked":["Tiny House","Silver_Glasses"],"picked":"hubris:TerracottaHorce"}],"items_purged_floors":[],"is_endless":false,"potions_floor_spawned":[1,7,14],"killed_by":"Sentry and Sphere","ascension_level":0}}