{"host":"y3tal5djvejpcno2","time":1613340503,"event":{"mods":["BaseMod","Colored Map","Colored Powertips","Hermit","Infinite Spire","Minty Spire (QoL Compilation)","Permanent Neow","Quick Restart","Relic Stats","Replay The Spire","SOS???????","StSLib","The Blue Laboratory","The Bug Knight","The Cursed","The Jungle","Wandering Minibosses"],"gold_per_floor":[155,211,228,274,313,368,368,5,5,17,45,98,110,153,165,317,329,351,463,475,499,16,16,16,45,45,65,83,83,83,8,8,8,8],"floor_reached":33,"language":"ENG","playtime":1652,"items_purged":["Shoot"],"score":327,"play_id":"2a1e0312-8889-4e49-83e5-acb13b874f99","local_time":"20210214200823","is_ascension_mode":false,"campfire_choices":[{"data":"Shock","floor":7.0,"key":"SMITH"},{"data":"Gilgamesh","floor":10.0,"key":"SMITH"},{"data":"BeastUppercut","floor":13.0,"key":"SMITH"},{"data":"Hightime","floor":15.0,"key":"SMITH"},{"data":"Panache","floor":23.0,"key":"SMITH"}],"circlet_count":0,"master_deck":["Attack_a","Attack_a","Attack_b","Shoot","Provocation+1","Defend_Dante","Defend_Dante","Defend_Dante","Defend_Dante","Redorb","LucifercomboB","LucifercomboA","Shock+1","Millionstab","BeastUppercut+1","Gilgamesh+1","Hightime+1","Purpleorb","Swordmaster+1","Panache+1","LucifercomboB","LucifercomboD"],"relics":["SSS","Combocheck","infinitespire:Joker Card","MawBank","Shuriken","Anchor","Ring of Chaos","StoneCalendar","Shovel","Pantograph","PreservedInsect","Sundial"],"acts_visited":["Exordium","Exordium"],"potions_floor_usage":[],"damage_taken":[{"damage":0.0,"enemies":"Cultist","floor":1.0,"turns":3.0},{"damage":7.0,"enemies":"2 Louse","floor":2.0,"turns":3.0},{"damage":0.0,"enemies":"Jaw Worm","floor":3.0,"turns":1.0},{"damage":12.0,"enemies":"Lots of Slimes","floor":4.0,"turns":4.0},{"damage":9.0,"enemies":"Gremlin Gang","floor":5.0,"turns":3.0},{"damage":14.0,"enemies":"2 Fungi Beasts","floor":6.0,"turns":4.0},{"damage":0.0,"enemies":"Large Slime","floor":11.0,"turns":3.0},{"damage":0.0,"enemies":"3 Sentries","floor":12.0,"turns":2.0},{"damage":0.0,"enemies":"Gremlin Nob","floor":14.0,"turns":1.0},{"damage":23.0,"enemies":"Hexaghost","floor":16.0,"turns":4.0},{"damage":0.0,"enemies":"Shell Parasite","floor":18.0,"turns":2.0},{"damage":0.0,"enemies":"theJungle:GiantWrat","floor":21.0,"turns":2.0},{"damage":40.0,"enemies":"Nightmare","floor":25.0,"turns":4.0},{"damage":7.0,"enemies":"theJungle:SlimyTreeVines","floor":27.0,"turns":3.0},{"damage":14.0,"enemies":"theJungle:JungleHuntersEncounter","floor":28.0,"turns":5.0},{"damage":6,"enemies":"Snake Plant","floor":33,"turns":2}],"seed_played":"37016109888132769","potions_obtained":[{"floor":3.0,"key":"CultistPotion"},{"floor":5.0,"key":"blueLaboratory:NullPotion"},{"floor":6.0,"key":"Regen Potion"},{"floor":11.0,"key":"AttackPotion"},{"floor":21.0,"key":"blueLaboratory:RememoryPotion"},{"floor":25.0,"key":"blueLaboratory:AbyssPotion"}],"is_trial":false,"path_per_floor":["M","M","M","M","M","M","R","$","T","R","M","E","R","E","R","B",null,"M","?","?","M","$","R","?","NM","T","M","M","PTL","PTL","$","T","M"],"character_chosen":"DANTE","items_purchased":["Gilgamesh","infinitespire:Joker Card","StoneCalendar","Panache"],"campfire_rested":0,"item_purchase_floors":[8,8,22,22],"current_hp_per_floor":[80,73,73,61,52,38,38,38,38,38,38,38,38,38,38,24,80,80,75,75,75,75,75,59,19,19,17,3,3,3,3,3,0,0],"gold":8,"neow_bonus":"RANDOM_EVENT","is_daily":false,"chose_seed":false,"campfire_upgraded":5,"win_rate":0.0,"timestamp":1613340503,"path_taken":["M","M","M","M","M","M","R","?","T","R","M","E","R","E","R","BOSS","M","?","?","?","?","R","?","NM","T","M","M","PTL","PTL","$","?","M"],"items_purchased_type":["Card","Relic","Relic","Card"],"build_version":"2020-12-22","purchased_purges":1,"victory":false,"max_hp_per_floor":[80,80,80,80,80,80,80,80,80,80,80,80,80,80,80,80,80,80,80,80,80,80,80,80,80,80,80,80,80,80,80,80,80,80],"relic_stats":{"Shovel":0,"counters":[16,46],"Shuriken":[14],"Sundial":[0],"Pantograph":0,"StoneCalendar":[0],"PreservedInsect":0,"MawBank":156,"obtain_stats":[{"SSS":0,"Anchor":14,"Shovel":24,"Shuriken":12,"Sundial":32,"Pantograph":25,"StoneCalendar":22,"infinitespire:Joker Card":8,"Ring of Chaos":17,"PreservedInsect":26,"MawBank":9,"Combocheck":0},{"SSS":0,"Anchor":9,"Shovel":12,"Shuriken":8,"Sundial":15,"Pantograph":13,"StoneCalendar":12,"infinitespire:Joker Card":6,"Ring of Chaos":10,"PreservedInsect":13,"MawBank":6,"Combocheck":0},{"SSS":0,"Anchor":24,"Shovel":32,"Shuriken":23,"Sundial":44,"Pantograph":36,"StoneCalendar":32,"infinitespire:Joker Card":18,"Ring of Chaos":28,"PreservedInsect":36,"MawBank":18,"Combocheck":0}]},"card_choices":[{"not_picked":["Gunslinger","EbonyIvory"],"picked":"LucifercomboB","floor":1.0},{"not_picked":["Whiteorb","Kick13"],"picked":"LucifercomboA","floor":2.0},{"not_picked":["LucifercomboD","Gunstinger"],"picked":"Shock","floor":3.0},{"not_picked":["Doubleshoot","Weaponupgrade"],"picked":"Millionstab","floor":4.0},{"not_picked":["Royaldefend","Chargeshoot2"],"picked":"BeastUppercut","floor":5.0},{"not_picked":["Hightime","Pandora","DevilstarS"],"picked":"SKIP","floor":6.0},{"not_picked":["CoyoteA","EbonyIvory","DevilstarS"],"picked":"SKIP","floor":11.0},{"not_picked":["LucifercomboC","Gilgamesh","Chargeshoot"],"picked":"SKIP","floor":12.0},{"not_picked":["Stinger","DT"],"picked":"Hightime","floor":14.0},{"not_picked":["VitalstarL","Trickster"],"picked":"Purpleorb","floor":16.0},{"not_picked":["VitalstarS","Fullhouse"],"picked":"Swordmaster","floor":18.0},{"not_picked":["Whiteorb","Greenorb","CoyoteA+1"],"picked":"SKIP","floor":21.0},{"not_picked":["EbonyIvory","Chargeshoot"],"picked":"LucifercomboB","floor":25.0},{"not_picked":["Airhike","Greenorb","EbonyIvory+1"],"picked":"SKIP","floor":27.0},{"not_picked":["Gunstinger","VitalstarM"],"picked":"LucifercomboD","floor":28.0}],"player_experience":65325,"relics_obtained":[{"floor":9.0,"key":"MawBank"},{"floor":12.0,"key":"Shuriken"},{"floor":14.0,"key":"Anchor"},{"floor":25.0,"key":"Pantograph"},{"floor":26.0,"key":"PreservedInsect"},{"floor":32.0,"key":"Sundial"}],"event_choices":[{"damage_healed":0.0,"max_hp_gain":0.0,"max_hp_loss":0.0,"gold_gain":0.0,"event_name":"Living Wall","player_choice":"Grow","floor":0.0,"gold_loss":0.0,"damage_taken":0.0,"cards_upgraded":["Provocation"]},{"damage_healed":0.0,"max_hp_gain":0.0,"max_hp_loss":0.0,"gold_gain":0.0,"event_name":"Upgrade Shrine","player_choice":"Upgraded","floor":20.0,"gold_loss":0.0,"damage_taken":0.0,"cards_upgraded":["Swordmaster"]}],"is_beta":false,"boss_relics":[{"not_picked":["Replay:Ancient Bell","Cursed Key"],"picked":"Ring of Chaos"}],"items_purged_floors":[31],"is_endless":true,"potions_floor_spawned":[3,5,6,11,21,25],"killed_by":"Snake Plant","ascension_level":0}}