{"host":"l5n1ub3tb9uvq2cf","time":1613288099,"event":{"mods":["BaseMod","Colored Map","DeckTracker","Minty Spire (QoL Compilation)","Relic Stats","SuperFastMode"],"gold_per_floor":[16,33,45,2,18,18,32,32,32,46,46,61,94,113,113,113,113],"floor_reached":16,"language":"KOR","playtime":559,"items_purged":[],"score":212,"play_id":"1dccf7a3-86e6-470c-8b42-29029c019d2f","local_time":"20210214163459","is_ascension_mode":true,"campfire_choices":[{"data":"Prepared","floor":6.0,"key":"SMITH"},{"floor":11,"key":"REST"},{"floor":15,"key":"REST"}],"circlet_count":0,"master_deck":["AscendersBane","Strike_G","Strike_G","Strike_G","Strike_G","Strike_G","Defend_G","Defend_G","Defend_G","Defend_G","Defend_G","Survivor","Neutralize","Blade Dance","Prepared+1","Accuracy","Cloak And Dagger","Predator","Well Laid Plans","Reflex"],"relics":["Ring of the Snake","Tough Bandages"],"acts_visited":["Exordium"],"potions_floor_usage":[10,16,16],"damage_taken":[{"damage":4.0,"enemies":"Small Slimes","floor":1.0,"turns":4.0},{"damage":16.0,"enemies":"2 Louse","floor":2.0,"turns":4.0},{"damage":1.0,"enemies":"Cultist","floor":3.0,"turns":4.0},{"damage":9.0,"enemies":"Exordium Wildlife","floor":5.0,"turns":4.0},{"damage":15.0,"enemies":"3 Louse","floor":7.0,"turns":4.0},{"damage":8,"enemies":"Gremlin Gang","floor":10,"turns":6},{"damage":1,"enemies":"Blue Slaver","floor":12,"turns":4},{"damage":16,"enemies":"Lagavulin","floor":13,"turns":7},{"damage":9,"enemies":"3 Louse","floor":14,"turns":4},{"damage":46,"enemies":"Hexaghost","floor":16,"turns":10}],"seed_played":"2500702192677583771","potions_obtained":[{"floor":2.0,"key":"SpeedPotion"},{"floor":7.0,"key":"Block Potion"},{"floor":10,"key":"GhostInAJar"}],"is_trial":false,"path_per_floor":["M","M","M","$","M","R","M","?","T","M","R","M","E","M","R","B"],"character_chosen":"THE_SILENT","items_purchased":["Accuracy"],"campfire_rested":2,"item_purchase_floors":[4],"current_hp_per_floor":[67,51,50,50,41,41,26,26,26,18,41,40,24,15,38,0,0],"gold":113,"neow_bonus":"TWENTY_PERCENT_HP_BONUS","is_daily":false,"chose_seed":false,"campfire_upgraded":1,"win_rate":0.0,"timestamp":1613288099,"path_taken":["M","M","M","$","M","R","M","?","T","M","R","M","E","M","R","BOSS"],"items_purchased_type":["Card"],"build_version":"2020-12-22","purchased_purges":0,"victory":false,"max_hp_per_floor":[78,78,78,78,78,78,78,78,78,78,78,78,78,78,78,78,78],"relic_stats":{"Tough Bandages":[33],"counters":[10,51],"obtain_stats":[{"Tough Bandages":13,"Ring of the Snake":0},{"Tough Bandages":8,"Ring of the Snake":0},{"Tough Bandages":37,"Ring of the Snake":0}],"Ring of the Snake":[20]},"card_choices":[{"not_picked":["Slice","Heel Hook"],"picked":"Blade Dance","floor":1.0},{"not_picked":["Outmaneuver","Deflect"],"picked":"Prepared","floor":2.0},{"not_picked":["Prepared","Endless Agony","Outmaneuver"],"picked":"SKIP","floor":3.0},{"not_picked":["Outmaneuver","Heel Hook","Dagger Throw"],"picked":"SKIP","floor":5.0},{"not_picked":["Endless Agony","A Thousand Cuts"],"picked":"Cloak And Dagger","floor":7.0},{"not_picked":["Flechettes","Eviscerate"],"picked":"Predator","floor":10},{"not_picked":["Expertise","Dash"],"picked":"Well Laid Plans","floor":12},{"not_picked":["Quick Slash","Deflect"],"picked":"Reflex","floor":13},{"not_picked":["Poisoned Stab","Deflect","Masterful Stab"],"picked":"SKIP","floor":14}],"player_experience":1142061,"relics_obtained":[{"floor":13,"key":"Tough Bandages"}],"event_choices":[{"damage_healed":0,"gold_gain":0,"player_choice":"Searched \u00270\u0027 times","damage_taken":0,"max_hp_gain":0,"max_hp_loss":0,"event_name":"Dead Adventurer","floor":8,"gold_loss":0}],"is_beta":false,"boss_relics":[],"items_purged_floors":[],"is_endless":false,"potions_floor_spawned":[2,7,10],"killed_by":"Hexaghost","ascension_level":20}}