{"host":"d6bqzrtz2aqgz4ke","time":1613337557,"event":{"mods":["BaseMod","BetterRewards","Colored Map","Conspire","Energized Spire","GifTheSpireLib","Highlight Path","Hubris","Infinite Spire","Minty Spire (QoL Compilation)","Rare Cards Sparkle","Relic Sorter","Replay The Spire","StSLib","The Animator","The Saiyan"],"gold_per_floor":[113,16999136,16999162,16999181,16999203,16999203,16999275,16999275,16999300,16999324,16999352,16999407,16999407,16999425,16999425,16999550,16999550,16999572,16999599,16999627,16999125,16999125,16999125,16999125,16999125,16999149,16999176,16999223,16999223,16999223,16999252,16999252,16999276,16999276],"floor_reached":33,"language":"ENG","playtime":3919,"items_purged":["animator:ZankiKiguchi"],"score":276,"play_id":"37b3a205-0437-4733-8178-62bc81bf9d3e","local_time":"20210214141917","is_ascension_mode":false,"campfire_choices":[{"data":"animator:Chris","floor":8,"key":"SMITH"},{"data":"animator:Defend","floor":15,"key":"PURGE"},{"data":"animator:Kaijin","floor":23,"key":"SMITH"},{"data":"animator:Hakurou","floor":25,"key":"SMITH"},{"data":"animator:HighElfArcher","floor":30,"key":"SMITH"},{"data":"animator:Priestess","floor":32,"key":"SMITH"}],"circlet_count":0,"master_deck":["animator:Defend_Konosuba","animator:Defend","animator:Defend","animator:Kazuma","animator:Aqua+1","animator:PandorasActor","animator:HighElfArcher+1","animator:Verdia","animator:Priestess+1","animator:Chris+1","animator:Benimaru+1","animator:Megumin+12","animator:Sebas","animator:Hakurou+1","animator:YunYun+1","animator:Benimaru+1","animator:Wiz","animator:Chris+1","animator:Benimaru+1","animator:Kaijin+1","Replay:Fractal Strike+1","Bite+1","Bite+1","Bite+1","Bite+1","Bite+1","animator:Entoma+2","animator:Mitsurugi+1"],"relics":["animator:LivingPicture","animator:ColorlessFragment","Lantern","Replay:Multitool","Replay:Bottled Steam","ReplayFunnel","Molten Egg 2","Honey Jar","hubris:BottledHeart"],"acts_visited":["Exordium","TheCity"],"potions_floor_usage":[5,12,16,28,33,33,33],"damage_taken":[{"damage":2,"enemies":"Cultist","floor":1,"turns":4},{"damage":0,"enemies":"Jaw Worm","floor":3,"turns":7},{"damage":0,"enemies":"2 Louse","floor":4,"turns":4},{"damage":10,"enemies":"Large Slime","floor":5,"turns":8},{"damage":0,"enemies":"Exordium Wildlife","floor":10,"turns":3},{"damage":3,"enemies":"Blue Slaver","floor":11,"turns":3},{"damage":26,"enemies":"Gremlin Nob","floor":12,"turns":4},{"damage":0,"enemies":"conspire:2 RoseBushes","floor":14,"turns":2},{"damage":30,"enemies":"The Guardian","floor":16,"turns":10},{"damage":1,"enemies":"Spheric Guardian","floor":18,"turns":3},{"damage":6,"enemies":"3 Byrds","floor":19,"turns":3},{"damage":4,"enemies":"Cultist and Chosen","floor":20,"turns":4},{"damage":33,"enemies":"conspire:HollyBat","floor":27,"turns":7},{"damage":6,"enemies":"3 Cultists","floor":28,"turns":3},{"damage":0,"enemies":"Centurion and Healer","floor":31,"turns":4},{"damage":50,"enemies":"hubris:MusketHawk","floor":33,"turns":6}],"seed_played":"6701553423569720662","potions_obtained":[{"floor":1,"key":"CultistPotion"},{"floor":3,"key":"Regen Potion"},{"floor":12,"key":"SneckoOil"},{"floor":18,"key":"Ancient Potion"},{"floor":20,"key":"Explosive Potion"},{"floor":28,"key":"LifebloodPotion"}],"is_trial":false,"path_per_floor":["M","$","M","M","M","R","T","R","T","M","M","E","R","M","R","B",null,"M","M","M","?","?","R","AVR","R","T","M","M","?","R","M","R","B"],"character_chosen":"THE_ANIMATOR","items_purchased":["animator:HighElfArcher","animator:ZankiKiguchi","Lantern","Replay:Multitool","animator:ColorlessFragment","animator:Verdia","animator:Priestess","Energy Potion"],"campfire_rested":0,"item_purchase_floors":[2,2,2,2,2,2,2,2],"current_hp_per_floor":[70,70,72,72,63,73,73,73,73,73,73,50,71,73,73,58,74,73,69,68,68,51,51,51,51,51,33,41,1,1,1,1,0,0],"gold":16999276,"neow_bonus":"TEN_PERCENT_HP_BONUS","is_daily":false,"chose_seed":false,"campfire_upgraded":5,"win_rate":0.0,"timestamp":1613337557,"path_taken":["M","$","M","M","M","R","?","R","T","M","M","E","R","M","R","BOSS","M","M","M","?","?","R","AVR","R","T","M","M","?","R","M","R","BOSS"],"items_purchased_type":["Card","Card","Relic","Relic","Relic","Card","Card","Potion"],"build_version":"2020-12-22","purchased_purges":1,"victory":false,"max_hp_per_floor":[72,72,72,72,73,73,73,73,73,73,73,73,73,73,73,74,74,74,74,74,74,51,51,51,51,51,51,53,1,1,1,1,1,1],"card_choices":[{"not_picked":["animator:DolaSchwi","animator:Hakurou"],"picked":"animator:PandorasActor","floor":1},{"not_picked":["animator:Tatsumaki","animator:YachiyoNanami"],"picked":"animator:Chris","floor":3},{"not_picked":["animator:NarberalGamma","animator:Souei"],"picked":"animator:Benimaru","floor":4},{"not_picked":["animator:Vanir","animator:Mitsurugi"],"picked":"animator:Megumin","floor":5},{"not_picked":["animator:Spearman","animator:SilverFang"],"picked":"animator:Sebas","floor":10},{"not_picked":["animator:LizardPriest","animator:Vanir"],"picked":"animator:Hakurou","floor":11},{"not_picked":["animator:Verdia","animator:Darkness"],"picked":"animator:YunYun+1","floor":12},{"not_picked":["animator:TsurugaMeisai","animator:MamiTomoe+1"],"picked":"animator:Benimaru+1","floor":14},{"not_picked":["animator:HomuraAkemi","animator:HigakiRinne"],"picked":"animator:Wiz","floor":16},{"not_picked":["animator:Darkness","animator:Emonzaemon+1","animator:NagisaMomoe"],"picked":"animator:Chris+1","floor":18},{"not_picked":["animator:Hakurou+1","animator:Vesta","animator:Kaijin"],"picked":"animator:Benimaru+1","floor":19},{"not_picked":["animator:LizardPriest","animator:SilverFang","animator:DolaStephanie"],"picked":"animator:Kaijin","floor":20},{"not_picked":["infinitespire:NeuralNetwork","infinitespire:Oblivion"],"picked":"Replay:Fractal Strike","floor":21},{"not_picked":["animator:MamiTomoe+1","animator:Nanami","animator:Witch+1"],"picked":"animator:Entoma+1","floor":27},{"not_picked":["animator:Megumin+1","animator:Vanir+1","animator:Darkness"],"picked":"animator:Mitsurugi+1","floor":28},{"not_picked":["animator:GuildGirl","animator:MamiTomoe+1","animator:HigakiRinne"],"picked":"animator:Megumin+1","floor":31}],"player_experience":26127,"relics_obtained":[{"floor":7,"key":"Replay:Bottled Steam"},{"floor":9,"key":"ReplayFunnel"},{"floor":12,"key":"Molten Egg 2"}],"event_choices":[{"damage_healed":0,"gold_gain":0,"player_choice":"Became a vampire","damage_taken":0,"max_hp_gain":0,"max_hp_loss":23,"event_name":"Vampires","floor":22,"gold_loss":0,"cards_obtained":["Bite","Bite","Bite","Bite","Bite"]}],"is_beta":false,"boss_relics":[{"not_picked":["energizedSpire:CursedPentagram","SacredBark"],"picked":"Honey Jar"}],"items_purged_floors":[2],"is_endless":false,"potions_floor_spawned":[1,3,12,18,20,28],"killed_by":"hubris:MusketHawk","ascension_level":0}}