{"host":"xo0glkmxta74xh34","time":1613338745,"event":{"mods":["BaseMod","Downfall","Minty Spire (QoL Compilation)","Reliquary","Replay The Spire","StSLib"],"gold_per_floor":[99,123,33,48,48,73,73,58,93,93,166,166,178,198,211,315,315,315,361,373,373,403,403,457,174,174,250,268,268,309,330,360,483,483,483,524,536,536,140,195,195,235,284,332,377,377,452,509,568,568],"floor_reached":51,"language":"ENG","playtime":5138,"items_purged":["sneckomod:Strike","Writhe","sneckomod:Unknown","sneckomod:Unknown"],"score":744,"play_id":"419f2227-1fad-4ed4-9a91-dc348815c745","local_time":"20210214153905","is_ascension_mode":true,"campfire_choices":[{"data":"sneckomod:TailWhip","floor":1.0,"key":"SMITH"},{"floor":29,"key":"REST"},{"data":"sneckomod:CheapStock","floor":35,"key":"SMITH"},{"floor":46,"key":"REST"}],"circlet_count":0,"master_deck":["sneckomod:Defend+1","sneckomod:TailWhip+1","sneckomod:SnekBite","sneckomod:Nope","sneckomod:UnknownColorless","sneckomod:WideSting+1","sneckomod:SerpentIdol","sneckomod:CheapStock+1","sneckomod:GlitteringGambit+1","sneckomod:SlitherStrike","Guardian:RevengeProtocol+1","expansioncontent:DashGenerateEvil+1","The Bomb+1","sneckomod:UnendingSupply+1","sneckomod:Unknown3Cost+1","sneckomod:GlitteringGambit+1","expansioncontent:DashGenerateEvil+1","sneckomod:UnknownClassGUARDIAN+1","sneckomod:UnknownClassGUARDIAN+1"],"relics":["sneckomod:SneckoSoul","ReplayTheSpireMod:Ninjato","sneckomod:ConfusingCodex","Golden Egg","Guardian:PocketSentry","reliquary:Craggleroot","ReplayTheSpireMod:Lightbulb","reliquary:RedCape","The Courier","Omamori","Centennial Puzzle","Simple Rune"],"acts_visited":["Exordium","TheCity","TheBeyond"],"potions_floor_usage":[33,40,44,50,50,50,50,50],"damage_taken":[{"damage":4.0,"enemies":"Small Slimes","floor":2.0,"turns":3.0},{"damage":10.0,"enemies":"downfall:FleeingMerchant","floor":3.0,"turns":4.0},{"damage":1.0,"enemies":"Jaw Worm","floor":4.0,"turns":2.0},{"damage":13.0,"enemies":"Lagavulin","floor":6.0,"turns":4.0},{"damage":0.0,"enemies":"downfall:FleeingMerchant","floor":8.0,"turns":4.0},{"damage":13.0,"enemies":"Gremlin Nob","floor":9.0,"turns":3.0},{"damage":21.0,"enemies":"3 Sentries","floor":11.0,"turns":5.0},{"damage":0.0,"enemies":"Cultist","floor":13.0,"turns":2.0},{"damage":0.0,"enemies":"2 Fungi Beasts","floor":14.0,"turns":2.0},{"damage":0.0,"enemies":"Gremlin Gang","floor":15.0,"turns":2.0},{"damage":5.0,"enemies":"SI_SHIV_ARCHETYPE","floor":16.0,"turns":6.0},{"damage":0.0,"enemies":"3 Byrds","floor":19.0,"turns":3.0},{"damage":6.0,"enemies":"Chosen","floor":20.0,"turns":2.0},{"damage":7.0,"enemies":"Centurion and Healer","floor":22.0,"turns":6.0},{"damage":15.0,"enemies":"downfall:FleeingMerchant","floor":25.0,"turns":4.0},{"damage":0,"enemies":"downfall:FleeingMerchant","floor":27,"turns":1},{"damage":0,"enemies":"Snecko","floor":28,"turns":3},{"damage":16,"enemies":"Cultist and Chosen","floor":30,"turns":3},{"damage":10,"enemies":"Snake Plant","floor":31,"turns":3},{"damage":0,"enemies":"3 Cultists","floor":32,"turns":3},{"damage":13,"enemies":"WA_ARCHETYPE_CALM","floor":33,"turns":8},{"damage":0,"enemies":"3 Darklings","floor":36,"turns":1},{"damage":11,"enemies":"Orb Walker","floor":37,"turns":3},{"damage":3,"enemies":"Transient","floor":40,"turns":5},{"damage":0,"enemies":"Sphere and 2 Shapes","floor":42,"turns":4},{"damage":1,"enemies":"3 Darklings","floor":43,"turns":4},{"damage":5,"enemies":"Writhing Mass","floor":44,"turns":6},{"damage":2,"enemies":"R_Hoarder","floor":45,"turns":7},{"damage":6,"enemies":"Spire Growth","floor":47,"turns":4},{"damage":4,"enemies":"Nemesis","floor":48,"turns":5},{"damage":9,"enemies":"Sphere and 2 Shapes","floor":49,"turns":3},{"damage":74,"enemies":"DF_ARCHETYPE_ORBS","floor":50,"turns":7}],"seed_played":"-8798099013367523874","potions_obtained":[{"floor":2.0,"key":"Weak Potion"},{"floor":6.0,"key":"Weak Potion"},{"floor":13.0,"key":"Swift Potion"},{"floor":14.0,"key":"LiquidMemories"},{"floor":16.0,"key":"PowerPotion"},{"floor":20.0,"key":"FearPotion"},{"floor":28,"key":"Explosive Potion"},{"floor":33,"key":"DistilledChaos"},{"floor":36,"key":"Languid Potion"},{"floor":40,"key":"Elixir"},{"floor":43,"key":"champ:CounterPotion"},{"floor":45,"key":"EntropicBrew"}],"is_trial":false,"path_per_floor":["R","M","$","M","?","E","T","$","E","?","E","?","M","M","M","B",null,"R","M","M","?","M","R","T","$","?","$","M","R","M","M","M","B",null,"R","M","M","?","$","M","T","M","M","M","E","R","M","E","M","B",null],"character_chosen":"THE_SNECKO","items_purchased":["expansioncontent:DashGenerateEvil","The Bomb","sneckomod:GlitteringGambit","expansioncontent:DashGenerateEvil+1"],"campfire_rested":2,"item_purchase_floors":[25,27,39,39],"current_hp_per_floor":[99,95,85,84,84,71,71,71,58,58,37,37,37,37,37,32,99,99,99,93,93,86,86,86,71,71,71,71,99,93,83,83,70,99,99,99,88,88,88,85,85,85,84,79,77,99,93,89,80,6],"gold":568,"neow_bonus":"TEN_PERCENT_HP_BONUS","is_daily":false,"chose_seed":false,"campfire_upgraded":2,"win_rate":0.0,"timestamp":1613338745,"path_taken":["R","M","$","M","?","E","T","$","E","?","E","?","?","M","M","BOSS","R","M","M","?","M","R","T","$","?","$","?","R","M","M","M","BOSS","R","M","M","?","$","M","T","M","M","M","E","R","M","E","M","BOSS"],"items_purchased_type":["Card","Card","Card","Card"],"build_version":"2020-12-22","purchased_purges":4,"victory":true,"max_hp_per_floor":[99,99,99,99,99,99,99,99,99,99,99,99,99,99,99,99,99,99,99,99,99,99,99,99,99,99,99,99,99,99,99,99,99,99,99,99,99,99,99,99,99,99,99,99,99,99,99,99,99,99],"card_choices":[{"not_picked":["sneckomod:UnknownDraw","sneckomod:UnknownCommonSkill"],"picked":"sneckomod:Nope","floor":2.0},{"not_picked":["sneckomod:UnknownVulnerable","sneckomod:Restock","sneckomod:QuickMove"],"picked":"SKIP","floor":3.0},{"not_picked":["sneckomod:DiceBlock","sneckomod:IronFang","sneckomod:MasterEye"],"picked":"SKIP","floor":4.0},{"not_picked":["sneckomod:ImprovisedGuard","sneckomod:RainOfDice"],"picked":"sneckomod:UnknownColorless","floor":6.0},{"not_picked":["sneckomod:UnknownCommonAttack","sneckomod:SoulRoll"],"picked":"sneckomod:WideSting","floor":8.0},{"not_picked":["sneckomod:ImprovisedGuard","sneckomod:Nope","sneckomod:QuickMove"],"picked":"SKIP","floor":9.0},{"not_picked":["sneckomod:UnknownBlock","sneckomod:RainOfDice"],"picked":"sneckomod:SerpentIdol","floor":11.0},{"not_picked":["sneckomod:UnknownCommonAttack","sneckomod:QuickMove","sneckomod:Nope"],"picked":"SKIP","floor":13.0},{"not_picked":["sneckomod:SoulRoll","sneckomod:SoulDraw"],"picked":"sneckomod:CheapStock","floor":14.0},{"not_picked":["sneckomod:UnknownColorless","sneckomod:Unknown2Cost","sneckomod:UnknownCommonAttack"],"picked":"SKIP","floor":15.0},{"not_picked":["sneckomod:UnlimitedRolls","sneckomod:SerpentMind"],"picked":"sneckomod:GlitteringGambit","floor":16.0},{"not_picked":["sneckomod:UnknownClassSLIMEBOUND","sneckomod:DiceCrush","sneckomod:WideSting"],"picked":"SKIP","floor":19.0},{"not_picked":["sneckomod:UnknownCommonSkill","sneckomod:UnknownClassGUARDIAN","sneckomod:UnknownDraw"],"picked":"SKIP","floor":20.0},{"not_picked":["sneckomod:UnknownClassSLIMEBOUND","sneckomod:DiceBlock"],"picked":"sneckomod:UnknownRarePower","floor":22.0},{"not_picked":["sneckomod:QuickMove","sneckomod:DiceBlock","sneckomod:Restock"],"picked":"SKIP","floor":25.0},{"not_picked":["sneckomod:Nope","sneckomod:Memorize","sneckomod:UnknownClassSLIMEBOUND"],"picked":"SKIP","floor":27},{"not_picked":["sneckomod:UnknownStrike","sneckomod:Nope","sneckomod:TrashToTreasure+1"],"picked":"SKIP","floor":28},{"not_picked":["sneckomod:UnknownCommonSkill","sneckomod:UnknownDraw"],"picked":"sneckomod:UnendingSupply+1","floor":30},{"not_picked":["sneckomod:UnknownClassGUARDIAN","sneckomod:WideSting+1","sneckomod:UnknownBlock"],"picked":"SKIP","floor":31},{"not_picked":["sneckomod:SnakeSap","sneckomod:Unknown2Cost","sneckomod:WideSting"],"picked":"SKIP","floor":32},{"not_picked":["sneckomod:SoulExchange","sneckomod:DangerNoodle"],"picked":"sneckomod:Unknown3Cost","floor":33},{"not_picked":["sneckomod:UnknownCommonSkill","sneckomod:UnknownClassGUARDIAN+1","sneckomod:TrashToTreasure"],"picked":"SKIP","floor":36},{"not_picked":["sneckomod:UnknownUncommonSkill+1","sneckomod:SoulRoll+1","sneckomod:UnknownCommonAttack"],"picked":"SKIP","floor":37},{"not_picked":["sneckomod:DiceCrush","sneckomod:QuickMove+1"],"picked":"sneckomod:UnknownClassGUARDIAN+1","floor":40},{"not_picked":["sneckomod:UnknownCommonSkill+1","sneckomod:UnknownClassGUARDIAN","sneckomod:UnknownVulnerable+1"],"picked":"SKIP","floor":42},{"not_picked":["sneckomod:QuickMove+1","sneckomod:RainOfDice+1","sneckomod:QuickBite"],"picked":"SKIP","floor":43},{"not_picked":["sneckomod:SoulRoll+1","sneckomod:DiceCrush","sneckomod:Rotation+1"],"picked":"SKIP","floor":44},{"not_picked":["sneckomod:UnknownStrength+1","sneckomod:UnknownCommonAttack+1","sneckomod:UnknownCommonSkill"],"picked":"SKIP","floor":45},{"not_picked":["sneckomod:UnknownExhaust+1","sneckomod:SoulCleanse+1","sneckomod:UnknownX"],"picked":"SKIP","floor":47},{"not_picked":["sneckomod:MorePower","sneckomod:UnknownDexterity"],"picked":"sneckomod:UnknownClassGUARDIAN+1","floor":48},{"not_picked":["sneckomod:UnknownClassHEXA_GHOST_PURPLE+1","sneckomod:WideSting","sneckomod:DiceCrush+1"],"picked":"SKIP","floor":49}],"player_experience":472215,"relics_obtained":[{"floor":6.0,"key":"ReplayTheSpireMod:Ninjato"},{"floor":7.0,"key":"sneckomod:ConfusingCodex"},{"floor":9.0,"key":"Golden Egg"},{"floor":11.0,"key":"Guardian:PocketSentry"},{"floor":24.0,"key":"ReplayTheSpireMod:Lightbulb"},{"floor":38,"key":"The Courier"},{"floor":41,"key":"Omamori"},{"floor":45,"key":"Centennial Puzzle"},{"floor":48,"key":"Simple Rune"}],"event_choices":[{"damage_healed":0.0,"max_hp_gain":0.0,"max_hp_loss":0.0,"gold_gain":0.0,"event_name":"The Library","player_choice":"Read","floor":18.0,"gold_loss":0.0,"damage_taken":0.0,"cards_obtained":["sneckomod:SlitherStrike"]},{"damage_healed":0.0,"max_hp_gain":0.0,"max_hp_loss":0.0,"gold_gain":0.0,"event_name":"Vampires","player_choice":"Ignored","floor":21.0,"gold_loss":0.0,"damage_taken":0.0}],"is_beta":false,"boss_relics":[{"not_picked":["bronze:MakeshiftBattery","Painkiller Herb"],"picked":"reliquary:Craggleroot"},{"not_picked":["Snecko Eye","Replay:Bronze Core"],"picked":"reliquary:RedCape"}],"items_purged_floors":[3,25,27,39],"is_endless":false,"potions_floor_spawned":[2,6,13,14,16,20,28,30,32,33,36,40,43,45,49],"ascension_level":1}}