{"host":"dztixnx9b0gu6w9i","time":1613280373,"event":{"mods":["BaseMod","Bestiary","Minty Spire (QoL Compilation)","Relic Stats","Slay the Relics Exporter","SpireBot","ojb\u0027s Better Paths Mod","ojb\u0027s Info Mod"],"gold_per_floor":[116,166,184,184,200,200,5,5,30,55,55,75,103,17,17,94,94,110,110,139,59,59,59,79,90,171,8,35,35,52,70,70,149,149,164,182,182,193,206,206,206],"floor_reached":40,"language":"ENG","playtime":5463,"items_purged":["Strike_B"],"score":932,"play_id":"acdc2293-23cf-4152-b2a2-6542816fc2d6","local_time":"20210214002613","is_ascension_mode":true,"campfire_choices":[{"data":"Chaos","floor":6,"key":"SMITH"},{"data":"Barrage","floor":15,"key":"SMITH"},{"data":"Defragment","floor":23,"key":"SMITH"},{"data":"Defragment","floor":29,"key":"SMITH"},{"data":"Defragment","floor":32,"key":"SMITH"}],"circlet_count":0,"master_deck":["AscendersBane","Defend_B","Defend_B","Defend_B","Zap","Dualcast","Sweeping Beam","Defragment+1","Chaos+1","Melter","BootSequence","Coolheaded","Barrage+1","FTL","Creative AI","Aggregate","Defragment+1","Turbo","Sweeping Beam","Echo Form","Steam Power","Conserve Battery","Stack","Defragment+1","Loop+1","Skim+1","Blizzard+1","Aggregate+1","Cold Snap","Writhe","Self Repair","Capacitor"],"relics":["Cracked Core","Smiling Mask","ClockworkSouvenir","Eternal Feather","Lizard Tail","Ice Cream","Coffee Dripper","Red Mask","Gremlin Horn","Darkstone Periapt","Astrolabe"],"acts_visited":["Exordium","TheCity","TheBeyond"],"potions_floor_usage":[10,13,18,20,28,28,31,35,38,39,39],"damage_taken":[{"damage":2,"enemies":"2 Louse","floor":1,"turns":2},{"damage":1,"enemies":"Cultist","floor":3,"turns":3},{"damage":5,"enemies":"Small Slimes","floor":5,"turns":3},{"damage":21,"enemies":"Gremlin Nob","floor":10,"turns":4},{"damage":0,"enemies":"Looter","floor":12,"turns":3},{"damage":4,"enemies":"Lagavulin","floor":13,"turns":6},{"damage":22,"enemies":"Slime Boss","floor":16,"turns":9},{"damage":2,"enemies":"Chosen","floor":18,"turns":4},{"damage":24,"enemies":"Masked Bandits","floor":20,"turns":4},{"damage":8,"enemies":"2 Thieves","floor":21,"turns":4},{"damage":21,"enemies":"Snecko","floor":24,"turns":4},{"damage":21,"enemies":"Sentry and Sphere","floor":25,"turns":4},{"damage":43,"enemies":"Gremlin Leader","floor":28,"turns":6},{"damage":11,"enemies":"Centurion and Healer","floor":30,"turns":7},{"damage":6,"enemies":"Snecko","floor":31,"turns":5},{"damage":0,"enemies":"Automaton","floor":33,"turns":8},{"damage":25,"enemies":"3 Darklings","floor":35,"turns":5},{"damage":9,"enemies":"3 Shapes","floor":36,"turns":6},{"damage":26,"enemies":"Jaw Worm Horde","floor":38,"turns":5},{"damage":20,"enemies":"4 Shapes","floor":39,"turns":7},{"damage":25,"enemies":"Nemesis","floor":40,"turns":2}],"seed_played":"-5807976948023815660","potions_obtained":[{"floor":1,"key":"SpeedPotion"},{"floor":5,"key":"Weak Potion"},{"floor":12,"key":"Block Potion"},{"floor":16,"key":"FocusPotion"},{"floor":18,"key":"LiquidBronze"},{"floor":24,"key":"FocusPotion"},{"floor":28,"key":"Swift Potion"},{"floor":30,"key":"SneckoOil"},{"floor":31,"key":"SpeedPotion"},{"floor":36,"key":"FearPotion"},{"floor":38,"key":"SteroidPotion"}],"is_trial":false,"path_per_floor":["M","?","M","?","M","R","$","?","T","E","?","M","E","$","R","B",null,"M","?","?","M","?","R","M","M","T","$","E","R","M","M","R","B",null,"M","M","?","M","M","E"],"character_chosen":"DEFECT","items_purchased":["ClockworkSouvenir","Melter","FTL","Steam Power","Conserve Battery"],"campfire_rested":0,"item_purchase_floors":[7,7,14,27,27],"current_hp_per_floor":[62,55,54,47,42,42,42,42,42,21,21,21,17,17,26,4,54,52,52,28,20,71,71,50,29,29,29,24,39,28,22,37,37,63,38,29,49,23,17,0,0],"gold":206,"neow_bonus":"RANDOM_COMMON_RELIC","is_daily":false,"chose_seed":false,"campfire_upgraded":5,"win_rate":0.0,"timestamp":1613280373,"path_taken":["M","?","?","?","M","R","$","?","T","E","?","M","E","?","R","BOSS","M","?","?","?","?","R","M","?","T","?","E","R","M","M","R","BOSS","M","?","?","M","M","E"],"items_purchased_type":["Relic","Card","Card","Card","Card"],"build_version":"2020-12-22","purchased_purges":1,"victory":false,"max_hp_per_floor":[71,71,71,71,71,71,71,71,71,71,71,71,71,71,71,71,71,71,71,71,71,71,71,71,71,71,71,71,71,71,71,71,71,71,71,71,77,77,77,77,77],"relic_stats":{"Darkstone Periapt":6,"Lizard Tail":35,"Gremlin Horn":[17,17],"counters":[21,101],"Astrolabe":["Loop","Skim","Blizzard"],"Eternal Feather":39,"Smiling Mask":25,"obtain_stats":[{"Ice Cream":13,"Darkstone Periapt":28,"Lizard Tail":10,"Gremlin Horn":26,"Astrolabe":34,"Eternal Feather":8,"Coffee Dripper":17,"Red Mask":20,"Cracked Core":0,"Smiling Mask":0,"ClockworkSouvenir":7},{"Ice Cream":6,"Darkstone Periapt":13,"Lizard Tail":4,"Gremlin Horn":12,"Astrolabe":16,"Eternal Feather":3,"Coffee Dripper":7,"Red Mask":9,"Cracked Core":0,"Smiling Mask":0,"ClockworkSouvenir":3},{"Ice Cream":21,"Darkstone Periapt":56,"Lizard Tail":12,"Gremlin Horn":50,"Astrolabe":76,"Eternal Feather":8,"Coffee Dripper":30,"Red Mask":38,"Cracked Core":0,"Smiling Mask":0,"ClockworkSouvenir":8}]},"card_choices":[{"not_picked":["Steam","Lockon"],"picked":"Sweeping Beam","floor":1},{"not_picked":["Rip and Tear","Turbo"],"picked":"Defragment","floor":3},{"not_picked":["Double Energy","Reprogram"],"picked":"Chaos","floor":5},{"not_picked":["FTL","Conserve Battery"],"picked":"BootSequence","floor":10},{"not_picked":["Leap","Recycle"],"picked":"Coolheaded","floor":12},{"not_picked":["Stack","Conserve Battery"],"picked":"Barrage","floor":13},{"not_picked":["Rainbow","Reboot"],"picked":"Creative AI","floor":16},{"not_picked":["Streamline","Redo+1"],"picked":"Aggregate","floor":18},{"not_picked":["Tempest","Turbo"],"picked":"Defragment","floor":20},{"not_picked":["Redo","Stack"],"picked":"Turbo","floor":21},{"not_picked":["Go for the Eyes","Loop"],"picked":"Sweeping Beam","floor":24},{"not_picked":["Fusion","Gash"],"picked":"Echo Form","floor":25},{"not_picked":["Rebound","Darkness"],"picked":"Stack","floor":28},{"not_picked":["Leap","Doom and Gloom"],"picked":"Defragment","floor":30},{"not_picked":["Ball Lightning","Gash","Sweeping Beam"],"picked":"SKIP","floor":31},{"not_picked":["Auto Shields+1","Beam Cell"],"picked":"Aggregate+1","floor":35},{"not_picked":["Streamline","Stack"],"picked":"Cold Snap","floor":36},{"not_picked":["Fusion","Barrage+1"],"picked":"Self Repair","floor":38},{"not_picked":["Beam Cell","Sunder"],"picked":"Capacitor","floor":39}],"player_experience":8605449,"relics_obtained":[{"floor":10,"key":"Lizard Tail"},{"floor":13,"key":"Ice Cream"},{"floor":20,"key":"Red Mask"},{"floor":26,"key":"Gremlin Horn"},{"floor":28,"key":"Darkstone Periapt"}],"event_choices":[{"damage_healed":0,"gold_gain":50,"player_choice":"Touch","damage_taken":7,"max_hp_gain":0,"max_hp_loss":0,"event_name":"FaceTrader","floor":2,"gold_loss":0},{"cards_removed":["Strike_B"],"damage_healed":0,"gold_gain":0,"player_choice":"Card Removal","damage_taken":7,"max_hp_gain":0,"max_hp_loss":0,"event_name":"Golden Wing","floor":4,"gold_loss":0},{"damage_healed":0,"gold_gain":0,"player_choice":"Searched \u00271\u0027 times","damage_taken":0,"relics_obtained":["Eternal Feather"],"max_hp_gain":0,"max_hp_loss":0,"event_name":"Dead Adventurer","floor":8,"gold_loss":0},{"damage_healed":0,"gold_gain":0,"player_choice":"Fled","damage_taken":0,"max_hp_gain":0,"max_hp_loss":0,"event_name":"Scrap Ooze","floor":11,"gold_loss":0},{"damage_healed":0,"gold_gain":0,"player_choice":"Ignored","damage_taken":0,"max_hp_gain":0,"max_hp_loss":0,"event_name":"Beggar","floor":19,"gold_loss":0},{"damage_healed":0,"gold_gain":0,"player_choice":"Fought Bandits","damage_taken":0,"max_hp_gain":0,"max_hp_loss":0,"event_name":"Masked Bandits","floor":20,"gold_loss":0},{"damage_healed":51,"gold_gain":0,"player_choice":"Full Heal","damage_taken":0,"max_hp_gain":0,"max_hp_loss":0,"event_name":"Wheel of Change","floor":22,"gold_loss":0},{"damage_healed":14,"gold_gain":0,"player_choice":"Writhe","damage_taken":0,"max_hp_gain":0,"max_hp_loss":0,"event_name":"Winding Halls","floor":37,"gold_loss":0,"cards_obtained":["Writhe"]}],"is_beta":false,"boss_relics":[{"not_picked":["Nuclear Battery","Velvet Choker"],"picked":"Coffee Dripper"},{"not_picked":["Busted Crown","Runic Pyramid"],"picked":"Astrolabe"}],"items_purged_floors":[27],"is_endless":false,"potions_floor_spawned":[1,5,12,16,18,24,28,30,31,36,38],"killed_by":"Nemesis","ascension_level":20}}