{"host":"farxtl2u8hmkbdo2","time":1613343392,"event":{"mods":["A Magickal Journey","BaseMod","Better Altar","Better Note","Better Sensory Stone","Better Skull","Better Third Choice","Challenge The Spire","Colored Map","Colored Powertips","Current Relic Mod","Downfall","Energized Spire","Fox Events","Gremlin Mod","Hermit","Hubris","Mimic Mod","Minty Spire (QoL Compilation)","Quick Restart","READ ME - Guardian Mod","Rare Cards Sparkle","StSLib","The Bladedancer","The Bug Knight","The Cursed","The Disciple","The Hierophant","The Marked","The Necromancer","The Runesmith","Transform Curses"],"gold_per_floor":[99,117,128,148,165,200,248,248,262,262,262,296,309,324,335,431,431,431,444,454,466,566,579,579,479,15,15,44,117,133,143,153,255,255,55,70,18,34,44,44,44,77,77,77,77,127,127,159,175,175,175,210,1,1,1,1],"floor_reached":57,"language":"SPA","playtime":5017,"items_purged":["hubris:Wrath"],"score":1373,"play_id":"7640537c-f9bb-4bc3-8879-7b317470b9ae","local_time":"20210214195632","is_ascension_mode":false,"campfire_choices":[{"data":"bronze:Verify","floor":1.0,"key":"SMITH"},{"data":"bronze:Replicate","floor":8.0,"key":"SMITH"},{"data":"bronze:Goto","floor":10.0,"key":"SMITH"},{"data":"bronze:Terminator","floor":18.0,"key":"SMITH"},{"floor":25.0,"key":"RECALL"},{"data":"bronze:Virus","floor":35.0,"key":"SMITH"},{"data":"bronze:TinkerersToolbox","floor":40.0,"key":"SMITH"},{"data":"hubris:DuctTapeCard","floor":43.0,"key":"SMITH"},{"data":"expansioncontent:PrepareCrush","floor":47.0,"key":"SMITH"},{"data":"bronze:BuggyMess","floor":54.0,"key":"SMITH"}],"circlet_count":0,"master_deck":["bronze:Strike","bronze:Strike","bronze:Defend+1","bronze:Replicate+1","bronze:Goto+1","bronze:Verify+1","bronze:ShipIt","bronze:Return","bronze:Flail+1","bronze:Flail+1","bronze:Boost+1","bronze:Backtrace","bronze:FindAndReplace","bronze:Replicate+1","bronze:Boost+1","bronze:WildBeam+1","bronze:Repair","bronze:Terminator+1","bronze:Virus+1","bronze:Invalidate+1","bronze:BugBarrage+1","bronze:ClassDefault","bronze:ClassDefault+1","bronze:CutThrough+1","bronze:Turbo","bronze:Constructor+1","bronze:NullPointer+1","bronze:WhirlingStrike+1","bronze:Backtrace+1","bronze:ThunderWave+1","bronze:BitShift+1","bronze:Invalidate+1","bronze:Iterate+1","bronze:Repulsor+1","bronze:TinkerersToolbox+1","bronze:MaxOutput+1","bronze:ForLoop+1","bronze:Invalidate+1","expansioncontent:PrepareCrush+1","expansioncontent:GuardianWhirl+1","expansioncontent:Hexaburn","bronze:MaxOutput+1","bronze:Turbo+1","bronze:BuggyMess+1","bronze:InfiniteBeams+1","bronze:BronzeOrb+1","bronze:ChildClass","hubris:DuctTapeCard"],"relics":["bronze:BronzeCore","Matryoshka","Blood Vial","War Paint","Shuriken","bronze:MakeshiftBattery","Potion Belt","Anchor","downfall:HeartBlessingBlue","Lantern","hubris:DuctTape","hubris:CuriousFeather","Molten Egg 2","Astrolabe","downfall:HeartBlessingRed","downfall:HeartBlessingGreen","Bronze Scales","Toolbox","Pen Nib","Mango","hubris:Towel","Prayer Wheel","Bag of Marbles","HollowMod:LifeEnderRelic"],"acts_visited":["Exordium","TheCity","TheBeyond","TheEnding"],"potions_floor_usage":[56],"damage_taken":[{"damage":1.0,"enemies":"2 Louse","floor":2.0,"turns":2.0},{"damage":1.0,"enemies":"Cultist","floor":3.0,"turns":3.0},{"damage":3.0,"enemies":"Jaw Worm","floor":4.0,"turns":5.0},{"damage":2.0,"enemies":"Blue Slaver","floor":5.0,"turns":2.0},{"damage":14.0,"enemies":"Gremlin Nob","floor":6.0,"turns":4.0},{"damage":0.0,"enemies":"Red Slaver","floor":9.0,"turns":2.0},{"damage":11.0,"enemies":"HollowMod:MossKnight","floor":12.0,"turns":6.0},{"damage":2.0,"enemies":"Exordium Thugs","floor":13.0,"turns":3.0},{"damage":10.0,"enemies":"downfall:LooterAlt","floor":14.0,"turns":2.0},{"damage":11.0,"enemies":"Exordium Wildlife","floor":15.0,"turns":3.0},{"damage":34.0,"enemies":"DF_ARCHETYPE_STREAMLINE","floor":16.0,"turns":8.0},{"damage":0.0,"enemies":"Shell Parasite","floor":19.0,"turns":3.0},{"damage":31.0,"enemies":"downfall:LooterAlt2","floor":20.0,"turns":3.0},{"damage":0.0,"enemies":"Snake Plant","floor":21.0,"turns":3.0},{"damage":0.0,"enemies":"downfall:LadyInBlue","floor":22.0,"turns":3.0},{"damage":18.0,"enemies":"Centurion and Healer","floor":23.0,"turns":2.0},{"damage":0.0,"enemies":"downfall:FleeingMerchant","floor":26.0,"turns":4.0},{"damage":0.0,"enemies":"HollowMod:Nosk","floor":28.0,"turns":3.0},{"damage":0.0,"enemies":"3 Cultists","floor":30.0,"turns":2.0},{"damage":1.0,"enemies":"Snake Plant","floor":31.0,"turns":4.0},{"damage":0.0,"enemies":"Centurion and Healer","floor":32.0,"turns":3.0},{"damage":41.0,"enemies":"IC_MUSHROOM_ARCHETYPE","floor":33.0,"turns":5.0},{"damage":0.0,"enemies":"3 Darklings","floor":36.0,"turns":2.0},{"damage":0.0,"enemies":"downfall:FleeingMerchant","floor":37.0,"turns":2.0},{"damage":3.0,"enemies":"3 Shapes","floor":38.0,"turns":2.0},{"damage":0.0,"enemies":"3 Darklings","floor":39.0,"turns":2.0},{"damage":0.0,"enemies":"HollowMod:StalkingDevout","floor":42.0,"turns":1.0},{"damage":0.0,"enemies":"HollowMod:StalkingDevout","floor":46.0,"turns":3.0},{"damage":3.0,"enemies":"Giant Head","floor":48.0,"turns":4.0},{"damage":0.0,"enemies":"Transient","floor":49.0,"turns":5.0},{"damage":3.0,"enemies":"SI_POISON_ARCHETYPE","floor":50.0,"turns":5.0},{"damage":28.0,"enemies":"downfall:CharBossMerchant","floor":52.0,"turns":5.0},{"damage":3.0,"enemies":"downfall:NeowBoss","floor":55.0,"turns":8.0},{"damage":65,"enemies":"downfall:NeowBossFinal","floor":56,"turns":7}],"seed_played":"1403996648754287576","potions_obtained":[{"floor":3.0,"key":"BlessingOfTheForge"},{"floor":4.0,"key":"Regen Potion"},{"floor":6.0,"key":"GamblersBrew"},{"floor":19.0,"key":"Strength Potion"},{"floor":21.0,"key":"champ:CounterPotion"},{"floor":22.0,"key":"SmokeBomb"},{"floor":22.0,"key":"sneckomod:MuddlingPotion"},{"floor":22.0,"key":"bronze:FreeFunctionsPotion"},{"floor":28.0,"key":"Block Potion"},{"floor":30.0,"key":"Regen Potion"},{"floor":31.0,"key":"SteroidPotion"},{"floor":33.0,"key":"Ancient Potion"},{"floor":39.0,"key":"DistilledChaos"},{"floor":42.0,"key":"Ancient Potion"}],"is_trial":false,"path_per_floor":["R","M","M","M","M","E","T","R","M","R","?","E","M","M","M","B",null,"R","M","M","M","?","M","T","R","$","?","E","T","M","M","M","B",null,"R","M","$","M","M","R","T","E","R","?","?","?","R","E","M","B",null,"E","$","R","B","B",null],"character_chosen":"THE_AUTOMATON","items_purchased":["Lantern","hubris:DuctTape","bronze:Turbo","Bronze Scales","Toolbox","bronze:BronzeOrb+1","bronze:ChildClass","SneckoOil"],"campfire_rested":0,"item_purchase_floors":[26,26,26,37,37,53,53,53],"current_hp_per_floor":[63,62,61,58,56,52,52,52,54,54,54,45,45,44,42,17,63,63,63,32,41,43,27,27,37,39,39,41,41,43,51,60,28,73,73,73,73,70,72,72,72,87,87,77,77,87,87,84,86,87,87,59,59,59,65,2],"gold":1,"neow_bonus":"TRANSFORM_TWO_CARDS","is_daily":false,"chose_seed":false,"campfire_upgraded":9,"win_rate":0.0,"timestamp":1613343392,"path_taken":["R","M","M","M","M","E","T","R","M","R","?","E","M","?","M","BOSS","R","M","M","M","?","?","T","R","$","?","E","?","M","M","M","BOSS","R","M","$","M","M","R","T","E","R","?","?","?","R","E","M","BOSS","E","$","R","BOSS","BOSS"],"items_purchased_type":["Relic","Relic","Card","Relic","Relic","Card","Card","Potion"],"build_version":"2020-12-22","purchased_purges":1,"victory":true,"max_hp_per_floor":[63,63,63,63,63,63,63,63,63,63,63,63,63,63,63,63,63,63,63,63,63,63,63,63,73,73,73,73,73,73,73,73,73,73,73,73,73,73,73,73,73,87,87,87,87,87,87,87,87,87,87,87,87,87,87,87],"card_choices":[{"not_picked":["bronze:OilSpill","bronze:WhirlingStrike"],"picked":"bronze:Return","floor":2.0},{"not_picked":["bronze:DelayedGuard","bronze:Backtrace"],"picked":"bronze:Flail","floor":3.0},{"not_picked":["bronze:BitShift","bronze:Overheat"],"picked":"bronze:Flail","floor":4.0},{"not_picked":["bronze:BitShift","bronze:Flail"],"picked":"bronze:Boost","floor":5.0},{"not_picked":["bronze:DigitalCarnage","bronze:Fortify"],"picked":"bronze:Backtrace","floor":6.0},{"not_picked":["bronze:DelayedSlice","bronze:InfiniteBeams"],"picked":"bronze:FindAndReplace","floor":9.0},{"not_picked":["bronze:BronzeArmor","bronze:BugBarrage"],"picked":"bronze:WildBeam","floor":12.0},{"not_picked":["bronze:DelayedGuard","bronze:MaxOutput"],"picked":"bronze:Repair","floor":13.0},{"not_picked":["bronze:Flail","bronze:Shield"],"picked":"bronze:Terminator","floor":14.0},{"not_picked":["bronze:Frontload","bronze:DelayedGuard"],"picked":"bronze:Shield","floor":15.0},{"not_picked":["bronze:Hardcode","bronze:ShipIt"],"picked":"bronze:Virus","floor":16.0},{"not_picked":["bronze:Overheat","bronze:MaxOutput"],"picked":"bronze:Invalidate+1","floor":19.0},{"not_picked":["bronze:Philosophize","bronze:Overheat"],"picked":"bronze:Shield","floor":20.0},{"not_picked":["bronze:Overheat","bronze:CutThrough"],"picked":"bronze:BugBarrage+1","floor":21.0},{"not_picked":["bronze:Frontload","bronze:BuggyMess"],"picked":"bronze:ClassDefault","floor":22.0},{"not_picked":["bronze:HyperBeam","bronze:Constructor"],"picked":"bronze:ClassDefault+1","floor":23.0},{"not_picked":["bronze:FineTuning","bronze:Fortify"],"picked":"bronze:CutThrough+1","floor":26.0},{"not_picked":["bronze:Invalidate","bronze:GetLatest"],"picked":"bronze:Constructor+1","floor":28.0},{"not_picked":["bronze:Flail+1","bronze:Philosophize"],"picked":"bronze:NullPointer+1","floor":30.0},{"not_picked":["bronze:Repair","bronze:Terminator+1"],"picked":"bronze:WhirlingStrike+1","floor":31.0},{"not_picked":["bronze:ClassDefault","bronze:Optimize"],"picked":"bronze:Backtrace+1","floor":32.0},{"not_picked":["bronze:Verify","bronze:CleanCode"],"picked":"bronze:ThunderWave+1","floor":33.0},{"not_picked":["bronze:DigitalCarnage+1","bronze:Constructor"],"picked":"bronze:Repulsor+1","floor":36.0},{"not_picked":["bronze:Boost","bronze:BronzeArmor"],"picked":"bronze:TinkerersToolbox","floor":37.0},{"not_picked":["bronze:BronzeArmor","bronze:Branch+1"],"picked":"bronze:MaxOutput+1","floor":38.0},{"not_picked":["bronze:CutThrough+1","bronze:OilSpill+1"],"picked":"bronze:ForLoop+1","floor":39.0},{"not_picked":["bronze:BitShift","bronze:ClassDefault"],"picked":"bronze:Invalidate+1","floor":42.0},{"not_picked":["expansioncontent:Hexaburn","expansioncontent:PolyBeam"],"picked":"expansioncontent:PrepareCrush","floor":44.0},{"not_picked":["expansioncontent:AwakenDeath","expansioncontent:InvincibleStrength"],"picked":"expansioncontent:GuardianWhirl","floor":44.0},{"not_picked":["expansioncontent:PolyBeam","expansioncontent:GuardianWhirl"],"picked":"expansioncontent:Hexaburn","floor":44.0},{"not_picked":["bronze:Branch+1","bronze:Constructor"],"picked":"bronze:MaxOutput+1","floor":46.0},{"not_picked":["bronze:MaxOutput+1","bronze:Frontload+1","bronze:WhirlingStrike+1"],"picked":"SKIP","floor":48.0},{"not_picked":["bronze:Iterate+1","bronze:ForceShield+1"],"picked":"bronze:Turbo+1","floor":49.0},{"not_picked":["bronze:InfiniteBeams+1","bronze:Overheat+1"],"picked":"bronze:BuggyMess","floor":49.0},{"not_picked":["bronze:FineTuning","bronze:CutThrough+1"],"picked":"bronze:InfiniteBeams+1","floor":52.0}],"player_experience":2228216,"relics_obtained":[{"floor":6.0,"key":"Matryoshka"},{"floor":7.0,"key":"Blood Vial"},{"floor":7.0,"key":"War Paint"},{"floor":12.0,"key":"Shuriken"},{"floor":22.0,"key":"Potion Belt"},{"floor":24.0,"key":"Anchor"},{"floor":28.0,"key":"hubris:CuriousFeather"},{"floor":29.0,"key":"Molten Egg 2"},{"floor":41.0,"key":"Pen Nib"},{"floor":42.0,"key":"Mango"},{"floor":46.0,"key":"Prayer Wheel"},{"floor":48.0,"key":"Bag of Marbles"},{"floor":52.0,"key":"HollowMod:LifeEnderRelic"}],"event_choices":[],"is_beta":false,"boss_relics":[{"not_picked":["Runic Dome","Sozu"],"picked":"bronze:MakeshiftBattery"},{"not_picked":["Coffee Dripper","hubris:VirtuousBlindfold"],"picked":"Astrolabe"}],"items_purged_floors":[37],"is_endless":false,"potions_floor_spawned":[3,4,6,19,21,28,30,31,33,39,42],"ascension_level":0}}