{"host":"t179ovrkr5k1gnfh","time":1613295598,"event":{"mods":["AchievementEnabler","BaseMod","BetterRewards","Colored Map","Downfall","Minty Spire (QoL Compilation)","StSLib"],"gold_per_floor":[117,128,128,145,145,145,176,176,176,186,212,162,162,178,178,278,278,298,298,298,313,333,363,363,390,437,437,24,58,58,75,75,180,180,194,208,208,83,94,123,123,153,177,177,177,177,201,211,211,211,211,211,61,88,88],"floor_reached":56,"language":"ENG","playtime":4722,"items_purged":["bronze:Defend","bronze:Defend","bronze:Defend","bronze:Strike"],"score":2018,"play_id":"351cb30a-86a6-4960-a70b-9b503ef92ce0","local_time":"20210214103958","is_ascension_mode":true,"campfire_choices":[{"data":"bronze:Goto","floor":6.0,"key":"SMITH"},{"data":"bronze:Safeguard","floor":13.0,"key":"SMITH"},{"data":"bronze:NullPointer","floor":15.0,"key":"SMITH"},{"data":"bronze:Mutator","floor":24.0,"key":"SMITH"},{"data":"bronze:HardenedForm","floor":27.0,"key":"SMITH"},{"data":"bronze:Terminator","floor":32.0,"key":"SMITH"},{"floor":41.0,"key":"REST"},{"data":"Madness","floor":44.0,"key":"SMITH"},{"data":"bronze:MaxOutput","floor":46.0,"key":"SMITH"},{"floor":49.0,"key":"RECALL"},{"data":"bronze:Defend","floor":52.0,"key":"SMITH"}],"circlet_count":0,"master_deck":["bronze:Strike","bronze:Defend+1","bronze:Replicate","bronze:Goto+1","bronze:Deprecate+1","bronze:HardenedForm+1","bronze:Safeguard+1","bronze:Overheat","bronze:Shell","bronze:NullPointer+1","bronze:Mutator+1","bronze:MaxOutput+1","bronze:Terminator+1","CurseOfTheBell","Madness+1"],"relics":["bronze:BronzeCore","Ornamental Fan","Pear","bronze:SilverBullet","Potion Belt","Busted Crown","MutagenicStrength","Pen Nib","Tiny Chest","Anchor","Sling","StoneCalendar","Calling Bell","Dream Catcher","Singing Bowl","Mango","HornCleat","InkBottle","Kunai","Regal Pillow","Mummified Hand"],"acts_visited":["Exordium","TheCity","TheBeyond","TheEnding"],"potions_floor_usage":[54,55],"damage_taken":[{"damage":0.0,"enemies":"2 Louse","floor":1.0,"turns":3.0},{"damage":0.0,"enemies":"Cultist","floor":2.0,"turns":3.0},{"damage":15.0,"enemies":"Jaw Worm","floor":4.0,"turns":4.0},{"damage":0.0,"enemies":"Lagavulin","floor":7.0,"turns":6.0},{"damage":2.0,"enemies":"Large Slime","floor":10.0,"turns":2.0},{"damage":1.0,"enemies":"3 Sentries","floor":11.0,"turns":6.0},{"damage":0.0,"enemies":"Exordium Wildlife","floor":14.0,"turns":4.0},{"damage":0.0,"enemies":"Hexaghost","floor":16.0,"turns":8.0},{"damage":0.0,"enemies":"Chosen","floor":18.0,"turns":4.0},{"damage":0.0,"enemies":"Spheric Guardian","floor":21.0,"turns":3.0},{"damage":6.0,"enemies":"Snecko","floor":22.0,"turns":4.0},{"damage":3.0,"enemies":"Slavers","floor":23.0,"turns":6.0},{"damage":5.0,"enemies":"Gremlin Leader","floor":25.0,"turns":7.0},{"damage":0.0,"enemies":"Book of Stabbing","floor":29.0,"turns":4.0},{"damage":0.0,"enemies":"Chosen and Byrds","floor":31.0,"turns":3.0},{"damage":0.0,"enemies":"Collector","floor":33.0,"turns":8.0},{"damage":6.0,"enemies":"3 Shapes","floor":35.0,"turns":4.0},{"damage":0.0,"enemies":"3 Darklings","floor":36.0,"turns":5.0},{"damage":10.0,"enemies":"Sphere and 2 Shapes","floor":39.0,"turns":5.0},{"damage":37.0,"enemies":"Reptomancer","floor":40.0,"turns":6.0},{"damage":3.0,"enemies":"Giant Head","floor":42.0,"turns":8.0},{"damage":2.0,"enemies":"Writhing Mass","floor":48.0,"turns":5.0},{"damage":0.0,"enemies":"Awakened One","floor":50.0,"turns":13.0},{"damage":0,"enemies":"Shield and Spear","floor":54,"turns":4},{"damage":2,"enemies":"The Heart","floor":55,"turns":7}],"seed_played":"5479653284379833342","potions_obtained":[{"floor":4.0,"key":"Block Potion"},{"floor":7.0,"key":"AttackPotion"},{"floor":14.0,"key":"ColorlessPotion"},{"floor":20.0,"key":"Fruit Juice"},{"floor":20.0,"key":"LiquidBronze"},{"floor":20.0,"key":"DuplicationPotion"},{"floor":21.0,"key":"EssenceOfSteel"},{"floor":23.0,"key":"LiquidMemories"},{"floor":29.0,"key":"EssenceOfSteel"},{"floor":33.0,"key":"Weak Potion"},{"floor":36.0,"key":"Strength Potion"},{"floor":40.0,"key":"Regen Potion"},{"floor":42.0,"key":"Swift Potion"}],"is_trial":false,"path_per_floor":["M","M","?","M","?","R","E","?","T","M","E","?","R","M","R","B",null,"M","?","?","M","M","E","R","E","T","R","$","E","$","M","R","B",null,"M","M","?","$","M","E","R","E","T","R","T","R","T","M","R","B",null,"R","$","E","B",null],"character_chosen":"THE_AUTOMATON","items_purchased":["bronze:HardenedForm","bronze:Safeguard","bronze:MaxOutput","bronze:Terminator","Sling"],"campfire_rested":1,"item_purchase_floors":[0,0,28,28,28],"current_hp_per_floor":[70,70,63,48,53,53,63,63,63,61,60,60,60,60,60,60,85,85,85,85,90,84,81,81,76,76,76,76,76,76,76,76,76,104,100,102,102,102,94,59,94,93,93,93,93,93,93,107,107,107,118,118,118,120,118],"gold":88,"neow_bonus":"","is_daily":false,"chose_seed":false,"campfire_upgraded":9,"win_rate":0.0,"timestamp":1613295598,"path_taken":["M","M","?","M","?","R","E","?","T","?","E","?","R","M","R","BOSS","M","?","?","?","M","E","R","E","T","R","?","E","$","M","R","BOSS","M","M","?","$","M","E","R","E","T","R","?","R","?","M","R","BOSS","R","$","E","BOSS"],"items_purchased_type":["Card","Card","Card","Card","Relic"],"build_version":"2020-12-22","purchased_purges":4,"victory":true,"max_hp_per_floor":[70,70,70,70,75,75,85,85,85,85,85,85,85,85,85,85,85,85,85,85,90,90,90,90,90,90,90,90,90,90,90,90,90,104,106,108,108,108,110,112,114,116,116,116,116,116,116,118,118,118,118,118,118,120,120],"card_choices":[{"not_picked":["bronze:Constructor","bronze:FineTuning"],"picked":"bronze:Overheat","floor":1.0},{"not_picked":["bronze:BugBarrage","bronze:WildBeam","bronze:Constructor"],"picked":"SKIP","floor":2.0},{"not_picked":["bronze:ForceShield","bronze:HardenedForm"],"picked":"bronze:Shell","floor":4.0},{"not_picked":["bronze:Shield","bronze:ChildClass","bronze:Iterate"],"picked":"SKIP","floor":7.0},{"not_picked":["bronze:Shield","bronze:Invalidate"],"picked":"bronze:NullPointer","floor":10.0},{"not_picked":["bronze:Shell","bronze:Virus","bronze:BuggyMess"],"picked":"SKIP","floor":11.0},{"not_picked":["bronze:Boost","bronze:CutThrough","bronze:Constructor"],"picked":"SKIP","floor":14.0},{"not_picked":["bronze:SpaghettiCode","bronze:ThunderWave"],"picked":"bronze:Mutator","floor":16.0},{"not_picked":["bronze:CloningBeam+1"],"picked":"SKIP","floor":18.0},{"not_picked":["bronze:BitShift"],"picked":"SKIP","floor":21.0},{"not_picked":["bronze:WhirlingStrike"],"picked":"SKIP","floor":22.0},{"not_picked":["bronze:Deprecate"],"picked":"SKIP","floor":23.0},{"not_picked":["bronze:Branch"],"picked":"SKIP","floor":25.0},{"not_picked":["bronze:Invalidate"],"picked":"SKIP","floor":29.0},{"not_picked":["bronze:DelayedGuard"],"picked":"SKIP","floor":31.0},{"not_picked":["bronze:BronzeOrb"],"picked":"Singing Bowl","floor":35.0},{"not_picked":["bronze:Separator"],"picked":"Singing Bowl","floor":36.0},{"not_picked":[],"picked":"Madness","floor":37.0},{"not_picked":["bronze:Flail+1"],"picked":"Singing Bowl","floor":39.0},{"not_picked":["bronze:BitShift+1"],"picked":"Singing Bowl","floor":40.0},{"not_picked":["bronze:BitShift"],"picked":"Singing Bowl","floor":41.0},{"not_picked":["bronze:Frontload"],"picked":"Singing Bowl","floor":42.0},{"not_picked":["bronze:Branch+1"],"picked":"Singing Bowl","floor":48.0},{"not_picked":["bronze:InfiniteLoop"],"picked":"Singing Bowl","floor":54}],"player_experience":275512,"relics_obtained":[{"floor":7.0,"key":"Pear"},{"floor":9.0,"key":"bronze:SilverBullet"},{"floor":11.0,"key":"Potion Belt"},{"floor":23.0,"key":"Pen Nib"},{"floor":25.0,"key":"Tiny Chest"},{"floor":26.0,"key":"Anchor"},{"floor":29.0,"key":"StoneCalendar"},{"floor":34.0,"key":"Dream Catcher"},{"floor":34.0,"key":"Singing Bowl"},{"floor":34.0,"key":"Mango"},{"floor":40.0,"key":"HornCleat"},{"floor":42.0,"key":"InkBottle"},{"floor":45.0,"key":"Kunai"},{"floor":47.0,"key":"Regal Pillow"},{"floor":54,"key":"Mummified Hand"}],"event_choices":[{"damage_healed":0.0,"max_hp_gain":0.0,"max_hp_loss":0.0,"gold_gain":0.0,"event_name":"Scrap Ooze","player_choice":"Success","floor":3.0,"gold_loss":0.0,"damage_taken":7.0,"relics_obtained":["Ornamental Fan"]},{"damage_healed":0.0,"max_hp_gain":5.0,"max_hp_loss":0.0,"gold_gain":0.0,"event_name":"Big Fish","player_choice":"Donut","floor":5.0,"gold_loss":0.0,"damage_taken":0.0},{"damage_healed":0.0,"max_hp_gain":0.0,"max_hp_loss":0.0,"gold_gain":0.0,"event_name":"Upgrade Shrine","player_choice":"Upgraded","floor":8.0,"gold_loss":0.0,"damage_taken":0.0,"cards_upgraded":["bronze:Deprecate"]},{"cards_removed":["bronze:Strike"],"damage_healed":0.0,"max_hp_gain":0.0,"max_hp_loss":0.0,"gold_gain":0.0,"event_name":"The Cleric","player_choice":"Card Removal","floor":12.0,"gold_loss":50.0,"damage_taken":0.0},{"damage_healed":0.0,"max_hp_gain":0.0,"max_hp_loss":0.0,"gold_gain":0.0,"event_name":"Drug Dealer","player_choice":"Inject Mutagens","floor":19.0,"gold_loss":0.0,"damage_taken":0.0,"relics_obtained":["MutagenicStrength"]},{"damage_healed":0.0,"max_hp_gain":0.0,"max_hp_loss":0.0,"gold_gain":0.0,"event_name":"Lab","player_choice":"Got Potions","floor":20.0,"gold_loss":0.0,"damage_taken":0.0},{"damage_healed":0.0,"max_hp_gain":0.0,"max_hp_loss":0.0,"gold_gain":0.0,"event_name":"SensoryStone","player_choice":"Memory 1","floor":37.0,"gold_loss":0.0,"damage_taken":0.0}],"is_beta":false,"boss_relics":[{"not_picked":["Coffee Dripper","Ectoplasm"],"picked":"Busted Crown"},{"not_picked":["Astrolabe","Snecko Eye"],"picked":"Calling Bell"}],"items_purged_floors":[0,28,38,53],"is_endless":false,"potions_floor_spawned":[4,7,14,21,23,29,33,36,40,42],"ascension_level":2}}