{"host":"jwbw4f4imxd0v0b0","time":1613326021,"event":{"mods":["BaseMod","Colored Map","Highlight Path","Minty Spire (QoL Compilation)","Relic Stats","StSLib"],"gold_per_floor":[117,135,152,152,176,176,214,248,318,362,362,362,380,420,420,511,511,536,0,0,16,16,50,66,104,128,128,148,187,187,205,205,284,284,297,297,297,309,329,357,357,386,386,414,414,424,442,462,462,462],"floor_reached":51,"language":"ENG","playtime":4116,"items_purged":["Strike_P"],"score":1580,"play_id":"14d4452f-505b-4bfb-a495-8511c8f511d1","local_time":"20210214120701","is_ascension_mode":true,"campfire_choices":[{"data":"Eruption","floor":6.0,"key":"SMITH"},{"floor":11.0,"key":"REST"},{"data":"TalkToTheHand","floor":15.0,"key":"SMITH"},{"data":"Ghostly","floor":27.0,"key":"SMITH"},{"data":"Ghostly","floor":32.0,"key":"SMITH"},{"floor":41.0,"key":"REST"},{"data":"Ragnarok","floor":49,"key":"SMITH"}],"circlet_count":0,"master_deck":["AscendersBane","Eruption+1","Vigilance","ThirdEye","Consecrate","Wallop","TalkToTheHand+1","InnerPeace","LikeWater","Protect","BattleHymn","Ragnarok+1","FlurryOfBlows","Panache","JustLucky","Weave","Ghostly+1","Ghostly+1","Ghostly","Ghostly","Ghostly","LikeWater","Meditate+1","MentalFortress","CutThroughFate","Vault+1","Establishment","Vengeance+1","BowlingBash","DeceiveReality+1","Panacea+1","Sanctity+1","Meditate+1","Halt+1","Tantrum","SpiritShield+1"],"relics":["Empty Cage","Bloody Idol","WingedGreaves","CloakClasp","InkBottle","Strawberry","Potion Belt","Philosopher\u0027s Stone","Pen Nib","Toxic Egg 2","Mummified Hand","Boot","Pandora\u0027s Box","Regal Pillow","Thread and Needle","Singing Bowl","Bag of Marbles"],"acts_visited":["Exordium","TheCity","TheBeyond"],"potions_floor_usage":[47,50,50,50,50],"damage_taken":[{"damage":2.0,"enemies":"Jaw Worm","floor":1.0,"turns":4.0},{"damage":4.0,"enemies":"2 Louse","floor":2.0,"turns":3.0},{"damage":0.0,"enemies":"Small Slimes","floor":3.0,"turns":4.0},{"damage":0.0,"enemies":"Looter","floor":5.0,"turns":4.0},{"damage":28.0,"enemies":"Gremlin Nob","floor":7.0,"turns":5.0},{"damage":11.0,"enemies":"Lagavulin","floor":8.0,"turns":10.0},{"damage":8.0,"enemies":"Gremlin Nob","floor":10.0,"turns":5.0},{"damage":4.0,"enemies":"Exordium Thugs","floor":13.0,"turns":5.0},{"damage":4.0,"enemies":"Lagavulin","floor":14.0,"turns":11.0},{"damage":17.0,"enemies":"The Guardian","floor":16.0,"turns":12.0},{"damage":0.0,"enemies":"Chosen","floor":18.0,"turns":3.0},{"damage":5.0,"enemies":"3 Byrds","floor":21.0,"turns":3.0},{"damage":0.0,"enemies":"Book of Stabbing","floor":23.0,"turns":5.0},{"damage":8.0,"enemies":"Snake Plant","floor":24.0,"turns":4.0},{"damage":0.0,"enemies":"Gremlin Leader","floor":25.0,"turns":5.0},{"damage":0.0,"enemies":"Cultist and Chosen","floor":28.0,"turns":6.0},{"damage":9.0,"enemies":"Slavers","floor":29.0,"turns":5.0},{"damage":2.0,"enemies":"Shelled Parasite and Fungi","floor":31.0,"turns":6.0},{"damage":0.0,"enemies":"Collector","floor":33.0,"turns":12.0},{"damage":0.0,"enemies":"Orb Walker","floor":35.0,"turns":4.0},{"damage":1.0,"enemies":"3 Shapes","floor":38.0,"turns":4.0},{"damage":26.0,"enemies":"Writhing Mass","floor":39.0,"turns":7.0},{"damage":0.0,"enemies":"Giant Head","floor":40.0,"turns":8.0},{"damage":0.0,"enemies":"Reptomancer","floor":42.0,"turns":6.0},{"damage":14.0,"enemies":"Giant Head","floor":44.0,"turns":7.0},{"damage":0.0,"enemies":"Transient","floor":46.0,"turns":5.0},{"damage":11,"enemies":"3 Darklings","floor":47,"turns":4},{"damage":0,"enemies":"Maw","floor":48,"turns":7},{"damage":6,"enemies":"Time Eater","floor":50,"turns":7}],"seed_played":"-249541818251745923","potions_obtained":[{"floor":1.0,"key":"SneckoOil"},{"floor":8.0,"key":"Dexterity Potion"},{"floor":10.0,"key":"Block Potion"},{"floor":14.0,"key":"Explosive Potion"},{"floor":21.0,"key":"Weak Potion"},{"floor":24.0,"key":"SkillPotion"},{"floor":28.0,"key":"Block Potion"},{"floor":29.0,"key":"Strength Potion"},{"floor":39.0,"key":"CultistPotion"},{"floor":44.0,"key":"Block Potion"},{"floor":48,"key":"Dexterity Potion"}],"is_trial":false,"path_per_floor":["M","M","M","?","M","R","E","E","T","E","R","?","M","E","R","B",null,"M","$","?","M","?","E","M","E","T","R","M","E","?","M","R","B",null,"M","?","?","M","M","E","R","E","T","E","?","M","M","M","R","B",null],"character_chosen":"WATCHER","items_purchased":["Panache","JustLucky","Weave","Pen Nib"],"campfire_rested":2,"item_purchase_floors":[19,19,19,19],"current_hp_per_floor":[63,59,59,59,59,59,31,20,20,19,41,34,30,26,26,9,58,58,58,37,32,32,32,24,24,24,24,24,15,15,18,18,23,34,37,37,37,37,16,21,37,37,37,28,28,35,31,38,38,32],"gold":462,"neow_bonus":"BOSS_RELIC","is_daily":false,"chose_seed":false,"campfire_upgraded":5,"win_rate":0.0,"timestamp":1613326021,"path_taken":["M","M","M","?","M","R","E","E","T","E","R","?","M","E","R","BOSS","M","$","?","M","?","E","M","E","T","R","M","E","?","?","R","BOSS","M","?","?","?","M","E","R","E","T","E","?","M","M","M","R","BOSS"],"items_purchased_type":["Card","Card","Card","Relic"],"build_version":"2020-12-22","purchased_purges":1,"victory":true,"max_hp_per_floor":[72,72,72,67,67,67,67,67,67,74,74,74,74,74,74,74,74,74,74,37,37,37,37,37,37,37,37,37,37,37,37,37,37,37,37,37,37,37,37,37,37,37,37,37,35,37,39,41,41,41],"relic_stats":{"Regal Pillow":5,"Singing Bowl":6,"counters":[29,171],"Mummified Hand":[80],"Bloody Idol":44,"Pandora\u0027s Box":["Establishment","Vengeance","BowlingBash","DeceiveReality"],"Pen Nib":[28],"CloakClasp":[347],"Boot":[96],"obtain_stats":[{"Potion Belt":14,"Regal Pillow":40,"Singing Bowl":43,"Golden Idol":4,"Thread and Needle":42,"Pen Nib":19,"CloakClasp":8,"Empty Cage":0,"Boot":29,"Mummified Hand":25,"Strawberry":10,"Bloody Idol":30,"Philosopher\u0027s Stone":17,"Pandora\u0027s Box":34,"WingedGreaves":7,"Bag of Marbles":44,"PureWater":0,"Toxic Egg 2":23,"InkBottle":9},{"Potion Belt":9,"Regal Pillow":23,"Singing Bowl":24,"Golden Idol":3,"Thread and Needle":24,"Pen Nib":11,"CloakClasp":6,"Empty Cage":0,"Boot":17,"Mummified Hand":15,"Strawberry":7,"Bloody Idol":17,"Philosopher\u0027s Stone":10,"Pandora\u0027s Box":19,"WingedGreaves":5,"Bag of Marbles":25,"PureWater":0,"Toxic Egg 2":13,"InkBottle":6},{"Potion Belt":51,"Regal Pillow":135,"Singing Bowl":141,"Golden Idol":11,"Thread and Needle":141,"Pen Nib":66,"CloakClasp":30,"Empty Cage":0,"Boot":94,"Mummified Hand":83,"Strawberry":35,"Bloody Idol":94,"Philosopher\u0027s Stone":63,"Pandora\u0027s Box":112,"WingedGreaves":20,"Bag of Marbles":148,"PureWater":0,"Toxic Egg 2":74,"InkBottle":30}],"InkBottle":[59]},"card_choices":[{"not_picked":["Wireheading","ForeignInfluence"],"picked":"ThirdEye","floor":1.0},{"not_picked":["ReachHeaven","ClearTheMind"],"picked":"Consecrate","floor":2.0},{"not_picked":["Ragnarok","JustLucky"],"picked":"Wallop","floor":3.0},{"not_picked":["EmptyMind","FlyingSleeves"],"picked":"TalkToTheHand","floor":5.0},{"not_picked":["Fasting2","FollowUp"],"picked":"InnerPeace","floor":7.0},{"not_picked":["Consecrate","ReachHeaven"],"picked":"LikeWater","floor":8.0},{"not_picked":["FollowUp","Worship","Prostrate"],"picked":"SKIP","floor":10.0},{"not_picked":["Study","InnerPeace"],"picked":"Protect","floor":13.0},{"not_picked":["Crescendo","Perseverance"],"picked":"BattleHymn","floor":14.0},{"not_picked":["Devotion","Judgement"],"picked":"Ragnarok","floor":16.0},{"not_picked":["FlyingSleeves","Halt"],"picked":"FlurryOfBlows","floor":18.0},{"not_picked":["Worship","Consecrate"],"picked":"LikeWater","floor":21.0},{"not_picked":["FollowUp","Ragnarok"],"picked":"Meditate+1","floor":23.0},{"not_picked":["Conclude","ClearTheMind+1","ForeignInfluence+1"],"picked":"SKIP","floor":24.0},{"not_picked":["Study+1","PathToVictory+1"],"picked":"JustLucky+1","floor":25.0},{"not_picked":["Swivel+1","Collect+1"],"picked":"MentalFortress","floor":28.0},{"not_picked":["JustLucky","FollowUp","ReachHeaven"],"picked":"SKIP","floor":29.0},{"not_picked":["Swivel+1","Perseverance+1"],"picked":"CutThroughFate","floor":31.0},{"not_picked":["Alpha+1","LessonLearned"],"picked":"Vault+1","floor":33.0},{"not_picked":["EmptyFist","ThirdEye+1","CutThroughFate"],"picked":"SKIP","floor":35.0},{"not_picked":["Prostrate+1","BowlingBash+1"],"picked":"Sanctity+1","floor":38.0},{"not_picked":["PathToVictory+1","JustLucky"],"picked":"Meditate+1","floor":39.0},{"not_picked":["Brilliance","PathToVictory+1"],"picked":"Halt+1","floor":40.0},{"not_picked":["FlyingSleeves+1","EmptyBody+1"],"picked":"Tantrum","floor":42.0},{"not_picked":["FearNoEvil","DeceiveReality+1"],"picked":"SpiritShield+1","floor":44.0},{"not_picked":["EmptyFist","Consecrate","Vengeance+1"],"picked":"Singing Bowl","floor":46.0},{"not_picked":["FollowUp","ClearTheMind+1","PathToVictory+1"],"picked":"Singing Bowl","floor":47},{"not_picked":["Halt+1","SashWhip","PathToVictory+1"],"picked":"Singing Bowl","floor":48}],"player_experience":1274900,"relics_obtained":[{"floor":7.0,"key":"WingedGreaves"},{"floor":8.0,"key":"CloakClasp"},{"floor":9.0,"key":"InkBottle"},{"floor":10.0,"key":"Strawberry"},{"floor":14.0,"key":"Potion Belt"},{"floor":23.0,"key":"Toxic Egg 2"},{"floor":25.0,"key":"Mummified Hand"},{"floor":29.0,"key":"Boot"},{"floor":40.0,"key":"Regal Pillow"},{"floor":42.0,"key":"Thread and Needle"},{"floor":43.0,"key":"Singing Bowl"},{"floor":44.0,"key":"Bag of Marbles"}],"event_choices":[{"damage_healed":0.0,"max_hp_gain":0.0,"max_hp_loss":5.0,"gold_gain":0.0,"event_name":"Golden Idol","player_choice":"Lose Max HP","floor":4.0,"gold_loss":0.0,"damage_taken":0.0,"relics_obtained":["Golden Idol"]},{"cards_removed":["Strike_P"],"damage_healed":0.0,"max_hp_gain":0.0,"max_hp_loss":0.0,"gold_gain":0.0,"event_name":"Golden Wing","player_choice":"Card Removal","floor":12.0,"gold_loss":0.0,"damage_taken":7.0},{"damage_healed":0.0,"max_hp_gain":0.0,"max_hp_loss":37.0,"gold_gain":0.0,"event_name":"Ghosts","player_choice":"Became a Ghost","floor":20.0,"gold_loss":0.0,"damage_taken":0.0,"cards_obtained":["Ghostly","Ghostly","Ghostly","Ghostly","Ghostly"]},{"damage_healed":0.0,"max_hp_gain":0.0,"max_hp_loss":0.0,"gold_gain":0.0,"event_name":"Back to Basics","player_choice":"Simplicity","floor":22.0,"gold_loss":0.0,"damage_taken":0.0,"cards_upgraded":["Strike_P","Defend_P","Defend_P","Defend_P"]},{"damage_healed":0.0,"max_hp_gain":0.0,"max_hp_loss":0.0,"gold_gain":0.0,"event_name":"Forgotten Altar","player_choice":"Gave Idol","floor":30.0,"relics_lost":["Golden Idol"],"gold_loss":0.0,"damage_taken":0.0,"relics_obtained":["Bloody Idol"]},{"cards_removed":["JustLucky"],"damage_healed":0.0,"max_hp_gain":0.0,"max_hp_loss":0.0,"gold_gain":0.0,"event_name":"Falling","player_choice":"Removed Attack","floor":36.0,"gold_loss":0.0,"damage_taken":0.0},{"damage_healed":0.0,"max_hp_gain":0.0,"max_hp_loss":0.0,"gold_gain":0.0,"event_name":"Match and Keep!","player_choice":"1 cards matched","floor":37.0,"gold_loss":0.0,"damage_taken":0.0,"cards_obtained":["Panacea"]},{"damage_healed":0.0,"max_hp_gain":0.0,"max_hp_loss":2.0,"gold_gain":0.0,"event_name":"Winding Halls","player_choice":"Max HP","floor":45.0,"gold_loss":0.0,"damage_taken":0.0}],"is_beta":false,"boss_relics":[{"not_picked":["Runic Pyramid","Ectoplasm"],"picked":"Philosopher\u0027s Stone"},{"not_picked":["Tiny House","Astrolabe"],"picked":"Pandora\u0027s Box"}],"items_purged_floors":[19],"is_endless":false,"potions_floor_spawned":[1,8,10,13,14,21,24,28,29,39,44,46,48],"ascension_level":13}}