{"host":"w4b7hmige5bnqipq","time":1613270443,"event":{"mods":["2.2 Compatiblity","BaseMod","Colored Map","DeckTracker","Keyboard Shortcuts","Minty Spire (QoL Compilation)","Permanent Neow","Rare Cards Sparkle","SuperFastMode","everything is the same but u backflip on backflip","slay the spire mod where everything is the same but ironclad has a cowboy hat"],"gold_per_floor":[114,39,54,129,129,146,146,175,175,194,194,194,223,9,9,83,83,83,83,83,83,33,33,33,33,33,33,33,33,33,33,33,33,33],"floor_reached":33,"language":"KOR","playtime":1854,"items_purged":["Shame","Strike_B"],"score":512,"play_id":"f174e0bd-fc84-462e-80a0-60ac529b1952","local_time":"20210214104043","is_ascension_mode":true,"campfire_choices":[{"data":"Go for the Eyes","floor":7.0,"key":"SMITH"},{"data":"Electrodynamics","floor":11.0,"key":"SMITH"},{"data":"Coolheaded","floor":15.0,"key":"SMITH"},{"data":"Loop","floor":23.0,"key":"SMITH"},{"data":"Buffer","floor":30.0,"key":"SMITH"},{"floor":32.0,"key":"REST"}],"circlet_count":0,"master_deck":["AscendersBane","Defend_B","Defend_B","Zap","Dualcast","Chill","Ball Lightning","Compile Driver","Go for the Eyes+1","Barrage","Electrodynamics+1","Conserve Battery","Coolheaded+1","Meteor Strike","Lockon","Loop+1","Writhe","Capacitor","Chill","Double Energy","Conserve Battery","Coolheaded","Buffer+1","Consume"],"relics":["Cracked Core","Matryoshka","Gremlin Horn","Nunchaku","Smiling Mask","Mango","ClockworkSouvenir","Ectoplasm","Blood Vial","Tiny Chest","Eternal Feather","Emotion Chip"],"acts_visited":["Exordium","TheCity"],"potions_floor_usage":[33],"damage_taken":[{"damage":2.0,"enemies":"Jaw Worm","floor":1.0,"turns":3.0},{"damage":3.0,"enemies":"2 Louse","floor":3.0,"turns":2.0},{"damage":0.0,"enemies":"Cultist","floor":6.0,"turns":3.0},{"damage":18.0,"enemies":"Gremlin Nob","floor":8.0,"turns":3.0},{"damage":0.0,"enemies":"2 Fungi Beasts","floor":10.0,"turns":3.0},{"damage":16.0,"enemies":"Lagavulin","floor":13.0,"turns":5.0},{"damage":6.0,"enemies":"The Guardian","floor":16.0,"turns":12.0},{"damage":9.0,"enemies":"Spheric Guardian","floor":18.0,"turns":5.0},{"damage":7.0,"enemies":"Chosen","floor":19.0,"turns":3.0},{"damage":18.0,"enemies":"Snake Plant","floor":24.0,"turns":4.0},{"damage":9.0,"enemies":"Shelled Parasite and Fungi","floor":25.0,"turns":3.0},{"damage":1.0,"enemies":"Snecko","floor":27.0,"turns":4.0},{"damage":2.0,"enemies":"Centurion and Healer","floor":28.0,"turns":4.0},{"damage":17.0,"enemies":"Slavers","floor":29.0,"turns":4.0},{"damage":9.0,"enemies":"Cultist and Chosen","floor":31.0,"turns":3.0},{"damage":62,"enemies":"Automaton","floor":33,"turns":10}],"seed_played":"1508905304544026725","potions_obtained":[{"floor":1.0,"key":"Fire Potion"},{"floor":6.0,"key":"Fire Potion"},{"floor":10.0,"key":"SneckoOil"},{"floor":16.0,"key":"SpeedPotion"},{"floor":24.0,"key":"Block Potion"},{"floor":25.0,"key":"Energy Potion"}],"is_trial":false,"path_per_floor":["M","$","M","?","?","M","R","E","T","M","R","?","E","$","R","B",null,"M","M","?","?","?","R","M","M","T","M","M","E","R","M","R","B"],"character_chosen":"DEFECT","items_purchased":["ClockworkSouvenir"],"campfire_rested":1,"item_purchase_floors":[14],"current_hp_per_floor":[62,62,59,48,48,48,48,30,30,30,30,23,21,21,21,15,68,59,52,52,52,52,52,36,29,29,30,30,15,27,20,57,0,0],"gold":33,"neow_bonus":"TRANSFORM_TWO_CARDS","is_daily":false,"chose_seed":false,"campfire_upgraded":5,"win_rate":0.0,"timestamp":1613270443,"path_taken":["M","$","M","?","?","?","R","E","T","M","R","?","E","$","R","BOSS","M","M","?","?","?","R","M","M","T","M","M","E","R","M","R","BOSS"],"items_purchased_type":["Relic"],"build_version":"2020-12-22","purchased_purges":2,"victory":false,"max_hp_per_floor":[71,71,71,71,71,71,71,71,71,71,71,71,85,85,85,85,85,85,85,85,85,85,85,85,85,85,85,85,85,85,85,85,85,85],"card_choices":[{"not_picked":["Rip and Tear","Steam"],"picked":"Compile Driver","floor":1.0},{"not_picked":["Cold Snap","Steam"],"picked":"Go for the Eyes","floor":3.0},{"not_picked":["Beam Cell","Sweeping Beam"],"picked":"Barrage","floor":6.0},{"not_picked":["Gash","Recycle"],"picked":"Electrodynamics","floor":8.0},{"not_picked":["Leap","Steam"],"picked":"Conserve Battery","floor":10.0},{"not_picked":["Conserve Battery","Loop"],"picked":"Coolheaded","floor":13.0},{"not_picked":["Hyperbeam","Rainbow"],"picked":"Meteor Strike","floor":16.0},{"not_picked":["Turbo","Compile Driver"],"picked":"Lockon","floor":18.0},{"not_picked":["Blizzard","Stack"],"picked":"Loop","floor":19.0},{"not_picked":["Compile Driver+1","Steam"],"picked":"Double Energy","floor":24.0},{"not_picked":["Conserve Battery","Turbo","Beam Cell"],"picked":"SKIP","floor":25.0},{"not_picked":["Turbo","Beam Cell"],"picked":"Conserve Battery","floor":25.0},{"not_picked":["Go for the Eyes","Steam"],"picked":"Coolheaded","floor":27.0},{"not_picked":["Steam","Barrage"],"picked":"Buffer","floor":28.0},{"not_picked":["Steam","Genetic Algorithm"],"picked":"Consume","floor":29.0},{"not_picked":["Ball Lightning","Stack","Coolheaded"],"picked":"SKIP","floor":31.0}],"player_experience":742986,"relics_obtained":[{"floor":8.0,"key":"Gremlin Horn"},{"floor":9.0,"key":"Nunchaku"},{"floor":9.0,"key":"Smiling Mask"},{"floor":13.0,"key":"Mango"},{"floor":26.0,"key":"Tiny Chest"},{"floor":26.0,"key":"Eternal Feather"},{"floor":29.0,"key":"Emotion Chip"}],"event_choices":[{"damage_healed":0.0,"max_hp_gain":0.0,"max_hp_loss":0.0,"gold_gain":75.0,"event_name":"World of Goop","player_choice":"Gather Gold","floor":4.0,"gold_loss":0.0,"damage_taken":11.0},{"damage_healed":0.0,"max_hp_gain":0.0,"max_hp_loss":0.0,"gold_gain":0.0,"event_name":"WeMeetAgain","player_choice":"Gave Potion","floor":5.0,"gold_loss":0.0,"damage_taken":0.0,"relics_obtained":["Matryoshka"]},{"cards_removed":["Strike_B"],"damage_healed":0.0,"max_hp_gain":0.0,"max_hp_loss":0.0,"gold_gain":0.0,"event_name":"Golden Wing","player_choice":"Card Removal","floor":12.0,"gold_loss":0.0,"damage_taken":7.0},{"damage_healed":0.0,"max_hp_gain":0.0,"max_hp_loss":0.0,"gold_gain":0.0,"event_name":"The Mausoleum","player_choice":"Opened","floor":20.0,"gold_loss":0.0,"damage_taken":0.0,"relics_obtained":["Blood Vial"],"cards_obtained":["Writhe"]},{"damage_healed":0.0,"max_hp_gain":0.0,"max_hp_loss":0.0,"gold_gain":0.0,"cards_transformed":["Defend_B","Defend_B"],"event_name":"Drug Dealer","player_choice":"Became Test Subject","floor":21.0,"gold_loss":0.0,"damage_taken":0.0,"cards_obtained":["Capacitor","Chill"]},{"damage_healed":0.0,"max_hp_gain":0.0,"max_hp_loss":0.0,"gold_gain":100.0,"event_name":"The Joust","player_choice":"Bet on Murderer","floor":22.0,"gold_loss":50.0,"damage_taken":0.0}],"is_beta":false,"boss_relics":[{"not_picked":["FrozenCore","Runic Pyramid"],"picked":"Ectoplasm"}],"items_purged_floors":[2,14],"is_endless":false,"potions_floor_spawned":[1,6,10,16,24,25],"killed_by":"Automaton","ascension_level":17}}