{"host":"ln8zowmpyx5bxamj","time":1613345057,"event":{"mods":["Act Like it!","BaseMod","CapriCore","Colored Map","Conspire","Gensokyo","GifTheSpireLib","Hallownest","Hubris","Koishi","KomeijiMod","Marisa????????","Minty Spire (QoL Compilation)","Permanent Neow","Prisma Mod","Replay The Spire","StSLib","The Immortal","Uncapped","Yuyuko"],"gold_per_floor":[111,126,32,44,56,56,85,85,85,116,135,152,152,152,152,152,152],"floor_reached":16,"language":"ENG","playtime":2711,"items_purged":[],"score":112,"play_id":"2d9a1d86-f01d-4b2f-a7db-2405c406b8fe","local_time":"20210214172417","is_ascension_mode":false,"campfire_choices":[{"data":"Ghostdom Sakura","floor":6,"key":"SMITH"},{"data":"Phantom Butterflies","floor":13,"key":"SMITH"}],"circlet_count":0,"master_deck":["Fantasy Butterflies","Fantasy Butterflies","Fantasy Butterflies","Fantasy Butterflies","Fantasy Butterflies","Dreamy Sakura+1","Dreamy Sakura","Dreamy Sakura","Dreamy Sakura","Dreamy Sakura","Deathly Ground","Faramita\u0027s Temptation","Home of Suicide","Phantom Butterflies+1","Ghostdom Sakura+1","Bloom","Serene Spring","Snow","Dream of Spring","Muse"],"relics":["Coronal","Yuyuko\u0027s fan","Blood Vial","hubris:SphereOfDissonance","Kunai"],"acts_visited":["Exordium"],"potions_floor_usage":[5,16],"damage_taken":[{"damage":31,"enemies":"Hallownest:2_Tiktiks_and_1_Crawlid","floor":1,"turns":3},{"damage":18,"enemies":"Hallownest:2_Baldur","floor":2,"turns":4},{"damage":13,"enemies":"Hallownest:monsterHuskWarrior","floor":4,"turns":4},{"damage":41,"enemies":"Hallownest:Wandering_and_Horned","floor":5,"turns":6},{"damage":45,"enemies":"Hallownest:eliteMossKnight","floor":7,"turns":8},{"damage":64,"enemies":"Hallownest:eliteCrystalGuardian","floor":10,"turns":7},{"damage":17,"enemies":"Hallownest:MossCreep_and_Mosskin","floor":11,"turns":5},{"damage":22,"enemies":"Hallownest:monsterMossCharger","floor":12,"turns":7},{"damage":117,"enemies":"Hallownest:BossBrokenVessel","floor":16,"turns":11}],"seed_played":"1764621302013036547","potions_obtained":[{"floor":2,"key":"Swift Potion"},{"floor":10,"key":"SteroidPotion"},{"floor":12,"key":"Reflective Coating"}],"is_trial":false,"path_per_floor":["M","M","$","M","M","R","E","$","T","E","M","M","R","?","R_BF","B"],"character_chosen":"YUYOKO","items_purchased":["Deep Breath"],"campfire_rested":0,"item_purchase_floors":[3],"current_hp_per_floor":[24,29,29,36,28,28,32,32,32,18,29,33,33,33,33,0,0],"gold":152,"neow_bonus":"ONE_RANDOM_RARE_CARD","is_daily":false,"chose_seed":false,"campfire_upgraded":2,"win_rate":0.0,"timestamp":1613345057,"path_taken":["M","M","$","M","M","R","E","$","T","E","M","M","R","?","R_BF","BOSS"],"items_purchased_type":["Card"],"build_version":"2020-12-22","purchased_purges":0,"victory":false,"max_hp_per_floor":[40,40,40,40,40,40,40,40,40,40,40,40,40,40,40,40,40],"card_choices":[{"not_picked":["Final of Final","Nihility"],"picked":"Phantom Butterflies","floor":1},{"not_picked":["Gather the Spring","City of Death"],"picked":"Ghostdom Sakura","floor":2},{"not_picked":["Phantom Village","End of Faramita"],"picked":"Bloom","floor":4},{"not_picked":["Redemption of Death","Gone","Fondling of Papilio"],"picked":"SKIP","floor":5},{"not_picked":["Linger over Flower","Dancing Butterflies"],"picked":"Serene Spring","floor":7},{"not_picked":["Redemption of Death","Gone"],"picked":"Snow","floor":10},{"not_picked":["Infinite Sin","Unstable Ward","Trap Lamp"],"picked":"SKIP","floor":11},{"not_picked":["Fondling of Papilio","Dancing Soul"],"picked":"Dream of Spring","floor":12}],"player_experience":718916,"relics_obtained":[{"floor":7,"key":"Blood Vial"},{"floor":9,"key":"hubris:SphereOfDissonance"},{"floor":10,"key":"Kunai"}],"event_choices":[],"is_beta":false,"boss_relics":[],"items_purged_floors":[],"is_endless":false,"potions_floor_spawned":[2,10,12],"killed_by":"Hallownest:BossBrokenVessel","ascension_level":0}}