{"host":"scy0o1xotfn36lpl","time":1613272727,"event":{"mods":["AchievementEnabler","Aspiration","BaseMod","Better Altar","Better Note","Better Sensory Stone","Better Skull","Better Third Choice","Colored Map","Curses Come First","Downfall","GifTheSpireLib","Googly Eyes","Highlight Path","Minty Spire (QoL Compilation)","Permanent Neow","Spicy Shops","StSLib","everything is the same but u backflip on backflip"],"gold_per_floor":[218,232,243,93,104,130,140,175,175,175,175,175,192,208,208,308,308,326,425,443,462,474,474,474,489,489,518,518,518],"floor_reached":28,"language":"ENG","playtime":2496,"items_purged":[],"score":254,"play_id":"d994936b-c12b-4196-9f9a-5295f4da71e9","local_time":"20210213191847","is_ascension_mode":false,"campfire_choices":[{"floor":11,"key":"REST"},{"floor":15,"key":"REST"},{"floor":23,"key":"REST"}],"circlet_count":0,"master_deck":["Strike_P","Strike_P","Strike_P+1","Strike_P+1","Defend_P","Defend_P","Defend_P","Defend_P","Eruption","Vigilance","SashWhip","SandsOfTime","Prostrate","FollowUp","Collect","FlurryOfBlows","EmptyFist","Vengeance","Prostrate","Consecrate","FollowUp","LessonLearned+1","Prostrate","CrushJoints+1"],"relics":["PureWater","Orrery","Shuriken","Pen Nib","aspiration:HatOfInfinitePower","aspiration:IroncladSkillbook","Nilry\u0027s Codex","Bronze Scales","Whetstone"],"acts_visited":["Exordium","TheCity"],"potions_floor_usage":[6,7,16,16,28,28],"damage_taken":[{"damage":1.0,"enemies":"Jaw Worm","floor":1.0,"turns":3.0},{"damage":5,"enemies":"Small Slimes","floor":2,"turns":6},{"damage":0,"enemies":"Cultist","floor":3,"turns":3},{"damage":8,"enemies":"Exordium Thugs","floor":5,"turns":4},{"damage":27,"enemies":"3 Sentries","floor":6,"turns":5},{"damage":2,"enemies":"2 Fungi Beasts","floor":7,"turns":2},{"damage":28,"enemies":"Gremlin Nob","floor":8,"turns":3},{"damage":8,"enemies":"Blue Slaver","floor":13,"turns":2},{"damage":0,"enemies":"Large Slime","floor":14,"turns":2},{"damage":33,"enemies":"The Guardian","floor":16,"turns":5},{"damage":39,"enemies":"Shell Parasite","floor":18,"turns":5},{"damage":1,"enemies":"Spheric Guardian","floor":20,"turns":3},{"damage":0,"enemies":"Cultist and Chosen","floor":21,"turns":4},{"damage":24,"enemies":"Shelled Parasite and Fungi","floor":22,"turns":5},{"damage":3,"enemies":"Chosen and Byrds","floor":25,"turns":4},{"damage":18,"enemies":"Gremlin Leader","floor":27,"turns":4},{"damage":16,"enemies":"Masked Bandits","floor":28,"turns":1}],"seed_played":"-1283565292501495117","potions_obtained":[{"floor":2,"key":"LiquidMemories"},{"floor":6,"key":"Fire Potion"},{"floor":13,"key":"Swift Potion"},{"floor":14,"key":"Energy Potion"},{"floor":21,"key":"CultistPotion"},{"floor":22,"key":"Guardian:BlockOnCardUsePotion"}],"is_trial":false,"path_per_floor":["M","M","M","$","M","E","M","E","T","?","R","?","M","M","R","B",null,"M","?","M","M","M","R","?","M","T","E","?"],"character_chosen":"WATCHER","items_purchased":["Orrery"],"campfire_rested":3,"item_purchase_floors":[4],"current_hp_per_floor":[71,66,66,66,58,31,29,1,1,1,22,22,14,14,35,2,72,37,37,40,44,24,45,29,30,30,16,0,0],"gold":518,"neow_bonus":"HUNDRED_GOLD","is_daily":false,"chose_seed":false,"campfire_upgraded":0,"win_rate":0.0,"timestamp":1613272727,"path_taken":["M","M","M","$","M","E","M","E","T","?","R","?","?","M","R","BOSS","M","?","M","M","M","R","?","M","T","E","?"],"items_purchased_type":["Relic"],"build_version":"2020-12-22","purchased_purges":0,"victory":false,"max_hp_per_floor":[72,72,72,72,72,72,72,72,72,72,72,72,72,72,72,72,72,72,72,72,72,72,72,72,72,72,72,72,72],"card_choices":[{"not_picked":["Consecrate","CutThroughFate"],"picked":"SashWhip","floor":1.0},{"not_picked":["CrushJoints","ClearTheMind"],"picked":"SandsOfTime","floor":2},{"not_picked":["Study","PathToVictory"],"picked":"Prostrate","floor":3},{"not_picked":["EmptyFist","ThirdEye"],"picked":"FollowUp","floor":4},{"not_picked":["Conclude","FlurryOfBlows"],"picked":"Collect","floor":4},{"not_picked":["Perseverance","Vault"],"picked":"FlurryOfBlows","floor":4},{"not_picked":["EmptyBody","BattleHymn"],"picked":"EmptyFist","floor":4},{"not_picked":["WheelKick","WindmillStrike"],"picked":"Vengeance","floor":4},{"not_picked":["Halt","DeceiveReality"],"picked":"Prostrate","floor":5},{"not_picked":["MasterReality","CrushJoints"],"picked":"Consecrate","floor":6},{"not_picked":["EmptyBody","JustLucky"],"picked":"FollowUp","floor":7},{"not_picked":["Worship","Adaptation","PathToVictory"],"picked":"SKIP","floor":8},{"not_picked":["Crescendo","EmptyFist","Evaluate"],"picked":"SKIP","floor":13},{"not_picked":["ForeignInfluence","JustLucky","PathToVictory"],"picked":"SKIP","floor":14},{"not_picked":["Brilliance","Vault"],"picked":"LessonLearned","floor":16},{"not_picked":["FollowUp","Heavy Blade","Perfected Strike+1"],"picked":"Prostrate","floor":18},{"not_picked":["WindmillStrike+1","ForeignInfluence+1","CutThroughFate","Fire Breathing"],"picked":"SKIP","floor":20},{"not_picked":["Inflame","Whirlwind","EmptyFist"],"picked":"CrushJoints+1","floor":21},{"not_picked":["Armaments","Ragnarok","Protect","Wild Strike"],"picked":"SKIP","floor":22},{"not_picked":["SashWhip","Thunderclap","Spot Weakness","Shockwave"],"picked":"SKIP","floor":25},{"not_picked":["ClearTheMind","Nirvana","Perfected Strike+1","Immolate"],"picked":"SKIP","floor":27}],"player_experience":59466,"relics_obtained":[{"floor":6,"key":"Shuriken"},{"floor":8,"key":"Pen Nib"},{"floor":9,"key":"aspiration:HatOfInfinitePower"},{"floor":24,"key":"Nilry\u0027s Codex"},{"floor":26,"key":"Bronze Scales"},{"floor":27,"key":"Whetstone"}],"event_choices":[{"damage_healed":0,"gold_gain":0,"player_choice":"LEAVE","damage_taken":0,"max_hp_gain":0,"max_hp_loss":0,"event_name":"betterThird:BetterScrap","floor":10,"gold_loss":0,"cards_obtained":["Sever Soul"]},{"damage_healed":0,"gold_gain":0,"player_choice":"Ignored","damage_taken":0,"max_hp_gain":0,"max_hp_loss":0,"event_name":"betterNote:BetterNote","floor":12,"gold_loss":0,"cards_obtained":["DevaForm"]},{"damage_healed":0,"gold_gain":99,"player_choice":"Steal","damage_taken":0,"max_hp_gain":0,"max_hp_loss":0,"event_name":"betterThird:BetterNest","floor":19,"gold_loss":0},{"damage_healed":0,"gold_gain":0,"player_choice":"Obtained Book","damage_taken":16,"max_hp_gain":0,"max_hp_loss":0,"event_name":"Cursed Tome","floor":24,"gold_loss":0},{"damage_healed":0,"gold_gain":0,"player_choice":"Fought Bandits","damage_taken":0,"max_hp_gain":0,"max_hp_loss":0,"event_name":"Masked Bandits","floor":28,"gold_loss":0}],"is_beta":false,"boss_relics":[{"not_picked":["Runic Dome","aspiration:FutureDiary"],"picked":"aspiration:IroncladSkillbook"}],"items_purged_floors":[],"is_endless":false,"potions_floor_spawned":[2,6,13,14,21,22],"killed_by":"Masked Bandits","ascension_level":0}}