{"host":"lv7etzzgwahaenh9","time":1613340129,"event":{"mods":["AchievementEnabler","BaseMod","Colored Map","Colored Powertips","Highlight Path","Minty Spire (QoL Compilation)","Permanent Neow","Quick Restart","Random Character Button","StSLib"],"gold_per_floor":[119,138,153,166,166,193,193,227,227,13,26,26,53,128,128,232,232,232,232],"floor_reached":18,"language":"ENG","playtime":814,"items_purged":[],"score":345,"play_id":"949d58b1-d3c6-461b-afde-c816a4e1b544","local_time":"20210214140209","is_ascension_mode":true,"campfire_choices":[{"data":"True Grit","floor":7,"key":"SMITH"},{"floor":12,"key":"REST"},{"data":"Fire Breathing","floor":15,"key":"SMITH"}],"circlet_count":0,"master_deck":["AscendersBane","Strike_R","Strike_R","Strike_R+1","Strike_R","Defend_R","Defend_R","Defend_R","Bash","Feel No Pain","Carnage","Uppercut+1","Dropkick","True Grit+1","Warcry","Fire Breathing+1","Pommel Strike","Immolate","Shrug It Off","Anger","Impervious"],"relics":["Burning Blood","Blue Candle","Blood Vial","Regal Pillow","Gremlin Horn","Philosopher\u0027s Stone"],"acts_visited":["Exordium","TheCity"],"potions_floor_usage":[3,6,13,16,18],"damage_taken":[{"damage":4,"enemies":"2 Louse","floor":1,"turns":3},{"damage":0,"enemies":"Small Slimes","floor":2,"turns":3},{"damage":4,"enemies":"Jaw Worm","floor":3,"turns":2},{"damage":24,"enemies":"Lots of Slimes","floor":4,"turns":6},{"damage":11,"enemies":"3 Sentries","floor":6,"turns":9},{"damage":28,"enemies":"Gremlin Nob","floor":8,"turns":4},{"damage":2,"enemies":"Red Slaver","floor":11,"turns":3},{"damage":2,"enemies":"3 Sentries","floor":13,"turns":2},{"damage":0,"enemies":"Slime Boss","floor":16,"turns":6},{"damage":73,"enemies":"3 Byrds","floor":18,"turns":4}],"seed_played":"-7445152965219892498","potions_obtained":[{"floor":1,"key":"Energy Potion"},{"floor":3,"key":"Dexterity Potion"},{"floor":6,"key":"SteroidPotion"},{"floor":8,"key":"LiquidMemories"},{"floor":11,"key":"ElixirPotion"}],"is_trial":false,"path_per_floor":["M","M","M","M","?","E","R","E","T","$","M","R","E","?","R","B",null,"M"],"character_chosen":"IRONCLAD","items_purchased":["Immolate","Shrug It Off"],"campfire_rested":1,"item_purchase_floors":[10,10],"current_hp_per_floor":[72,72,72,54,40,35,35,13,13,13,19,55,61,50,50,58,69,0,0],"gold":232,"neow_bonus":"TRANSFORM_TWO_CARDS","is_daily":false,"chose_seed":false,"campfire_upgraded":2,"win_rate":0.0,"timestamp":1613340129,"path_taken":["M","M","M","M","?","E","R","E","T","$","M","R","E","?","R","BOSS","M"],"items_purchased_type":["Card","Card"],"build_version":"2020-12-22","purchased_purges":0,"victory":false,"max_hp_per_floor":[72,72,72,72,72,72,72,72,72,72,72,72,72,72,72,72,72,72,72],"card_choices":[{"not_picked":["Disarm","Body Slam"],"picked":"Uppercut","floor":1},{"not_picked":["Shockwave","Burning Pact"],"picked":"Dropkick","floor":2},{"not_picked":["Thunderclap","Flex"],"picked":"True Grit","floor":3},{"not_picked":["Headbutt","Thunderclap"],"picked":"Warcry","floor":4},{"not_picked":["Hemokinesis","Clothesline"],"picked":"Fire Breathing","floor":6},{"not_picked":["Perfected Strike","Fire Breathing"],"picked":"Pommel Strike","floor":8},{"not_picked":["Thunderclap","True Grit"],"picked":"Anger","floor":11},{"not_picked":["Heavy Blade","Flex","Thunderclap"],"picked":"SKIP","floor":13},{"not_picked":["Demon Form","Brutality"],"picked":"Impervious","floor":16}],"player_experience":394651,"relics_obtained":[{"floor":6,"key":"Blue Candle"},{"floor":8,"key":"Blood Vial"},{"floor":9,"key":"Regal Pillow"},{"floor":13,"key":"Gremlin Horn"}],"event_choices":[{"damage_healed":0,"gold_gain":0,"player_choice":"Entered Light","damage_taken":14,"max_hp_gain":0,"max_hp_loss":0,"event_name":"Shining Light","floor":5,"gold_loss":0,"cards_upgraded":["Uppercut","Strike_R"]},{"damage_healed":0,"gold_gain":75,"player_choice":"Gather Gold","damage_taken":11,"max_hp_gain":0,"max_hp_loss":0,"event_name":"World of Goop","floor":14,"gold_loss":0}],"is_beta":false,"boss_relics":[{"not_picked":["Black Star","Runic Cube"],"picked":"Philosopher\u0027s Stone"}],"items_purged_floors":[],"is_endless":false,"potions_floor_spawned":[1,3,6,8,11],"killed_by":"3 Byrds","ascension_level":10}}