{"host":"fkig9nrckec4xsh0","time":1613264080,"event":{"mods":["Act Like it!","BaseMod","Colored Map","Gensokyo","Hermit","Marisa????????","Minty Spire (QoL Compilation)","Quick Restart","Replay The Spire","StSLib","The Cursed","The Necromancer","The Servant 0.9.4"],"gold_per_floor":[113,113,13,23,36,36,48,80,107,137,175,175,4,28,28,352,352],"floor_reached":16,"language":"ENG","playtime":629,"items_purged":[],"score":121,"play_id":"a7b46b12-6d0e-4d58-978d-fa4beed37713","local_time":"20210213195440","is_ascension_mode":true,"campfire_choices":[{"data":"Blood_Is_Power","floor":6.0,"key":"SMITH"},{"data":"Blood_for_Blood","floor":12.0,"key":"SMITH"},{"data":"Pandemic","floor":15,"key":"SMITH"}],"circlet_count":0,"master_deck":["Strike_W","Strike_W","Strike_W","Strike_W","Defend_W","Defend_W","Defend_W","Defend_W","Negative_Energy_Arrows","Bone_Wall","Pandemic+1","Pain","Blood_Shield","Blood_Is_Power+1","Grasp_Heart","Blood_for_Blood+1","Negative_Energy_Sphere","Gensokyo:TarnishedGold","Gensokyo:BlemishedSteel","Negative_Energy_Burst"],"relics":["Vampire_Amulet","NeowsBlessing","Gensokyo:LunaticRedEyes","Meat on the Bone","Replay:Rubber Ducky","Replay:Bandana","Replay:Mystery Machine"],"acts_visited":["Exordium"],"potions_floor_usage":[16,16],"damage_taken":[{"damage":0.0,"enemies":"Gensokyo:Gryphon","floor":1.0,"turns":1.0},{"damage":1.0,"enemies":"Gensokyo:3_Fairies","floor":4.0,"turns":1.0},{"damage":0.0,"enemies":"Gensokyo:2_Kodama","floor":5.0,"turns":1.0},{"damage":4.0,"enemies":"Gensokyo:Kitsune","floor":7.0,"turns":3.0},{"damage":30.0,"enemies":"Gensokyo:Mamizou","floor":8.0,"turns":9.0},{"damage":10.0,"enemies":"Gensokyo:VengefulSpirit","floor":10.0,"turns":4.0},{"damage":14.0,"enemies":"Gensokyo:Aya","floor":11.0,"turns":5.0},{"damage":28.0,"enemies":"Gensokyo:3_Kodama","floor":14.0,"turns":6.0},{"damage":51,"enemies":"Gensokyo:Reimu","floor":16,"turns":10}],"seed_played":"1068601463471205669","potions_obtained":[{"floor":1.0,"key":"Reflective Coating"},{"floor":7.0,"key":"Adrenaline Potion"},{"floor":8.0,"key":"ColorlessPotion"},{"floor":10.0,"key":"Toxic Potion"}],"is_trial":false,"path_per_floor":["M","?","?","M","M","R","M","E","T","M","E","R","COS","M","R","B"],"character_chosen":"NECROMANCER","items_purchased":[],"campfire_rested":0,"item_purchase_floors":[],"current_hp_per_floor":[75,75,75,74,75,75,73,45,45,49,49,49,49,39,39,0,0],"gold":352,"neow_bonus":"THREE_ENEMY_KILL","is_daily":false,"chose_seed":false,"campfire_upgraded":3,"win_rate":0.0,"timestamp":1613264080,"path_taken":["M","?","?","?","M","R","?","E","T","M","E","R","COS","M","R","BOSS"],"items_purchased_type":[],"build_version":"2020-12-22","purchased_purges":0,"victory":false,"max_hp_per_floor":[75,75,75,75,75,75,75,75,75,75,75,75,75,75,75,75,75],"card_choices":[{"not_picked":["Blood_Is_Power","Bone_Spikes"],"picked":"Pandemic","floor":1.0},{"not_picked":["Uncharnel","Blood_Curse"],"picked":"Blood_Shield","floor":4.0},{"not_picked":["Bones_to_Steel","Death_Coil"],"picked":"Blood_Is_Power","floor":5.0},{"not_picked":["Exploit","Bones_to_Steel","Epidemic"],"picked":"SKIP","floor":7.0},{"not_picked":["Negative_Energy_Sphere","Exploit"],"picked":"Grasp_Heart","floor":8.0},{"not_picked":["Toxic_Smoke_Screen","Death_March_Dance"],"picked":"Blood_for_Blood","floor":10.0},{"not_picked":["Flesh_Made_Foul","Summon_Lich"],"picked":"Negative_Energy_Sphere","floor":11.0},{"not_picked":["Negative_Energy_Javelin","Thousand_Bone_Knives"],"picked":"Negative_Energy_Burst","floor":14}],"player_experience":453722,"relics_obtained":[{"floor":8.0,"key":"Replay:Rubber Ducky"},{"floor":9.0,"key":"Replay:Bandana"},{"floor":11.0,"key":"Replay:Mystery Machine"}],"event_choices":[],"is_beta":false,"boss_relics":[],"items_purged_floors":[],"is_endless":false,"potions_floor_spawned":[1,7,8,10],"killed_by":"Gensokyo:Reimu","ascension_level":2}}