{"host":"anwy0on6frka0i3a","time":1613316051,"event":{"mods":["AchievementEnabler","BaseMod","Colored Powertips","Highlight Path","Minty Spire (QoL Compilation)","Rare Cards Sparkle","Relic Sorter","Relic Stats","StSLib"],"gold_per_floor":[112,132,151,165,165,191,191,224,224,240,274,16,34,45,45,124,124,144,162,162,9,23,23,58,58,82,82,116,133,133,133],"floor_reached":30,"language":"ENG","playtime":3652,"items_purged":["Shame"],"score":523,"play_id":"d46ecea6-53df-4518-a81f-89acbb46090a","local_time":"20210214102051","is_ascension_mode":true,"campfire_choices":[{"data":"FlurryOfBlows","floor":7.0,"key":"SMITH"},{"floor":15.0,"key":"REST"},{"data":"Strike_P","floor":23.0,"key":"PURGE"},{"data":"Strike_P","floor":25.0,"key":"PURGE"},{"data":"Defend_P","floor":27.0,"key":"PURGE"}],"circlet_count":0,"master_deck":["AscendersBane","Strike_P","Strike_P+1","Defend_P+1","Defend_P","Defend_P+1","Eruption+1","Vigilance","EmptyFist+1","FollowUp","Consecrate","Protect","FlurryOfBlows+1","FollowUp","TalkToTheHand+1","LessonLearned","SandsOfTime","Halt","LessonLearned","SignatureMove+1","CrushJoints","WaveOfTheHand","FearNoEvil","ReachHeaven","Tantrum","Protect+1"],"relics":["PureWater","Bottled Lightning","Peace Pipe","Ornamental Fan","Bronze Scales","Regal Pillow","TeardropLocket","Philosopher\u0027s Stone","Mercury Hourglass","Shuriken","WingedGreaves"],"acts_visited":["TheCity"],"potions_floor_usage":[30],"damage_taken":[{"damage":0.0,"enemies":"Cultist","floor":1.0,"turns":4.0},{"damage":0.0,"enemies":"2 Louse","floor":2.0,"turns":2.0},{"damage":0.0,"enemies":"Jaw Worm","floor":3.0,"turns":1.0},{"damage":1.0,"enemies":"3 Louse","floor":4.0,"turns":2.0},{"damage":19.0,"enemies":"Lagavulin","floor":6.0,"turns":7.0},{"damage":6.0,"enemies":"3 Sentries","floor":8.0,"turns":7.0},{"damage":0.0,"enemies":"2 Fungi Beasts","floor":10.0,"turns":2.0},{"damage":12.0,"enemies":"Gremlin Nob","floor":11.0,"turns":3.0},{"damage":11.0,"enemies":"Exordium Thugs","floor":13.0,"turns":5.0},{"damage":8.0,"enemies":"Blue Slaver","floor":14.0,"turns":6.0},{"damage":42.0,"enemies":"The Guardian","floor":16.0,"turns":15.0},{"damage":21.0,"enemies":"Chosen","floor":18.0,"turns":7.0},{"damage":11.0,"enemies":"Shell Parasite","floor":19.0,"turns":5.0},{"damage":3.0,"enemies":"Cultist and Chosen","floor":22.0,"turns":4.0},{"damage":0.0,"enemies":"Gremlin Leader","floor":24.0,"turns":5.0},{"damage":24.0,"enemies":"Book of Stabbing","floor":28.0,"turns":5.0},{"damage":14,"enemies":"Snecko","floor":29,"turns":4},{"damage":0,"enemies":"Colosseum Slavers","floor":30,"turns":3},{"damage":17,"enemies":"Colosseum Nobs","floor":30,"turns":2}],"seed_played":"4491490385751733569","potions_obtained":[{"floor":3.0,"key":"FairyPotion"},{"floor":10.0,"key":"SteroidPotion"},{"floor":13.0,"key":"DuplicationPotion"},{"floor":16.0,"key":"BlessingOfTheForge"},{"floor":19.0,"key":"Weak Potion"},{"floor":22.0,"key":"Fire Potion"},{"floor":28.0,"key":"Strength Potion"}],"is_trial":false,"path_per_floor":["M","M","M","M","T","E","R","E","T","M","E","$","M","M","R","B",null,"M","M","?","$","M","R","E","R","T","R","E","M","?"],"character_chosen":"WATCHER","items_purchased":["TeardropLocket","WaveOfTheHand"],"campfire_rested":1,"item_purchase_floors":[12,21],"current_hp_per_floor":[65,65,65,64,64,45,45,39,39,39,27,27,16,8,44,2,55,34,23,23,23,20,20,20,20,20,20,21,7,0,0],"gold":133,"neow_bonus":"UPGRADE_CARD","is_daily":false,"chose_seed":false,"campfire_upgraded":1,"win_rate":0.0,"timestamp":1613316051,"path_taken":["M","M","M","M","?","E","R","E","T","M","E","$","M","M","R","BOSS","M","M","?","$","M","R","E","R","T","R","E","M","?"],"items_purchased_type":["Relic","Card"],"build_version":"2020-12-22","purchased_purges":1,"victory":false,"max_hp_per_floor":[72,72,72,72,72,72,72,72,72,72,72,72,72,72,72,72,72,72,72,72,72,72,72,72,72,72,72,72,72,72,72],"relic_stats":{"Peace Pipe":3,"Regal Pillow":15,"counters":[19,89],"Ornamental Fan":[140],"Shuriken":[6],"Bronze Scales":[193],"obtain_stats":[{"Peace Pipe":6,"Regal Pillow":11,"Ornamental Fan":5,"Shuriken":24,"Bronze Scales":8,"Philosopher\u0027s Stone":17,"WingedGreaves":28,"Bottled Lightning":9,"TeardropLocket":12,"PureWater":0,"Mercury Hourglass":20},{"Peace Pipe":5,"Regal Pillow":8,"Ornamental Fan":4,"Shuriken":15,"Bronze Scales":6,"Philosopher\u0027s Stone":11,"WingedGreaves":16,"Bottled Lightning":6,"TeardropLocket":8,"PureWater":0,"Mercury Hourglass":13},{"Peace Pipe":16,"Regal Pillow":28,"Ornamental Fan":9,"Shuriken":75,"Bronze Scales":23,"Philosopher\u0027s Stone":54,"WingedGreaves":80,"Bottled Lightning":23,"TeardropLocket":28,"PureWater":0,"Mercury Hourglass":66}],"Mercury Hourglass":[108]},"card_choices":[{"not_picked":["Wireheading","Crescendo"],"picked":"EmptyFist","floor":1.0},{"not_picked":["EmptyFist","ClearTheMind"],"picked":"FollowUp","floor":2.0},{"not_picked":["Worship","Collect"],"picked":"Consecrate","floor":3.0},{"not_picked":["SandsOfTime","Consecrate"],"picked":"Protect","floor":4.0},{"not_picked":["FlyingSleeves","CutThroughFate"],"picked":"FlurryOfBlows","floor":6.0},{"not_picked":["WheelKick","Nirvana"],"picked":"FollowUp","floor":8.0},{"not_picked":["SignatureMove","Sanctity"],"picked":"TalkToTheHand","floor":10.0},{"not_picked":["Tantrum","ReachHeaven"],"picked":"LessonLearned","floor":11.0},{"not_picked":["EmptyFist","BowlingBash"],"picked":"SandsOfTime","floor":13.0},{"not_picked":["ClearTheMind","SashWhip"],"picked":"Halt","floor":14.0},{"not_picked":["Judgement","MasterReality"],"picked":"LessonLearned","floor":16.0},{"not_picked":["ClearTheMind","FlyingSleeves"],"picked":"SignatureMove+1","floor":18.0},{"not_picked":["Swivel","ThirdEye"],"picked":"CrushJoints","floor":19.0},{"not_picked":["FollowUp","EmptyBody"],"picked":"FearNoEvil","floor":22.0},{"not_picked":["FlyingSleeves","Crescendo"],"picked":"ReachHeaven","floor":24.0},{"not_picked":["Scrawl","Crescendo"],"picked":"Tantrum","floor":28.0},{"not_picked":["FlyingSleeves","Consecrate"],"picked":"Protect+1","floor":29}],"player_experience":1443118,"relics_obtained":[{"floor":5.0,"key":"Ornamental Fan"},{"floor":6.0,"key":"Peace Pipe"},{"floor":8.0,"key":"Bronze Scales"},{"floor":9.0,"key":"Bottled Lightning"},{"floor":11.0,"key":"Regal Pillow"},{"floor":24.0,"key":"Shuriken"},{"floor":28.0,"key":"WingedGreaves"}],"event_choices":[{"damage_healed":0.0,"max_hp_gain":0.0,"max_hp_loss":0.0,"gold_gain":0.0,"event_name":"Addict","player_choice":"Stole Relic","floor":20.0,"gold_loss":0.0,"damage_taken":0.0,"relics_obtained":["Mercury Hourglass"],"cards_obtained":["Shame"]},{"damage_healed":0,"gold_gain":0,"player_choice":"Fight","damage_taken":0,"max_hp_gain":0,"max_hp_loss":0,"event_name":"Colosseum","floor":30,"gold_loss":0},{"damage_healed":0,"gold_gain":0,"player_choice":"Fought Nobs","damage_taken":0,"max_hp_gain":0,"max_hp_loss":0,"event_name":"Colosseum","floor":30,"gold_loss":0}],"is_beta":false,"boss_relics":[{"not_picked":["Calling Bell","SlaversCollar"],"picked":"Philosopher\u0027s Stone"}],"items_purged_floors":[21],"is_endless":false,"potions_floor_spawned":[3,10,13,16,19,22,28,30],"killed_by":"Colosseum Nobs","ascension_level":13}}