{"host":"fiyb7gvx7tok3jeh","time":1613346186,"event":{"mods":["BaseMod","Colored Map","Colored Powertips","DeckTracker","Googly Eyes","Highlight Path","Minty Spire (QoL Compilation)"],"gold_per_floor":[214,30,50,65,65,65,81,108,131,141,141,157,185,215,215,312,312,322,421,433,358,37,66,66,97,150,150,168,168,199,212,212,311,311,327,327,339,357,357,376,376,45,70,70,80,3,28,42,42,42],"floor_reached":51,"language":"ENG","playtime":2799,"items_purged":["Defend_B","Coolheaded"],"score":1061,"play_id":"262355cc-f6b1-4402-a2e4-0e2ce9ace21d","local_time":"20210215014306","is_ascension_mode":true,"campfire_choices":[{"data":"Apotheosis","floor":6.0,"key":"SMITH"},{"floor":11.0,"key":"RECALL"},{"floor":15.0,"key":"REST"},{"floor":24.0,"key":"REST"},{"floor":29.0,"key":"REST"},{"floor":32.0,"key":"REST"},{"floor":41.0,"key":"REST"},{"floor":44.0,"key":"REST"},{"floor":49,"key":"REST"}],"circlet_count":0,"master_deck":["Strike_B","Strike_B","Defend_B","Defend_B","Defend_B","Gash","Apotheosis+1","Coolheaded","Gash","All For One","Buffer","Hologram","Rebound","Reprogram","Beam Cell","FTL","Gash","Skim","Rebound","Fission","Deep Breath","Purity","Glacier+1","All For One","Hologram+1"],"relics":["Cracked Core","Smiling Mask","PreservedInsect","Bronze Scales","Fusion Hammer","Anchor","Pen Nib","Emotion Chip","Nunchaku","Dream Catcher","Empty Cage","Membership Card","Mercury Hourglass","Oddly Smooth Stone","Bottled Tornado"],"acts_visited":["Exordium","TheCity","TheBeyond"],"potions_floor_usage":[47,47,48],"damage_taken":[{"damage":7.0,"enemies":"Small Slimes","floor":1.0,"turns":3.0},{"damage":0.0,"enemies":"Cultist","floor":3.0,"turns":3.0},{"damage":1.0,"enemies":"2 Louse","floor":4.0,"turns":3.0},{"damage":0.0,"enemies":"Large Slime","floor":7.0,"turns":3.0},{"damage":5.0,"enemies":"3 Sentries","floor":8.0,"turns":5.0},{"damage":2.0,"enemies":"Looter","floor":10.0,"turns":4.0},{"damage":14.0,"enemies":"Lots of Slimes","floor":12.0,"turns":3.0},{"damage":0.0,"enemies":"Gremlin Nob","floor":13.0,"turns":2.0},{"damage":0.0,"enemies":"The Guardian","floor":16.0,"turns":10.0},{"damage":0.0,"enemies":"Chosen","floor":18.0,"turns":4.0},{"damage":6.0,"enemies":"Shell Parasite","floor":20.0,"turns":2.0},{"damage":31.0,"enemies":"Slavers","floor":23.0,"turns":5.0},{"damage":0.0,"enemies":"Book of Stabbing","floor":25.0,"turns":3.0},{"damage":0.0,"enemies":"Snecko","floor":28.0,"turns":4.0},{"damage":12.0,"enemies":"Slavers","floor":30.0,"turns":3.0},{"damage":0.0,"enemies":"Cultist and Chosen","floor":31.0,"turns":3.0},{"damage":29.0,"enemies":"Automaton","floor":33.0,"turns":7.0},{"damage":19.0,"enemies":"3 Darklings","floor":35.0,"turns":5.0},{"damage":0.0,"enemies":"3 Shapes","floor":37.0,"turns":5.0},{"damage":0.0,"enemies":"Transient","floor":38.0,"turns":5.0},{"damage":27.0,"enemies":"3 Darklings","floor":40.0,"turns":4.0},{"damage":0.0,"enemies":"Maw","floor":45.0,"turns":4.0},{"damage":34,"enemies":"Nemesis","floor":47,"turns":3},{"damage":0,"enemies":"Jaw Worm Horde","floor":48,"turns":3},{"damage":45,"enemies":"Awakened One","floor":50,"turns":5}],"seed_played":"5399148108146624931","potions_obtained":[{"floor":4.0,"key":"Explosive Potion"},{"floor":8.0,"key":"DuplicationPotion"},{"floor":10.0,"key":"Fire Potion"},{"floor":12.0,"key":"FocusPotion"},{"floor":18.0,"key":"Strength Potion"},{"floor":20.0,"key":"FearPotion"},{"floor":31.0,"key":"Weak Potion"},{"floor":33.0,"key":"Fire Potion"},{"floor":38.0,"key":"Fire Potion"},{"floor":45.0,"key":"FocusPotion"}],"is_trial":false,"path_per_floor":["M","$","M","M","?","R","M","E","T","M","R","M","E","?","R","B",null,"M","?","M","?","$","E","R","E","T","?","M","R","E","M","R","B",null,"M","?","M","M","?","M","R","$","T","R","M","$","E","M","R","B",null],"character_chosen":"DEFECT","items_purchased":["Apotheosis","Rebound","Reprogram","Anchor","Membership Card","Mercury Hourglass","All For One"],"campfire_rested":7,"item_purchase_floors":[2,22,22,22,42,42,46],"current_hp_per_floor":[61,61,61,60,60,60,60,55,55,53,53,39,39,39,61,61,72,72,72,66,66,66,35,57,57,57,57,57,75,63,63,75,46,68,49,49,49,49,49,22,44,44,44,66,66,66,32,32,54,9],"gold":42,"neow_bonus":"HUNDRED_GOLD","is_daily":false,"chose_seed":false,"campfire_upgraded":1,"win_rate":0.0,"timestamp":1613346186,"path_taken":["M","$","M","M","?","R","M","E","T","M","R","?","E","?","R","BOSS","M","?","M","?","$","E","R","E","T","?","M","R","E","M","R","BOSS","M","?","?","M","?","M","R","$","T","R","M","$","E","M","R","BOSS"],"items_purchased_type":["Card","Card","Card","Relic","Relic","Relic","Card"],"build_version":"2020-12-22","purchased_purges":2,"victory":true,"max_hp_per_floor":[75,75,75,75,75,75,75,75,75,75,75,75,75,75,75,75,75,75,75,75,75,75,75,75,75,75,75,75,75,75,75,75,75,75,75,75,75,75,75,75,75,75,75,75,75,75,75,75,75,75],"card_choices":[{"not_picked":["Redo","Turbo"],"picked":"Gash","floor":1.0},{"not_picked":["FTL","Skim"],"picked":"Coolheaded","floor":3.0},{"not_picked":["Leap","BootSequence"],"picked":"Gash","floor":4.0},{"not_picked":["Redo","Leap"],"picked":"Coolheaded","floor":7.0},{"not_picked":["Cold Snap","Force Field","Coolheaded"],"picked":"SKIP","floor":8.0},{"not_picked":["Storm","Sunder","Cold Snap"],"picked":"SKIP","floor":10.0},{"not_picked":["Chaos","Stack","Cold Snap"],"picked":"SKIP","floor":12.0},{"not_picked":["Turbo","Tempest"],"picked":"All For One","floor":13.0},{"not_picked":["Core Surge","Rainbow"],"picked":"Buffer","floor":16.0},{"not_picked":["Recycle+1","Blizzard"],"picked":"Hologram","floor":18.0},{"not_picked":["Barrage","Skim","Auto Shields"],"picked":"SKIP","floor":20.0},{"not_picked":["Defragment","Double Energy"],"picked":"Beam Cell","floor":23.0},{"not_picked":["Defragment","Conserve Battery"],"picked":"FTL","floor":25.0},{"not_picked":["Force Field","Streamline","Redo"],"picked":"SKIP","floor":28.0},{"not_picked":["Cold Snap","Static Discharge+1"],"picked":"Gash","floor":30.0},{"not_picked":["Electrodynamics","Skim","Loop"],"picked":"SKIP","floor":31.0},{"not_picked":["Electrodynamics","Loop"],"picked":"Skim","floor":31.0},{"not_picked":["Barrage","Conserve Battery"],"picked":"Rebound","floor":32.0},{"not_picked":["Electrodynamics","Rainbow"],"picked":"Fission","floor":33.0},{"not_picked":["Chaos","Double Energy","Streamline"],"picked":"SKIP","floor":35.0},{"not_picked":["Streamline","Rebound+1","Chill+1"],"picked":"SKIP","floor":37.0},{"not_picked":["Barrage","Sweeping Beam+1","Melter+1"],"picked":"SKIP","floor":38.0},{"not_picked":["Flash of Steel","Forethought"],"picked":"Purity","floor":39.0},{"not_picked":["Doom and Gloom","Tempest","Melter"],"picked":"SKIP","floor":40.0},{"not_picked":["Compile Driver","Turbo+1"],"picked":"Glacier+1","floor":44.0},{"not_picked":["Conserve Battery","Sunder+1","Coolheaded+1"],"picked":"SKIP","floor":45.0},{"not_picked":["Cold Snap","Barrage","Conserve Battery"],"picked":"SKIP","floor":47},{"not_picked":["Defragment+1","Auto Shields","Glacier+1"],"picked":"SKIP","floor":48},{"not_picked":["Storm","Chill+1"],"picked":"Hologram+1","floor":49}],"player_experience":310735,"relics_obtained":[{"floor":8.0,"key":"Smiling Mask"},{"floor":9.0,"key":"PreservedInsect"},{"floor":13.0,"key":"Bronze Scales"},{"floor":23.0,"key":"Pen Nib"},{"floor":25.0,"key":"Emotion Chip"},{"floor":26.0,"key":"Nunchaku"},{"floor":30.0,"key":"Dream Catcher"},{"floor":43.0,"key":"Oddly Smooth Stone"},{"floor":47,"key":"Bottled Tornado"}],"event_choices":[{"cards_removed":["Strike_B"],"damage_healed":0.0,"max_hp_gain":0.0,"max_hp_loss":0.0,"gold_gain":0.0,"event_name":"Purifier","player_choice":"Purged","floor":5.0,"gold_loss":0.0,"damage_taken":0.0},{"damage_healed":0.0,"max_hp_gain":0.0,"max_hp_loss":0.0,"gold_gain":30.0,"event_name":"Dead Adventurer","player_choice":"Searched \u00272\u0027 times","floor":14.0,"gold_loss":0.0,"damage_taken":0.0},{"damage_healed":0.0,"max_hp_gain":0.0,"max_hp_loss":0.0,"gold_gain":99.0,"event_name":"Nest","player_choice":"Stole From Cult","floor":19.0,"gold_loss":0.0,"damage_taken":0.0},{"cards_removed":["Strike_B"],"damage_healed":0.0,"max_hp_gain":0.0,"max_hp_loss":0.0,"gold_gain":0.0,"event_name":"Beggar","player_choice":"Gave Gold","floor":21.0,"gold_loss":75.0,"damage_taken":0.0},{"damage_healed":0.0,"max_hp_gain":0.0,"max_hp_loss":0.0,"gold_gain":0.0,"event_name":"Vampires","player_choice":"Ignored","floor":27.0,"gold_loss":0.0,"damage_taken":0.0},{"damage_healed":0.0,"max_hp_gain":0.0,"max_hp_loss":0.0,"gold_gain":0.0,"event_name":"Match and Keep!","player_choice":"1 cards matched","floor":36.0,"gold_loss":0.0,"damage_taken":0.0,"cards_obtained":["Deep Breath"]},{"damage_healed":0.0,"max_hp_gain":0.0,"max_hp_loss":0.0,"gold_gain":0.0,"event_name":"SensoryStone","player_choice":"Memory 1","floor":39.0,"gold_loss":0.0,"damage_taken":0.0}],"is_beta":false,"boss_relics":[{"not_picked":["Nuclear Battery","Busted Crown"],"picked":"Fusion Hammer"},{"not_picked":["Snecko Eye","Sozu"],"picked":"Empty Cage"}],"items_purged_floors":[22,42],"is_endless":false,"potions_floor_spawned":[4,8,10,12,18,20,31,33,38,45],"ascension_level":6}}