{"host":"s0ikvqhe10eopvjn","time":1613318405,"event":{"mods":["Act Like it!","Bard","BaseMod","Better Third Choice","Block Reminder","Colored Map","Colored Powertips","Dark Map","DeckTracker","Downfall","GifTheSpireLib","Halation","Hallownest","Hermit","Highlight Path","Hubris","Infinite Spire","Mad Scientist","Minty Spire (QoL Compilation)","Permanent Neow","Random Character Button","Relic Stats","Reliquary","StSLib","The Blue Laboratory","The Bug Knight","The Construct","The Cursed","The Disciple","The Marked","The Necromancer","The Poker Player","The Runesmith","The Servant 0.9.4"],"gold_per_floor":[109,109,109,109,58,85,96,126,149,74,89,89,108,0,0,105,105,119,119,119],"floor_reached":19,"language":"ENG","playtime":1003,"items_purged":[],"score":200,"play_id":"853b12d0-a497-4a0c-8e6a-ab8b3da97ec1","local_time":"20210214160005","is_ascension_mode":false,"campfire_choices":[{"floor":12,"key":"RECALL"},{"floor":15,"key":"REST"}],"circlet_count":0,"master_deck":["Strike_P","Strike_P","Strike_P","Strike_P","Defend_P","Defend_P","Defend_P","Defend_P","Eruption","Vigilance","Study","Prostrate","BowlingBash","FollowUp","PathToVictory","Fasting2","ThirdEye","Pray","Enlightenment","DevaForm","PathToVictory+1"],"relics":["PureWater","NeowsBlessing","hubris:Icosahedron","Anchor","hubris:Potato","Bag of Preparation","halation:Yufonium"],"acts_visited":["Exordium","TheCity"],"potions_floor_usage":[16,18,18,19],"damage_taken":[{"damage":0,"enemies":"Small Slimes","floor":1,"turns":1},{"damage":0,"enemies":"Gremlin Nob","floor":6,"turns":1},{"damage":0,"enemies":"Jaw Worm","floor":7,"turns":1},{"damage":20,"enemies":"3 Sentries","floor":8,"turns":10},{"damage":0,"enemies":"2 Louse","floor":11,"turns":1},{"damage":0,"enemies":"Red Slaver","floor":13,"turns":4},{"damage":52,"enemies":"Hexaghost","floor":16,"turns":10},{"damage":57,"enemies":"Chosen","floor":18,"turns":7},{"damage":27,"enemies":"Spheric Guardian","floor":19,"turns":4}],"seed_played":"-9183174479996426074","potions_obtained":[{"floor":11,"key":"blueLaboratory:CorrosionFlask"},{"floor":13,"key":"LiquidMemories"},{"floor":16,"key":"blueLaboratory:MidnightOil"}],"is_trial":false,"path_per_floor":["M","?","?","?","$","E","M","E","T","$","M","R","M","?","R","B",null,"M","M"],"character_chosen":"WATCHER","items_purchased":["Prostrate","Fasting2"],"campfire_rested":1,"item_purchase_floors":[5,10],"current_hp_per_floor":[72,72,65,65,65,65,65,45,45,45,45,45,45,51,74,22,78,23,0,0],"gold":119,"neow_bonus":"THREE_ENEMY_KILL","is_daily":false,"chose_seed":false,"campfire_upgraded":0,"win_rate":0.0,"timestamp":1613318405,"path_taken":["M","?","?","?","$","E","M","E","T","$","?","R","M","?","R","BOSS","M","M"],"items_purchased_type":["Card","Card"],"build_version":"2020-12-22","purchased_purges":0,"victory":false,"max_hp_per_floor":[72,72,72,72,72,72,72,72,72,72,72,72,72,78,78,78,78,80,80,80],"relic_stats":{"counters":[9,39],"Bag of Preparation":[10],"obtain_stats":[{"Anchor":3,"hubris:Icosahedron":2,"NeowsBlessing":0,"halation:Yufonium":17,"Bag of Preparation":8,"PureWater":0,"hubris:Potato":6},{"Anchor":1,"hubris:Icosahedron":1,"NeowsBlessing":0,"halation:Yufonium":7,"Bag of Preparation":4,"PureWater":0,"hubris:Potato":2},{"Anchor":1,"hubris:Icosahedron":1,"NeowsBlessing":0,"halation:Yufonium":28,"Bag of Preparation":13,"PureWater":0,"hubris:Potato":2}]},"card_choices":[{"not_picked":["Conclude","SashWhip"],"picked":"Study","floor":1},{"not_picked":["EmptyMind","Protect"],"picked":"BowlingBash","floor":6},{"not_picked":["CarveReality","TalkToTheHand"],"picked":"FollowUp","floor":7},{"not_picked":["Fasting2","Omniscience"],"picked":"PathToVictory","floor":8},{"not_picked":["Halt","FlurryOfBlows"],"picked":"ThirdEye","floor":11},{"not_picked":["WindmillStrike","Crescendo"],"picked":"Pray","floor":13},{"not_picked":["Ragnarok","Vault"],"picked":"DevaForm","floor":16},{"not_picked":["Evaluate","WreathOfFlame"],"picked":"PathToVictory+1","floor":18}],"player_experience":340645,"relics_obtained":[{"floor":6,"key":"hubris:Potato"},{"floor":8,"key":"Bag of Preparation"}],"event_choices":[{"damage_healed":0,"gold_gain":0,"player_choice":"Relic ","damage_taken":7,"max_hp_gain":0,"max_hp_loss":0,"event_name":"betterThird:BetterScrap","floor":3,"gold_loss":0,"cards_obtained":["Undo"]},{"damage_healed":0,"gold_gain":0,"player_choice":"Ignored","damage_taken":0,"max_hp_gain":0,"max_hp_loss":0,"event_name":"NoteForYourself","floor":4,"gold_loss":0},{"damage_healed":0,"gold_gain":0,"player_choice":"RENOUNCE","damage_taken":108,"max_hp_gain":0,"max_hp_loss":0,"event_name":"betterThird:BetterSerpent","floor":14,"gold_loss":108,"cards_obtained":["Enlightenment"]}],"is_beta":false,"boss_relics":[{"not_picked":["halation:Risk","Snecko Eye"],"picked":"halation:Yufonium"}],"items_purged_floors":[],"is_endless":false,"potions_floor_spawned":[11,13,16],"killed_by":"Spheric Guardian","ascension_level":0}}