{"host":"0luxfixkkfk9wck3","time":1613262363,"event":{"mods":["BaseMod","DeckTracker","Downfall","Highlight Path","Minty Spire (QoL Compilation)","StSLib"],"gold_per_floor":[99,112,130,405,196,196,196,196,206,217,57,73,84,101,117,217,217,217,232,242,242,242,242,242,242,242,242],"floor_reached":25,"language":"ENG","playtime":5988,"items_purged":["Regret"],"score":312,"play_id":"8930feca-b44c-4517-8f0a-73d270587bc2","local_time":"20210213182603","is_ascension_mode":true,"campfire_choices":[{"data":"Discovery","floor":1,"key":"SMITH"},{"data":"sneckomod:Nope","floor":18,"key":"SMITH"}],"circlet_count":0,"master_deck":["AscendersBane","sneckomod:Defend","sneckomod:Defend","sneckomod:Defend","sneckomod:TailWhip","sneckomod:SnekBite","sneckomod:Unknown","Discovery+1","sneckomod:UnknownUncommonSkill","sneckomod:UnknownBlock","sneckomod:UnknownUncommonPower","hexamod:VolcanoVisage","sneckomod:UnendingSupply","sneckomod:UnknownUncommonSkill","sneckomod:UnknownRareAttack","sneckomod:UnknownRareSkill","sneckomod:UnknownRarePower+1","sneckomod:Unknown0Cost","sneckomod:Nope+1","sneckomod:UnknownWeak","sneckomod:UnknownExhaust","sneckomod:UnknownRarePower","Crippling Poison","sneckomod:UnknownExhaust","Slimebound:Tackle+1","Slimebound:Tackle+1","Slimebound:Tackle+1"],"relics":["sneckomod:SuperSneckoSoul","Vajra","Ice Cream","sneckomod:RareBoosterPack","MutagenicStrength","Bottled Flame"],"acts_visited":["Exordium","TheCity"],"potions_floor_usage":[10,16,20],"damage_taken":[{"damage":3,"enemies":"Small Slimes","floor":2,"turns":3},{"damage":0,"enemies":"Cultist","floor":3,"turns":4},{"damage":6,"enemies":"downfall:FleeingMerchant","floor":5,"turns":4},{"damage":0,"enemies":"Jaw Worm","floor":9,"turns":3},{"damage":11,"enemies":"Lots of Slimes","floor":10,"turns":4},{"damage":0,"enemies":"downfall:FleeingMerchant","floor":11,"turns":4},{"damage":14,"enemies":"Blue Slaver","floor":12,"turns":3},{"damage":0,"enemies":"3 Louse","floor":13,"turns":3},{"damage":0,"enemies":"2 Fungi Beasts","floor":14,"turns":3},{"damage":9,"enemies":"Exordium Wildlife","floor":15,"turns":4},{"damage":10,"enemies":"SI_SHIV_ARCHETYPE","floor":16,"turns":6},{"damage":25,"enemies":"3 Byrds","floor":19,"turns":5},{"damage":27,"enemies":"Shelled Parasite and Fungi","floor":20,"turns":7},{"damage":27,"enemies":"Book of Stabbing","floor":25,"turns":2}],"seed_played":"-3134040042967979200","potions_obtained":[{"floor":2,"key":"BlessingOfTheForge"},{"floor":9,"key":"DistilledChaos"},{"floor":13,"key":"LiquidBronze"},{"floor":16,"key":"Explosive Potion"}],"is_trial":false,"path_per_floor":["R","M","M","?","$","T","T","R","M","M","$","M","M","M","M","B",null,"R","M","M","?","?","?","T","E"],"character_chosen":"THE_SNECKO","items_purchased":["sneckomod:UnknownWeak","PowerPotion","sneckomod:RareBoosterPack"],"campfire_rested":0,"item_purchase_floors":[5,5,11],"current_hp_per_floor":[81,78,78,78,72,72,72,72,72,61,68,54,54,54,45,35,76,76,51,24,24,24,24,24,0,0,0],"gold":242,"neow_bonus":"RANDOM_COLORLESS","is_daily":false,"chose_seed":false,"campfire_upgraded":2,"win_rate":0.0,"timestamp":1613262363,"path_taken":["R","M","M","?","$","?","T","R","M","M","?","M","M","?","M","BOSS","R","M","M","?","?","?","T","E"],"items_purchased_type":["Card","Potion","Relic"],"build_version":"2020-12-22","purchased_purges":1,"victory":false,"max_hp_per_floor":[90,90,90,90,90,90,90,90,90,90,90,90,90,90,90,90,90,90,90,90,90,90,90,90,90,90,90],"card_choices":[{"not_picked":["Forethought","Purity"],"picked":"Discovery","floor":0},{"not_picked":["sneckomod:WideSting","sneckomod:DiceBoulder"],"picked":"sneckomod:UnknownUncommonSkill","floor":2},{"not_picked":["sneckomod:MasterEye","sneckomod:UnknownCommonSkill"],"picked":"sneckomod:UnknownBlock","floor":3},{"not_picked":["sneckomod:Nope","sneckomod:SerpentIdol"],"picked":"sneckomod:UnknownUncommonPower","floor":5},{"not_picked":["sneckomod:Unknown1Cost","sneckomod:Nope"],"picked":"sneckomod:UnendingSupply","floor":9},{"not_picked":["sneckomod:MasterEye","sneckomod:UnknownCommonAttack","sneckomod:SoulRoll"],"picked":"SKIP","floor":10},{"not_picked":["sneckomod:Unknown2Cost","sneckomod:QuickBite"],"picked":"sneckomod:UnknownUncommonSkill","floor":11},{"not_picked":["sneckomod:SoulDraw","sneckomod:UnknownDraw"],"picked":"sneckomod:Unknown0Cost","floor":12},{"not_picked":["sneckomod:Unknown1Cost","sneckomod:UnknownCommonSkill"],"picked":"sneckomod:Nope","floor":13},{"not_picked":["sneckomod:Cheat","sneckomod:DiceBlock"],"picked":"sneckomod:UnknownWeak","floor":14},{"not_picked":["sneckomod:UnknownDraw","sneckomod:QuickMove"],"picked":"sneckomod:UnknownExhaust","floor":15},{"not_picked":["sneckomod:UnknownRareSkill","sneckomod:UnknownBoss"],"picked":"sneckomod:UnknownRarePower","floor":16},{"not_picked":["sneckomod:UnknownClassHEXA_GHOST_PURPLE","sneckomod:ImprovisedGuard"],"picked":"sneckomod:UnknownExhaust","floor":19},{"not_picked":["sneckomod:IronFang","sneckomod:DiceBoulder+1","sneckomod:Nope"],"picked":"SKIP","floor":20}],"player_experience":11842736,"relics_obtained":[{"floor":6,"key":"Vajra"},{"floor":7,"key":"Ice Cream"},{"floor":24,"key":"Bottled Flame"}],"event_choices":[{"damage_healed":0,"gold_gain":0,"player_choice":"Inject Mutagens","damage_taken":0,"relics_obtained":["MutagenicStrength"],"max_hp_gain":0,"max_hp_loss":0,"event_name":"Drug Dealer","floor":21,"gold_loss":0},{"damage_healed":0,"gold_gain":0,"player_choice":"Ignored","damage_taken":0,"max_hp_gain":0,"max_hp_loss":0,"event_name":"Ghosts","floor":22,"gold_loss":0}],"is_beta":false,"boss_relics":[{"not_picked":["expansioncontent:StudyCardRelic","SlaversCollar"],"picked":"sneckomod:SuperSneckoSoul"}],"items_purged_floors":[5],"is_endless":false,"potions_floor_spawned":[2,9,13,16],"killed_by":"Book of Stabbing","ascension_level":12}}