{"host":"ul3z8ex5o8l5j7mh","time":1613328859,"event":{"mods":["AchievementEnabler","BaseMod","Bestiary","Colored Map","Colored Powertips","DeckTracker","Keyboard Shortcuts","Minty Spire (QoL Compilation)","Relic Sorter","Relic Stats","SuperFastMode"],"gold_per_floor":[110,110,123,134,152,182,182,257,257,257,257],"floor_reached":10,"language":"ENG","playtime":278,"items_purged":[],"score":85,"play_id":"a96ef5ce-1fb1-41f0-a5a0-89296cf7aaa8","local_time":"20210214195419","is_ascension_mode":true,"campfire_choices":[{"floor":7.0,"key":"REST"}],"circlet_count":0,"master_deck":["Strike_R","Strike_R","Strike_R","Strike_R","Strike_R","Defend_R","Defend_R","Defend_R","Defend_R","Bash","Thunderclap","Cleave","Armaments","Brutality","Normality"],"relics":["Cursed Key","FaceOfCleric","Juzu Bracelet","Smiling Mask"],"acts_visited":["Exordium"],"potions_floor_usage":[],"damage_taken":[{"damage":7.0,"enemies":"Small Slimes","floor":1.0,"turns":3.0},{"damage":0.0,"enemies":"Cultist","floor":3.0,"turns":3.0},{"damage":7.0,"enemies":"Jaw Worm","floor":4.0,"turns":2.0},{"damage":15.0,"enemies":"Exordium Wildlife","floor":5.0,"turns":3.0},{"damage":22.0,"enemies":"Gremlin Nob","floor":6.0,"turns":4.0},{"damage":49,"enemies":"Lagavulin","floor":10,"turns":6}],"seed_played":"-3611274351999299493","potions_obtained":[{"floor":5.0,"key":"Fire Potion"}],"is_trial":false,"path_per_floor":["M","?","M","M","M","E","R","?","T","E"],"character_chosen":"IRONCLAD","items_purchased":[],"campfire_rested":1,"item_purchase_floors":[],"current_hp_per_floor":[73,73,74,68,54,33,58,47,47,0,0],"gold":257,"neow_bonus":"BOSS_RELIC","is_daily":false,"chose_seed":false,"campfire_upgraded":0,"win_rate":0.0,"timestamp":1613328859,"path_taken":["M","?","?","M","M","E","R","?","T","E"],"items_purchased_type":[],"build_version":"2020-12-22","purchased_purges":0,"victory":false,"max_hp_per_floor":[80,80,81,82,83,84,84,84,84,84,84],"relic_stats":{"FaceOfCleric":4,"counters":[6,21],"Juzu Bracelet":0,"Cursed Key":1,"Smiling Mask":0,"obtain_stats":[{"FaceOfCleric":2,"Juzu Bracelet":6,"Cursed Key":0,"Smiling Mask":9,"Burning Blood":0},{"FaceOfCleric":1,"Juzu Bracelet":5,"Cursed Key":0,"Smiling Mask":5,"Burning Blood":0},{"FaceOfCleric":3,"Juzu Bracelet":15,"Cursed Key":0,"Smiling Mask":15,"Burning Blood":0}]},"card_choices":[{"not_picked":["Iron Wave","Seeing Red"],"picked":"Thunderclap","floor":1.0},{"not_picked":["Body Slam","Flex"],"picked":"Cleave","floor":3.0},{"not_picked":["Power Through","Pummel","Thunderclap"],"picked":"SKIP","floor":4.0},{"not_picked":["True Grit","Cleave"],"picked":"Armaments","floor":5.0},{"not_picked":["Anger","Juggernaut"],"picked":"Brutality","floor":6.0}],"player_experience":379346,"relics_obtained":[{"floor":6.0,"key":"Juzu Bracelet"},{"floor":9.0,"key":"Smiling Mask"}],"event_choices":[{"damage_healed":0.0,"max_hp_gain":0.0,"max_hp_loss":0.0,"gold_gain":0.0,"event_name":"FaceTrader","player_choice":"Trade","floor":2.0,"gold_loss":0.0,"damage_taken":0.0,"relics_obtained":["FaceOfCleric"]},{"damage_healed":0.0,"max_hp_gain":0.0,"max_hp_loss":0.0,"gold_gain":75.0,"event_name":"World of Goop","player_choice":"Gather Gold","floor":8.0,"gold_loss":0.0,"damage_taken":11.0}],"is_beta":false,"boss_relics":[],"items_purged_floors":[],"is_endless":false,"potions_floor_spawned":[5],"killed_by":"Lagavulin","ascension_level":5}}