{"host":"blhqr6uo32maonpv","time":1613322466,"event":{"mods":["BaseMod","Downfall","Minty Spire (QoL Compilation)","StSLib"],"gold_per_floor":[114,114,114,114,132,132,207,242,320,337,357,357,370,382,382,485,485,503,522,537,67,247,279,279,289,289,301,10,20,20,54,54,157,157,168,168,218,106,126,51,51,51],"floor_reached":41,"language":"ENG","playtime":1755,"items_purged":[],"score":458,"play_id":"1f2e1a4b-b45e-4364-9217-f82e7aa927a1","local_time":"20210214130746","is_ascension_mode":false,"campfire_choices":[{"data":"Flex","floor":6,"key":"SMITH"},{"floor":15,"key":"REST"},{"data":"Enlightenment","floor":24,"key":"SMITH"},{"floor":32,"key":"REST"}],"circlet_count":0,"master_deck":["Strike_R","Strike_R","Strike_R","Defend_R","Defend_R","Defend_R","Bash","Armaments+1","Flex+1","Fire Breathing","Perfected Strike","Cleave","Bludgeon","Sword Boomerang","Reaper","Iron Wave","Twin Strike","Flame Barrier","Secret Technique","Enlightenment+1","Flash of Steel","Cleave","Rage","Pummel","Demon Form","Flex","Writhe","Rampage","Juggernaut","Reaper+1","Demon Form+1","Clash+1","Intimidate+1","Metallicize","Dual Wield","Clothesline","Armaments","Pommel Strike"],"relics":["Sozu","Happy Flower","Mummified Hand","Snecko Eye","PreservedInsect","Lee\u0027s Waffle","Sundial","Kunai","HandDrill","Letter Opener","Pen Nib","Astrolabe","CaptainsWheel"],"acts_visited":["Exordium","TheCity","TheBeyond"],"potions_floor_usage":[],"damage_taken":[{"damage":1,"enemies":"2 Louse","floor":1,"turns":3},{"damage":0,"enemies":"Jaw Worm","floor":5,"turns":3},{"damage":18,"enemies":"3 Sentries","floor":8,"turns":10},{"damage":0,"enemies":"Cultist","floor":10,"turns":2},{"damage":5,"enemies":"Lots of Slimes","floor":11,"turns":4},{"damage":6,"enemies":"Exordium Wildlife","floor":13,"turns":2},{"damage":3,"enemies":"3 Louse","floor":14,"turns":3},{"damage":30,"enemies":"Hexaghost","floor":16,"turns":7},{"damage":15,"enemies":"2 Thieves","floor":18,"turns":2},{"damage":22,"enemies":"Shell Parasite","floor":19,"turns":4},{"damage":20,"enemies":"Centurion and Healer","floor":20,"turns":5},{"damage":8,"enemies":"Book of Stabbing","floor":23,"turns":4},{"damage":0,"enemies":"Chosen and Byrds","floor":25,"turns":3},{"damage":12,"enemies":"3 Cultists","floor":27,"turns":4},{"damage":30,"enemies":"Centurion and Healer","floor":29,"turns":5},{"damage":25,"enemies":"Slavers","floor":31,"turns":6},{"damage":35,"enemies":"Champ","floor":33,"turns":7},{"damage":38,"enemies":"3 Darklings","floor":35,"turns":5},{"damage":41,"enemies":"Mind Bloom Boss Battle","floor":37,"turns":6},{"damage":12,"enemies":"Orb Walker","floor":39,"turns":4},{"damage":66,"enemies":"Jaw Worm Horde","floor":41,"turns":5}],"seed_played":"-5330974953323737391","potions_obtained":[],"is_trial":false,"path_per_floor":["M","?","?","?","M","R","?","E","T","M","M","?","M","M","R","B",null,"M","M","M","$","?","E","R","M","T","M","$","M","?","E","R","B",null,"M","?","?","$","M","$","M"],"character_chosen":"IRONCLAD","items_purchased":["PreservedInsect","Lee\u0027s Waffle","Secret Technique","Demon Form","HandDrill","Metallicize","Dual Wield","Armaments","Pommel Strike"],"campfire_rested":2,"item_purchase_floors":[21,21,21,28,28,38,38,40,40],"current_hp_per_floor":[79,84,84,84,84,84,73,55,55,55,50,50,44,41,66,36,85,70,52,40,92,60,57,57,63,63,73,73,51,51,35,62,46,92,85,85,56,56,49,49,0,0],"gold":51,"neow_bonus":"BOSS_RELIC","is_daily":false,"chose_seed":false,"campfire_upgraded":2,"win_rate":0.0,"timestamp":1613322466,"path_taken":["M","?","?","?","M","R","?","E","T","M","?","?","M","M","R","BOSS","M","M","M","$","?","E","R","M","T","M","$","?","?","E","R","BOSS","M","?","?","?","M","$","M"],"items_purchased_type":["Relic","Relic","Card","Card","Relic","Card","Card","Card","Card"],"build_version":"2020-12-22","purchased_purges":0,"victory":false,"max_hp_per_floor":[80,85,85,85,85,85,85,85,85,85,85,85,85,85,85,85,85,85,85,85,92,92,92,92,92,92,92,92,92,92,92,92,92,92,92,92,92,92,92,92,92,92],"card_choices":[{"not_picked":["Uppercut","Clash"],"picked":"Armaments","floor":1},{"not_picked":["Iron Wave","Rage"],"picked":"Flex","floor":5},{"not_picked":["Anger","Shrug It Off"],"picked":"Fire Breathing","floor":8},{"not_picked":["Iron Wave","Flame Barrier"],"picked":"Perfected Strike","floor":10},{"not_picked":["Blood for Blood","Anger"],"picked":"Cleave","floor":11},{"not_picked":["Shrug It Off","Entrench"],"picked":"Bludgeon","floor":13},{"not_picked":["Armaments","Pommel Strike"],"picked":"Sword Boomerang","floor":14},{"not_picked":["Berserk","Offering"],"picked":"Reaper","floor":16},{"not_picked":["Anger","Hemokinesis"],"picked":"Iron Wave","floor":18},{"not_picked":["True Grit","Cleave"],"picked":"Twin Strike","floor":19},{"not_picked":["Feel No Pain","Warcry+1"],"picked":"Flame Barrier","floor":20},{"not_picked":["Armaments","Rupture+1"],"picked":"Cleave","floor":23},{"not_picked":["Thunderclap","Cleave+1"],"picked":"Rage","floor":25},{"not_picked":["Flex+1","Rage"],"picked":"Pummel","floor":27},{"not_picked":["Clothesline","Armaments"],"picked":"Flex","floor":29},{"not_picked":["Battle Trance","Warcry"],"picked":"Rampage","floor":31},{"not_picked":["Double Tap","Fiend Fire"],"picked":"Juggernaut","floor":33},{"not_picked":["Power Through+1","Warcry"],"picked":"Intimidate+1","floor":35},{"not_picked":["Ghostly Armor+1","Twin Strike"],"picked":"Clothesline","floor":39}],"player_experience":808,"relics_obtained":[{"floor":8,"key":"Happy Flower"},{"floor":9,"key":"Mummified Hand"},{"floor":23,"key":"Sundial"},{"floor":26,"key":"Kunai"},{"floor":31,"key":"Pen Nib"},{"floor":37,"key":"CaptainsWheel"}],"event_choices":[{"damage_healed":0,"gold_gain":0,"player_choice":"Donut","damage_taken":0,"max_hp_gain":5,"max_hp_loss":0,"event_name":"Big Fish","floor":2,"gold_loss":0},{"damage_healed":0,"gold_gain":0,"player_choice":"Grow","damage_taken":0,"max_hp_gain":0,"max_hp_loss":0,"event_name":"Living Wall","floor":3,"gold_loss":0,"cards_upgraded":["Armaments"]},{"damage_healed":0,"gold_gain":0,"player_choice":"Leave","damage_taken":0,"max_hp_gain":0,"max_hp_loss":0,"event_name":"The Cleric","floor":4,"gold_loss":0},{"damage_healed":0,"gold_gain":75,"player_choice":"Gather Gold","damage_taken":11,"max_hp_gain":0,"max_hp_loss":0,"event_name":"World of Goop","floor":7,"gold_loss":0},{"damage_healed":0,"gold_gain":0,"player_choice":"Got Potions","damage_taken":0,"max_hp_gain":0,"max_hp_loss":0,"event_name":"Lab","floor":12,"gold_loss":0},{"damage_healed":0,"gold_gain":180,"player_choice":"GOLD CARD GOLD CARD ","damage_taken":32,"max_hp_gain":0,"max_hp_loss":0,"event_name":"Knowing Skull","floor":22,"potions_obtained":[],"gold_loss":0,"cards_obtained":["Enlightenment","Flash of Steel"]},{"damage_healed":0,"gold_gain":0,"player_choice":"Opened","damage_taken":0,"relics_obtained":["Letter Opener"],"max_hp_gain":0,"max_hp_loss":0,"event_name":"The Mausoleum","floor":30,"gold_loss":0,"cards_obtained":["Writhe"]},{"damage_healed":0,"gold_gain":0,"player_choice":"Ignored","damage_taken":0,"max_hp_gain":0,"max_hp_loss":0,"event_name":"Tomb of Lord Red Mask","floor":36,"gold_loss":0},{"damage_healed":0,"gold_gain":0,"player_choice":"Fight","damage_taken":0,"max_hp_gain":0,"max_hp_loss":0,"event_name":"MindBloom","floor":37,"gold_loss":0}],"is_beta":false,"boss_relics":[{"not_picked":["Cursed Key","Busted Crown"],"picked":"Snecko Eye"},{"not_picked":["Coffee Dripper","SacredBark"],"picked":"Astrolabe"}],"items_purged_floors":[],"is_endless":false,"potions_floor_spawned":[1,8,10,16,19,20,23,31,33,35,37,39],"killed_by":"Jaw Worm Horde","ascension_level":0}}