{"host":"b5jaqh8y266k2cz4","time":1613275176,"event":{"mods":["AchievementEnabler","Aspiration","BaseMod","Colored Powertips","Conspire","Dio Mod","Downfall","Googly Eyes","Hermit","Highlight Path","Hubris","Infinite Spire","MarisaÅiñ∂âJÅ@ñÇóùçπÅj","Mimic Mod","Minty Spire (QoL Compilation)","Quick Restart","Replay The Spire","Spikes Relics","StSLib","Synergy Search","Td1madao Mod","The Animator","The Cursed","The Jungle","The Necromancer","The Servant 0.9.4","The Wild Card","slay the spire mod where everything is the same but ironclad has a cowboy hat"],"gold_per_floor":[116,116,132,150,164,164,197,197,244,273,273,273,304,323,323,323,323],"floor_reached":16,"language":"ENG","playtime":581,"items_purged":[],"score":156,"play_id":"a2edfd00-a8a6-442a-bcb3-01a00c35e1cc","local_time":"20210213225936","is_ascension_mode":true,"campfire_choices":[{"data":"theWildCard:ArcanaArtistry","floor":6,"key":"SMITH"},{"data":"theWildCard:ArcaneArts","floor":8,"key":"SMITH"},{"floor":15,"key":"REST"}],"circlet_count":0,"master_deck":["theWildCard:BasicStrike","theWildCard:BasicStrike","theWildCard:BasicStrike","theWildCard:BasicDefend","theWildCard:BasicDefend","theWildCard:BasicDefend","theWildCard:BasicDefend","theWildCard:CallToAdventure","theWildCard:Arsene+1","theWildCard:ArcanaArtistry+1","theWildCard:MaskChange","theWildCard:ArcaneArts+1","theWildCard:Salvation","theWildCard:ArcanaArtistry"],"relics":["theWildCard:VelvetContract","NeowsBlessing","infinitespire:Lucky Rock","Rawhide","hubris:TenFootPole"],"acts_visited":["Exordium"],"potions_floor_usage":[7],"damage_taken":[{"damage":0,"enemies":"Small Slimes","floor":1,"turns":1},{"damage":0,"enemies":"Cultist","floor":3,"turns":1},{"damage":0,"enemies":"2 Louse","floor":4,"turns":2},{"damage":1,"enemies":"Blue Slaver","floor":5,"turns":3},{"damage":20,"enemies":"Gremlin Nob","floor":7,"turns":5},{"damage":6,"enemies":"Lagavulin","floor":10,"turns":9},{"damage":5,"enemies":"3 Sentries","floor":13,"turns":9},{"damage":1,"enemies":"3 Louse","floor":14,"turns":3},{"damage":49,"enemies":"Fading Forest","floor":16,"turns":7}],"seed_played":"-8555869989058644390","potions_obtained":[{"floor":3,"key":"SpeedPotion"},{"floor":4,"key":"champ:CounterPotion"},{"floor":14,"key":"Swift Potion"}],"is_trial":false,"path_per_floor":["M","?","M","M","M","R","E","R","T","E","?","?","E","M","R","B"],"character_chosen":"THE_WILD_CARD","items_purchased":[],"campfire_rested":1,"item_purchase_floors":[],"current_hp_per_floor":[54,54,54,54,53,53,33,33,33,27,27,22,17,16,34,0,0],"gold":323,"neow_bonus":"THREE_ENEMY_KILL","is_daily":false,"chose_seed":false,"campfire_upgraded":2,"win_rate":0.0,"timestamp":1613275176,"path_taken":["M","?","M","?","M","R","E","R","T","E","?","?","E","M","R","BOSS"],"items_purchased_type":[],"build_version":"2020-12-22","purchased_purges":0,"victory":false,"max_hp_per_floor":[60,60,60,60,60,60,60,60,60,60,60,60,60,60,60,60,60],"card_choices":[{"not_picked":["theWildCard:UnderLockAndKey","theWildCard:PaleRider","theWildCard:Sakuya"],"picked":"SKIP","floor":1},{"not_picked":["theWildCard:Polydeuces","theWildCard:ArcaneArts"],"picked":"theWildCard:ArcanaArtistry","floor":3},{"not_picked":["theWildCard:ChangingDestiny","theWildCard:Sakuya","theWildCard:EnergizedStroke"],"picked":"SKIP","floor":4},{"not_picked":["theWildCard:PaleRider","theWildCard:MagicMettle"],"picked":"theWildCard:MaskChange","floor":5},{"not_picked":["theWildCard:EnergyTheft","theWildCard:UnderLockAndKey"],"picked":"theWildCard:ArcaneArts","floor":7},{"not_picked":["theWildCard:Proficiency","theWildCard:StalwartBlade","theWildCard:Amaterasu"],"picked":"SKIP","floor":10},{"not_picked":["theWildCard:Polydeuces","theWildCard:MagicMettle"],"picked":"theWildCard:Salvation","floor":13},{"not_picked":["theWildCard:ArcaneArts","theWildCard:Patience"],"picked":"theWildCard:ArcanaArtistry","floor":14}],"player_experience":382914,"relics_obtained":[{"floor":9,"key":"infinitespire:Lucky Rock"},{"floor":10,"key":"Rawhide"},{"floor":13,"key":"hubris:TenFootPole"}],"event_choices":[{"damage_healed":0,"gold_gain":0,"player_choice":"Upgraded","damage_taken":0,"max_hp_gain":0,"max_hp_loss":0,"event_name":"Upgrade Shrine","floor":2,"gold_loss":0,"cards_upgraded":["theWildCard:Arsene"]},{"damage_healed":0,"gold_gain":0,"player_choice":"Leave","damage_taken":0,"max_hp_gain":0,"max_hp_loss":0,"event_name":"conspire:Investor","floor":11,"gold_loss":0},{"cards_removed":["theWildCard:BasicStrike"],"damage_healed":0,"gold_gain":0,"player_choice":"Card Removal","damage_taken":7,"max_hp_gain":0,"max_hp_loss":0,"event_name":"Golden Wing","floor":12,"gold_loss":0}],"is_beta":false,"boss_relics":[],"items_purged_floors":[],"is_endless":false,"potions_floor_spawned":[3,4,14],"killed_by":"Fading Forest","ascension_level":6}}