{"host":"aapp7ew3jk5k1bvd","time":1613312768,"event":{"mods":["AchievementEnabler","BaseMod","Colored Map","Custom Start","Keyboard Shortcuts","Minty Spire (QoL Compilation)","Permanent Neow","Quick Restart","StSLib","SuperFastMode"],"gold_per_floor":[119,119,137,161,161,161,161,12,37,37,52,52,52,66,66,66,66],"floor_reached":16,"language":"KOR","playtime":469,"items_purged":["Strike_G"],"score":149,"play_id":"eb08b1c8-8349-40a0-b1bd-e0fbf4035e7e","local_time":"20210214232608","is_ascension_mode":true,"campfire_choices":[{"floor":6.0,"key":"REST"},{"floor":12.0,"key":"REST"},{"data":"Adrenaline","floor":15,"key":"SMITH"}],"circlet_count":0,"master_deck":["AscendersBane","Strike_G+1","Strike_G","Strike_G","Defend_G","Defend_G","Defend_G","Defend_G","Defend_G","Survivor","Neutralize","Blade Dance","Blade Dance+1","Dodge and Roll","Adrenaline+1","Cloak And Dagger"],"relics":["Ring of the Snake","Golden Idol","Blood Vial","Tiny Chest"],"acts_visited":["Exordium"],"potions_floor_usage":[14],"damage_taken":[{"damage":1.0,"enemies":"Jaw Worm","floor":1.0,"turns":5.0},{"damage":1.0,"enemies":"Small Slimes","floor":3.0,"turns":5.0},{"damage":3.0,"enemies":"2 Louse","floor":4.0,"turns":3.0},{"damage":0.0,"enemies":"Blue Slaver","floor":11.0,"turns":5.0},{"damage":0,"enemies":"Gremlin Gang","floor":14,"turns":4},{"damage":60,"enemies":"Slime Boss","floor":16,"turns":9}],"seed_played":"744847397371144662","potions_obtained":[{"floor":3.0,"key":"Block Potion"},{"floor":4.0,"key":"SteroidPotion"}],"is_trial":false,"path_per_floor":["M","?","M","M","?","R","?","$","T","$","M","R","$","M","R","B"],"character_chosen":"THE_SILENT","items_purchased":["Adrenaline"],"campfire_rested":2,"item_purchase_floors":[8],"current_hp_per_floor":[62,45,44,41,23,44,30,30,30,30,32,53,53,55,55,0,0],"gold":66,"neow_bonus":"TRANSFORM_CARD","is_daily":false,"chose_seed":false,"campfire_upgraded":1,"win_rate":0.0,"timestamp":1613312768,"path_taken":["M","?","M","M","?","R","?","$","T","$","M","R","?","M","R","BOSS"],"items_purchased_type":["Card"],"build_version":"2020-12-22","purchased_purges":1,"victory":false,"max_hp_per_floor":[70,70,70,70,70,70,70,70,70,70,70,70,70,70,70,70,70],"card_choices":[{"not_picked":["Underhanded Strike","Flying Knee","Deflect"],"picked":"SKIP","floor":1.0},{"not_picked":["Poisoned Stab","All Out Attack"],"picked":"Blade Dance","floor":3.0},{"not_picked":["Deadly Poison","Infinite Blades"],"picked":"Dodge and Roll","floor":4.0},{"not_picked":["Bane","Quick Slash","Deflect"],"picked":"SKIP","floor":11.0},{"not_picked":["Predator","Tools of the Trade"],"picked":"Cloak And Dagger","floor":14}],"player_experience":1363795,"relics_obtained":[{"floor":9.0,"key":"Tiny Chest"}],"event_choices":[{"damage_healed":0.0,"max_hp_gain":0.0,"max_hp_loss":0.0,"gold_gain":0.0,"event_name":"Golden Idol","player_choice":"Take Damage","floor":2.0,"gold_loss":0.0,"damage_taken":17.0,"relics_obtained":["Golden Idol"]},{"damage_healed":0.0,"max_hp_gain":0.0,"max_hp_loss":0.0,"gold_gain":0.0,"event_name":"Scrap Ooze","player_choice":"Success","floor":5.0,"gold_loss":0.0,"damage_taken":18.0,"relics_obtained":["Blood Vial"]},{"damage_healed":0.0,"max_hp_gain":0.0,"max_hp_loss":0.0,"gold_gain":0.0,"event_name":"Shining Light","player_choice":"Entered Light","floor":7.0,"gold_loss":0.0,"damage_taken":14.0,"cards_upgraded":["Strike_G","Blade Dance"]}],"is_beta":false,"boss_relics":[],"items_purged_floors":[8],"is_endless":false,"potions_floor_spawned":[3,4],"killed_by":"Slime Boss","ascension_level":13}}