{"host":"bvp2uifzy1c463d9","time":1613272158,"event":{"mods":["AchievementEnabler","BaseMod","Better Note","Block Reminder","Bossed Relics","ChefMod","Colored Map","Colored Powertips","Energized Spire","Hermit","Highlight Path","Hubris","Infinite Spire","Minty Spire (QoL Compilation)","Random Character Button","Relic Sorter","Relic Stats","Reliquary","Replay The Spire","Robot Space Explorer","StSLib","The Blue Laboratory","The Jungle","The Servant 0.9.4","Wandering Minibosses"],"gold_per_floor":[17,17,28,45,65,96,59,70,70,89,89,189,204,237,237,334,334,346,371,371,371,90,90,90,90,90,90,108,118,31,45,45,45,45],"floor_reached":33,"language":"ENG","playtime":1399,"items_purged":["infinitespire:Pacifist","hermit:Strike_Hermit"],"score":283,"play_id":"cd9eec29-7d25-4afe-a20e-4707918e13ab","local_time":"20210213210918","is_ascension_mode":true,"campfire_choices":[{"floor":11,"key":"REST"},{"floor":15,"key":"REST"},{"floor":23,"key":"REST"},{"data":"hermit:Manifest","floor":25,"key":"SMITH"},{"floor":32,"key":"REST"}],"circlet_count":0,"master_deck":["hermit:Strike_Hermit","hermit:Defend_Hermit","hermit:Defend_Hermit","hermit:Defend_Hermit","hermit:Snapshot","hermit:Covet","hermit:LoneWolf","hermit:Feint","hermit:CursedWeapon","hermit:Ricochet","hermit:Ricochet+1","hermit:BigShot","hermit:Enervate+1","hermit:BigShot","hermit:Coalescence","hermit:Reprieve","hermit:Headshot+1","hermit:TakeAim","Spreading Infection","ReplayTheSpireMod:Chaos Vortex","hermit:Manifest+1","hermit:Manifest","hermit:Roughhouse+1","hermit:Vantage","hermit:Dive","hermit:ItchyTrigger+1","hermit:LuckOfTheDraw"],"relics":["hermit:ClaspedLocket","Molten Egg 2","hubris:DeckOfHolding","Kunai","Red Mask","Membership Card","MealTicket","ReplayTheSpireMod:Shallot","Regal Pillow"],"acts_visited":["Exordium","TheCity"],"potions_floor_usage":[6,13],"damage_taken":[{"damage":1,"enemies":"Cultist","floor":1,"turns":3},{"damage":7,"enemies":"Jaw Worm","floor":3,"turns":4},{"damage":0,"enemies":"2 Louse","floor":4,"turns":3},{"damage":2,"enemies":"Looter","floor":5,"turns":3},{"damage":40,"enemies":"Gremlin Nob","floor":6,"turns":6},{"damage":7,"enemies":"3 Louse","floor":8,"turns":3},{"damage":13,"enemies":"Large Slime","floor":10,"turns":3},{"damage":4,"enemies":"Exordium Wildlife","floor":13,"turns":3},{"damage":3,"enemies":"Lagavulin","floor":14,"turns":5},{"damage":31,"enemies":"The Guardian","floor":16,"turns":10},{"damage":29,"enemies":"Chosen","floor":18,"turns":6},{"damage":38,"enemies":"Masked Bandits","floor":19,"turns":5},{"damage":2,"enemies":"3 Byrds","floor":28,"turns":6},{"damage":2,"enemies":"Centurion and Healer","floor":29,"turns":6},{"damage":20,"enemies":"Snecko","floor":31,"turns":4},{"damage":55,"enemies":"Automaton","floor":33,"turns":12}],"seed_played":"-1535206921331593860","potions_obtained":[{"floor":3,"key":"blueLaboratory:AbyssPotion"},{"floor":4,"key":"LifebloodPotion"},{"floor":5,"key":"FearPotion"},{"floor":8,"key":"DistilledChaos"},{"floor":10,"key":"hermit:BlackBile"},{"floor":31,"key":"blueLaboratory:BottledHope"}],"is_trial":false,"path_per_floor":["M","?","M","M","M","E","$","M","T","M","R","?","M","E","R","B",null,"M","?","?","?","$","R","T","R","T","?","M","M","$","M","R","B"],"character_chosen":"HERMIT","items_purchased":["hermit:BigShot","Membership Card","MealTicket","hermit:Manifest","hermit:Dive","hermit:ItchyTrigger+1"],"campfire_rested":4,"item_purchase_floors":[7,22,22,22,30,30],"current_hp_per_floor":[74,74,67,67,65,25,25,18,18,5,27,27,23,20,42,11,75,46,8,8,8,8,30,30,30,30,16,14,16,31,11,50,0,0],"gold":45,"neow_bonus":"REMOVE_TWO","is_daily":false,"chose_seed":false,"campfire_upgraded":1,"win_rate":0.0,"timestamp":1613272158,"path_taken":["M","?","?","?","M","E","$","M","T","M","R","?","M","E","R","BOSS","M","?","?","?","$","R","?","R","T","?","M","M","$","M","R","BOSS"],"items_purchased_type":["Card","Relic","Relic","Card","Card","Card"],"build_version":"2020-12-22","purchased_purges":2,"victory":false,"max_hp_per_floor":[75,75,75,75,75,75,75,75,75,75,75,75,75,75,75,75,75,75,75,75,75,75,75,75,75,75,80,80,80,80,80,80,80,80],"relic_stats":{"Regal Pillow":15,"counters":[16,82],"MealTicket":15,"Kunai":[10],"obtain_stats":[{"hermit:ClaspedLocket":17,"Regal Pillow":26,"ReplayTheSpireMod:Shallot":24,"Molten Egg 2":6,"hubris:DeckOfHolding":9,"MealTicket":22,"Red Mask":19,"Kunai":14,"Membership Card":22,"hermit:Momento":0},{"hermit:ClaspedLocket":10,"Regal Pillow":12,"ReplayTheSpireMod:Shallot":12,"Molten Egg 2":5,"hubris:DeckOfHolding":6,"MealTicket":12,"Red Mask":12,"Kunai":9,"Membership Card":12,"hermit:Momento":0},{"hermit:ClaspedLocket":43,"Regal Pillow":54,"ReplayTheSpireMod:Shallot":54,"Molten Egg 2":19,"hubris:DeckOfHolding":22,"MealTicket":54,"Red Mask":54,"Kunai":33,"Membership Card":54,"hermit:Momento":0}]},"card_choices":[{"not_picked":["hermit:Gestalt","hermit:Snipe"],"picked":"hermit:LoneWolf","floor":1},{"not_picked":["hermit:Midnight","hermit:Coalescence"],"picked":"hermit:Feint","floor":3},{"not_picked":["hermit:Roulette","hermit:CalledShot"],"picked":"hermit:CursedWeapon","floor":4},{"not_picked":["hermit:Determination","hermit:HighCaliber"],"picked":"hermit:Ricochet","floor":5},{"not_picked":["hermit:Horror","hermit:Midnight"],"picked":"hermit:Ricochet+1","floor":6},{"not_picked":["hermit:Deadeye+1","hermit:WideOpen+1"],"picked":"hermit:Enervate+1","floor":8},{"not_picked":["hermit:HighNoon","hermit:Roulette+1","hermit:FullyLoaded"],"picked":"SKIP","floor":10},{"not_picked":["hermit:Quickdraw+1","hermit:HighCaliber+1"],"picked":"hermit:BigShot","floor":13},{"not_picked":["hermit:Misfire+1","hermit:LuckOfTheDraw"],"picked":"hermit:Coalescence","floor":14},{"not_picked":["hermit:Gambit","hermit:FatalDesire"],"picked":"hermit:Reprieve","floor":16},{"not_picked":["hermit:Desperado+1","hermit:SprayPray+1"],"picked":"hermit:Headshot+1","floor":18},{"not_picked":["hermit:LowProfile+1","hermit:Manifest"],"picked":"hermit:TakeAim","floor":19},{"not_picked":["infinitespire:Punishment","hubris:Fate"],"picked":"ReplayTheSpireMod:Chaos Vortex","floor":20},{"not_picked":["hermit:LuckOfTheDraw","hermit:Glare"],"picked":"hermit:Roughhouse+1","floor":28},{"not_picked":["hermit:BodyArmor","hermit:Headshot+1"],"picked":"hermit:Vantage","floor":29},{"not_picked":["hermit:CursedWeapon+1","hermit:GoldenBullet+1"],"picked":"hermit:LuckOfTheDraw","floor":31}],"player_experience":345012,"relics_obtained":[{"floor":6,"key":"Molten Egg 2"},{"floor":9,"key":"hubris:DeckOfHolding"},{"floor":14,"key":"Kunai"},{"floor":19,"key":"Red Mask"},{"floor":24,"key":"ReplayTheSpireMod:Shallot"},{"floor":26,"key":"Regal Pillow"}],"event_choices":[{"cards_removed":["hermit:Strike_Hermit"],"damage_healed":0,"gold_gain":0,"player_choice":"Offered Basic","damage_taken":0,"max_hp_gain":0,"max_hp_loss":0,"event_name":"Bonfire Elementals","floor":2,"gold_loss":0},{"damage_healed":0,"gold_gain":100,"player_choice":"Pray","damage_taken":0,"max_hp_gain":0,"max_hp_loss":0,"event_name":"Golden Shrine","floor":12,"gold_loss":0},{"damage_healed":0,"gold_gain":0,"player_choice":"Fought Bandits","damage_taken":0,"max_hp_gain":0,"max_hp_loss":0,"event_name":"Masked Bandits","floor":19,"gold_loss":0},{"damage_healed":0,"gold_gain":0,"player_choice":"Ignored","damage_taken":0,"max_hp_gain":0,"max_hp_loss":0,"event_name":"Ghosts","floor":21,"gold_loss":0},{"damage_healed":0,"gold_gain":0,"player_choice":"Shed Blood","damage_taken":19,"max_hp_gain":5,"max_hp_loss":0,"event_name":"Forgotten Altar","floor":27,"gold_loss":0}],"is_beta":false,"boss_relics":[{"not_picked":["reliquary:KinkedSpring","hubris:ScarierMask"],"picked":"hermit:ClaspedLocket"}],"items_purged_floors":[22,30],"is_endless":false,"potions_floor_spawned":[3,4,5,8,10,31],"killed_by":"Automaton","ascension_level":2}}