{"host":"fkig9nrckec4xsh0","time":1613263176,"event":{"mods":["Act Like it!","BaseMod","Colored Map","Gensokyo","Hermit","Marisa????????","Minty Spire (QoL Compilation)","Quick Restart","Replay The Spire","StSLib","The Cursed","The Necromancer","The Servant 0.9.4"],"gold_per_floor":[359,359,406,406,423,454,454,479,479,479,42,3,0,191,191,354,454,874,874,874,484,725,754,754,782,782,782,817,511,536,703,703,888,888,1218,1218,1238,409,608,608,769,769,769,769,769,796,796,809,809,809],"floor_reached":51,"language":"ENG","playtime":3429,"items_purged":["Writhe","Strike_W"],"score":1088,"play_id":"e6814fc0-b470-49a0-9a11-5b3bf32760c1","local_time":"20210213193936","is_ascension_mode":true,"campfire_choices":[{"data":"Shade_Step","floor":7,"key":"SMITH"},{"floor":10,"key":"REST"},{"floor":15,"key":"REST"},{"floor":24,"key":"REST"},{"data":"Skeleton_Dragon","floor":27,"key":"SMITH"},{"data":"Bone_Armory","floor":27,"key":"SMITH"},{"data":"Bone_Wall","floor":32,"key":"SMITH"},{"data":"Negative_Energy_Mist","floor":32,"key":"SMITH"},{"data":"Bone_Armory","floor":40,"key":"SMITH"},{"data":"Skeleton_Dragon","floor":40,"key":"SMITH"},{"data":"Bone_Armory","floor":47,"key":"SMITH"},{"data":"ReplayUltimateDefense","floor":47,"key":"SMITH"},{"data":"Bone_Armor","floor":49,"key":"SMITH"},{"data":"Bone_Armor","floor":49,"key":"SMITH"}],"circlet_count":0,"master_deck":["Defend_W","Defend_W","Defend_W","Negative_Energy_Arrows","Bone_Wall+1","Negative_Energy_Mist+1","Bone_Prison","Shade_Step+1","Bone_Armory+1","Gensokyo:MonkeysPaw","Bones_to_Steel+1","Shade_Step+1","Bone_Armor+1","Grasp_Heart","Skeleton_Dragon+1","Bone_Armor+1","Bone_Spikes","Negative_Energy_Javelin+1","Skeleton_Dragon+1","Negative_Energy_Javelin","Negative_Energy_Shield","Skeleton_Dragon+1","Negative_Energy_Mist+1","Hellfire","AbeCurse","Blood_Is_Power","Deaths_Shadow+1","Bone_Armory+1","Bone_Armory+1","Life_Tap+1","ReplayUltimateDefense+1","Looming Evil","Bone_Armory+1"],"relics":["Vampire_Amulet","Happy Flower","Garlic","Replay:Bottled Flurry","Smiling Mask","Pocketwatch","Strawberry","Replay:Arrowhead","Tiny Chest","Replay:Wanted Poster","MutagenicStrength","ReplayFunnel","WingedGreaves","Ice Cream","Red Mask","Replay:Mystery Machine","Replay:WaspNest","Replay:Wax Seal","ReplayTheSpireMod:Ninjato","DollysMirror","Art of War","Replay:Rubber Ducky","Replay:Grab Bag","Replay:Bronze Core","Abe\u0027s Treasure","Replay:Drink Me","Mirror","Calipers","OrangePellets","PreservedInsect","War Paint","Letter Opener","Simple Rune"],"acts_visited":["Exordium","TheCity","TheBeyond"],"potions_floor_usage":[6,6,22,33,41,46,50],"damage_taken":[{"damage":4,"enemies":"Gensokyo:3_Fairies","floor":1,"turns":3},{"damage":0,"enemies":"Gensokyo:Gryphon","floor":5,"turns":5},{"damage":4,"enemies":"Gensokyo:Aya","floor":6,"turns":5},{"damage":29,"enemies":"Gensokyo:Cirno","floor":8,"turns":7},{"damage":37,"enemies":"Gensokyo:Aya","floor":14,"turns":12},{"damage":21,"enemies":"Gensokyo:Reimu","floor":16,"turns":26},{"damage":43,"enemies":"Shell Parasite","floor":18,"turns":6},{"damage":40,"enemies":"Masked Bandits","floor":22,"turns":9},{"damage":10,"enemies":"Gremlin Leader","floor":23,"turns":7},{"damage":13,"enemies":"Book of Stabbing","floor":25,"turns":7},{"damage":0,"enemies":"Gremlin Leader","floor":28,"turns":7},{"damage":15,"enemies":"Spheric Guardian","floor":31,"turns":4},{"damage":8,"enemies":"Champ","floor":33,"turns":12},{"damage":31,"enemies":"Orb Walker","floor":35,"turns":4},{"damage":2,"enemies":"3 Darklings","floor":37,"turns":4},{"damage":18,"enemies":"Sphere and 2 Shapes","floor":39,"turns":4},{"damage":17,"enemies":"Reptomancer","floor":41,"turns":7},{"damage":1,"enemies":"Nemesis","floor":46,"turns":4},{"damage":2,"enemies":"Maw","floor":48,"turns":7},{"damage":4,"enemies":"Donu and Deca","floor":50,"turns":6}],"seed_played":"8303955333092123526","potions_obtained":[{"floor":1,"key":"Fire Potion"},{"floor":3,"key":"Explosive Potion"},{"floor":18,"key":"SpeedPotion"},{"floor":28,"key":"Strength Potion"},{"floor":35,"key":"CultistPotion"},{"floor":37,"key":"Block Potion"},{"floor":41,"key":"Adrenaline Potion"}],"is_trial":false,"path_per_floor":["M","?","?","?","M","E","R","E","T","R","COS","$","?","E","R","B",null,"M","?","?","$","?","E","R","E","T","R","E","$","T","M","R","B",null,"M","?","M","$","M","R","E","T","T","?","?","E","R","M","R","B",null],"character_chosen":"NECROMANCER","items_purchased":["Bones_to_Steel+1","WingedGreaves","Bone_Spikes","DollysMirror","Art of War","Mirror","Calipers","OrangePellets","Bone_Armory"],"campfire_rested":3,"item_purchase_floors":[12,21,21,29,29,38,38,38,38],"current_hp_per_floor":[50,50,50,35,37,35,35,6,13,37,37,37,38,3,27,8,82,41,41,41,41,7,7,31,20,20,20,30,30,30,17,17,11,62,35,35,35,35,25,25,20,20,20,20,20,23,23,25,25,27],"gold":809,"neow_bonus":"TWO_FIFTY_GOLD","is_daily":false,"chose_seed":false,"campfire_upgraded":11,"win_rate":0.0,"timestamp":1613263176,"path_taken":["M","?","?","?","M","E","R","E","T","R","COS","?","?","E","R","BOSS","M","?","?","$","?","E","R","E","T","R","E","$","?","?","R","BOSS","M","?","M","$","?","R","E","?","T","?","?","E","R","M","R","BOSS"],"items_purchased_type":["Card","Relic","Card","Relic","Relic","Relic","Relic","Relic","Card"],"build_version":"2020-12-22","purchased_purges":2,"victory":true,"max_hp_per_floor":[75,75,75,75,75,75,75,75,82,82,82,82,82,82,82,82,82,82,82,82,82,82,82,82,82,82,82,82,82,82,82,82,82,62,62,62,62,62,62,62,62,62,62,62,62,62,62,62,62,62],"card_choices":[{"not_picked":["Flesh_Made_Foul","Life_Drain"],"picked":"Death_March_Dance","floor":1},{"not_picked":["Blood_Curse","Negative_Energy_Shield"],"picked":"Negative_Energy_Mist","floor":3},{"not_picked":["Siphon_Strength","Consume_Illness"],"picked":"Bone_Prison","floor":5},{"not_picked":["Blood_Whip","Bone_Bullets"],"picked":"Shade_Step","floor":6},{"not_picked":["Scare","Pandemic"],"picked":"Bone_Armory","floor":8},{"not_picked":["Pandemic+1","Life_Drain+1"],"picked":"Shade_Step+1","floor":14},{"not_picked":["Death_Coil","Life_Tap"],"picked":"Bone_Armor","floor":14},{"not_picked":["Detonate_Bones","Cloudkill"],"picked":"Grasp_Heart","floor":16},{"not_picked":["Blood_Magic","Blood_Wake"],"picked":"Skeleton_Dragon","floor":16},{"not_picked":["Consume_Illness","Death_March_Dance"],"picked":"Bone_Armor","floor":18},{"not_picked":["Violent_Necrosis","Acid_Javelin"],"picked":"Negative_Energy_Javelin+1","floor":22},{"not_picked":["Negative_Energy_Javelin","Uncharnel"],"picked":"Skeleton_Dragon","floor":23},{"not_picked":["Bone_Spikes","Consume_Illness"],"picked":"Negative_Energy_Javelin","floor":25},{"not_picked":["Summon_Lich","Bone_Spikes"],"picked":"Negative_Energy_Shield","floor":28},{"not_picked":["Blood_Curse","Shackles_Of_Pain"],"picked":"Negative_Energy_Mist","floor":31},{"not_picked":["Cloudkill","Summon_Vampire_Lady"],"picked":"Hellfire","floor":33},{"not_picked":["Death_Coil+1","Summon_Undead","Flesh_Made_Foul+1"],"picked":"SKIP","floor":35},{"not_picked":["Vampiric_Strike","Finger_Of_Death"],"picked":"Deaths_Shadow+1","floor":37},{"not_picked":["Bone_Bullets","Shade_Step+1"],"picked":"Bone_Armory+1","floor":39},{"not_picked":["Blood_Curse","Chill_Blood+1"],"picked":"Life_Tap+1","floor":41},{"not_picked":["Panache","Blind"],"picked":"ReplayUltimateDefense","floor":44},{"not_picked":["Vampiric_Strike+1","Bone_Shift+1"],"picked":"Bone_Armory","floor":46},{"not_picked":["Consume_Illness","Bone_Spikes","Blood_Whip"],"picked":"SKIP","floor":48}],"player_experience":450168,"relics_obtained":[{"floor":3,"key":"Garlic"},{"floor":6,"key":"Smiling Mask"},{"floor":8,"key":"Pocketwatch"},{"floor":9,"key":"Strawberry"},{"floor":14,"key":"Replay:Arrowhead"},{"floor":22,"key":"Red Mask"},{"floor":23,"key":"Replay:Mystery Machine"},{"floor":25,"key":"Replay:WaspNest"},{"floor":26,"key":"Replay:Wax Seal"},{"floor":28,"key":"ReplayTheSpireMod:Ninjato"},{"floor":30,"key":"Replay:Rubber Ducky"},{"floor":41,"key":"PreservedInsect"},{"floor":42,"key":"War Paint"},{"floor":43,"key":"Letter Opener"},{"floor":46,"key":"Simple Rune"}],"event_choices":[{"damage_healed":0,"gold_gain":0,"player_choice":"Inject Mutagens","damage_taken":0,"relics_obtained":["MutagenicStrength"],"max_hp_gain":0,"max_hp_loss":0,"event_name":"Drug Dealer","floor":19,"gold_loss":0},{"damage_healed":0,"gold_gain":0,"player_choice":"Opened","damage_taken":0,"relics_obtained":["ReplayFunnel"],"max_hp_gain":0,"max_hp_loss":0,"event_name":"The Mausoleum","floor":20,"gold_loss":0,"cards_obtained":["Writhe"]},{"damage_healed":0,"gold_gain":0,"player_choice":"Fought Bandits","damage_taken":0,"max_hp_gain":0,"max_hp_loss":0,"event_name":"Masked Bandits","floor":22,"gold_loss":0},{"damage_healed":0,"gold_gain":0,"cards_transformed":["Strike_W"],"player_choice":"Transformed","damage_taken":0,"max_hp_gain":0,"max_hp_loss":0,"event_name":"Transmorgrifier","floor":36,"gold_loss":0,"cards_obtained":["Blood_Is_Power"]},{"damage_healed":0,"gold_gain":0,"player_choice":"Memory 1","damage_taken":0,"max_hp_gain":0,"max_hp_loss":0,"event_name":"SensoryStone","floor":44,"gold_loss":0}],"is_beta":false,"boss_relics":[{"not_picked":["Velvet Choker","ChewingGum"],"picked":"Replay:Wanted Poster"},{"not_picked":["Busted Crown","Calling Bell"],"picked":"Replay:Grab Bag"},{"not_picked":["Runic Dome","Fusion Hammer"],"picked":"Replay:Bronze Core"},{"not_picked":["Coffee Dripper","ReplayTheSpireMod:DimensionalGlitch"],"picked":"Abe\u0027s Treasure"},{"not_picked":["Empty Cage","Runic Pyramid"],"picked":"Replay:Drink Me"}],"items_purged_floors":[21,38],"is_endless":false,"potions_floor_spawned":[1,18,28,35,37,41],"ascension_level":1}}