{"host":"kwyq3wo3fj8d4s27","time":1613332266,"event":{"mods":["AchievementEnabler","BaseMod","Colored Map","Highlight Path","Minty Spire (QoL Compilation)","StSLib"],"gold_per_floor":[18,18,1040,1064,1064,1064,1103,1118,1143,1164,1190,1240,69,69,69,199,199,213,1578,1578,1578],"floor_reached":20,"language":"ENG","playtime":942,"items_purged":["Defend_B","Strike_B+1","Strike_B+1"],"score":362,"play_id":"94c6fd07-f83a-4052-b714-a53633ec912e","local_time":"20210214115106","is_ascension_mode":true,"campfire_choices":[{"data":"Dualcast","floor":6,"key":"SMITH"},{"data":"Loop","floor":15,"key":"SMITH"}],"circlet_count":8,"master_deck":["Defend_B+1","Defend_B+1","Defend_B+1","Zap","Dualcast+1","Electrodynamics","Machine Learning","Coolheaded+1","Glacier","Conserve Battery","Loop+1","Coolheaded","Echo Form+1","Redo"],"relics":["FrozenCore","Golden Idol","InkBottle","Whetstone","Oddly Smooth Stone","The Courier","Vajra","Odd Mushroom","Lantern","MealTicket","Orrery","Pantograph","HornCleat","War Paint","Bottled Tornado","Boot","PreservedInsect","Ancient Tea Set","Sundial","Potion Belt","Omamori","Bag of Marbles","Gremlin Horn","Happy Flower","Bird Faced Urn","Dream Catcher","Bag of Preparation","White Beast Statue","Orichalcum","Frozen Egg 2","Art of War","Eternal Feather","Anchor","Tiny Chest","Ornamental Fan","Centennial Puzzle","Prayer Wheel","Peace Pipe","Strawberry","Mango","Bottled Lightning","Toy Ornithopter","Matryoshka","Blood Vial","CaptainsWheel","Frozen Eye","Shovel","Regal Pillow","Nunchaku","Incense Burner","Molten Egg 2","Question Card","Mercury Hourglass","Darkstone Periapt","Juzu Bracelet","Bronze Scales","Pear","Toxic Egg 2","StoneCalendar","Shuriken","Mummified Hand","Torii","WingedGreaves","Pocketwatch","Meat on the Bone","Unceasing Top","FossilizedHelix","Ginger","TungstenRod","Thread and Needle","Ice Cream","Calipers","Lizard Tail","Circlet","Du-Vu Doll","Gambling Chip"],"acts_visited":["Exordium","TheCity"],"potions_floor_usage":[],"damage_taken":[{"damage":0,"enemies":"Small Slimes","floor":1,"turns":2},{"damage":1,"enemies":"Cultist","floor":4,"turns":3},{"damage":36,"enemies":"Gremlin Nob","floor":7,"turns":4},{"damage":6,"enemies":"Jaw Worm","floor":8,"turns":2},{"damage":0,"enemies":"Large Slime","floor":10,"turns":3},{"damage":20,"enemies":"The Mushroom Lair","floor":11,"turns":3},{"damage":16,"enemies":"Hexaghost","floor":16,"turns":16},{"damage":0,"enemies":"Shell Parasite","floor":18,"turns":5},{"damage":0,"enemies":"Chosen","floor":20,"turns":1}],"seed_played":"-845344180307333565","potions_obtained":[{"floor":4,"key":"Strength Potion"},{"floor":7,"key":"Weak Potion"},{"floor":8,"key":"PotionOfCapacity"},{"floor":16,"key":"ColorlessPotion"},{"floor":18,"key":"Fire Potion"}],"is_trial":false,"path_per_floor":["M","?","$","M","?","R","E","M","T","M","?","T","$","?","R","B",null,"M","$","M"],"character_chosen":"DEFECT","items_purchased":["InkBottle","Whetstone","MealTicket","Orrery","Pantograph","HornCleat","War Paint","Bottled Tornado","Boot","PreservedInsect","Ancient Tea Set","Sundial","Potion Belt","Omamori","Bag of Marbles","Gremlin Horn","Happy Flower","Bird Faced Urn","Dream Catcher","Bag of Preparation","White Beast Statue","Orichalcum","Frozen Egg 2","Art of War","Eternal Feather","Anchor","Tiny Chest","Ornamental Fan","Centennial Puzzle","Prayer Wheel","Peace Pipe","Strawberry","Mango","Bottled Lightning","Toy Ornithopter","Matryoshka","Blood Vial","CaptainsWheel","Frozen Eye","Shovel","Regal Pillow","Nunchaku","Incense Burner","Molten Egg 2","Question Card","Mercury Hourglass","Darkstone Periapt","Juzu Bracelet","Bronze Scales","Pear","Toxic Egg 2","StoneCalendar","Shuriken","Mummified Hand","Torii","WingedGreaves","Pocketwatch","Meat on the Bone","Unceasing Top","FossilizedHelix","Ginger","TungstenRod","Thread and Needle","Ice Cream","Calipers","Lizard Tail","Circlet","Circlet","Circlet","Circlet","Circlet","Circlet","Circlet","Circlet","Du-Vu Doll","Gambling Chip"],"campfire_rested":0,"item_purchase_floors":[3,3,13,13,13,13,13,13,13,13,13,13,13,13,13,13,13,13,13,13,13,13,13,13,13,13,13,13,13,13,13,13,13,13,13,13,13,19,19,19,19,19,19,19,19,19,19,19,19,19,19,19,19,19,19,19,19,19,19,19,19,19,19,19,19,19,19,19,19,19,19,19,19,19,19,19],"current_hp_per_floor":[75,57,57,56,56,56,20,75,75,75,55,55,76,57,63,80,96,96,106,106,106],"gold":1578,"neow_bonus":"TRANSFORM_TWO_CARDS","is_daily":false,"chose_seed":false,"campfire_upgraded":2,"win_rate":0.0,"timestamp":1613332266,"path_taken":["M","?","$","M","?","R","E","M","T","?","?","?","$","?","R","BOSS","M","$","M"],"items_purchased_type":["Relic","Relic","Relic","Relic","Relic","Relic","Relic","Relic","Relic","Relic","Relic","Relic","Relic","Relic","Relic","Relic","Relic","Relic","Relic","Relic","Relic","Relic","Relic","Relic","Relic","Relic","Relic","Relic","Relic","Relic","Relic","Relic","Relic","Relic","Relic","Relic","Relic","Relic","Relic","Relic","Relic","Relic","Relic","Relic","Relic","Relic","Relic","Relic","Relic","Relic","Relic","Relic","Relic","Relic","Relic","Relic","Relic","Relic","Relic","Relic","Relic","Relic","Relic","Relic","Relic","Relic","Undefined","Undefined","Undefined","Undefined","Undefined","Undefined","Undefined","Undefined","Relic","Relic"],"build_version":"2020-12-22","purchased_purges":3,"victory":false,"max_hp_per_floor":[75,75,75,75,75,75,75,75,75,75,75,75,96,96,96,96,96,96,106,106,106],"card_choices":[{"not_picked":["Stack","Chill","Rebound"],"picked":"SKIP","floor":1},{"not_picked":["Streamline","Consume","Undo"],"picked":"SKIP","floor":4},{"not_picked":["Conserve Battery","Steam"],"picked":"Machine Learning","floor":7},{"not_picked":["Tempest","Beam Cell"],"picked":"Coolheaded","floor":8},{"not_picked":["Leap","Beam Cell"],"picked":"Glacier","floor":10},{"not_picked":["Stack","Consume"],"picked":"Conserve Battery","floor":13},{"not_picked":["Gash","Leap"],"picked":"Loop","floor":13},{"not_picked":["Gash","Lockon"],"picked":"Coolheaded","floor":13},{"not_picked":["Creative AI+1","Multi-Cast"],"picked":"Echo Form+1","floor":16},{"not_picked":["Hologram","Double Energy"],"picked":"Redo","floor":18},{"not_picked":["Leap","Rebound","Turbo"],"picked":"SKIP","floor":18}],"player_experience":24962,"relics_obtained":[{"floor":7,"key":"The Courier"},{"floor":9,"key":"Vajra"},{"floor":11,"key":"Odd Mushroom"},{"floor":12,"key":"Lantern"}],"event_choices":[{"damage_healed":0,"gold_gain":0,"player_choice":"Take Damage","damage_taken":18,"relics_obtained":["Golden Idol"],"max_hp_gain":0,"max_hp_loss":0,"event_name":"Golden Idol","floor":2,"gold_loss":0},{"cards_removed":["Sweeping Beam"],"damage_healed":0,"gold_gain":0,"player_choice":"Gave Card","damage_taken":0,"relics_obtained":["Oddly Smooth Stone"],"max_hp_gain":0,"max_hp_loss":0,"event_name":"WeMeetAgain","floor":5,"gold_loss":0},{"damage_healed":0,"gold_gain":0,"player_choice":"Fought Mushrooms","damage_taken":0,"max_hp_gain":0,"max_hp_loss":0,"event_name":"Mushrooms","floor":11,"gold_loss":0},{"damage_healed":0,"gold_gain":0,"player_choice":"Entered Light","damage_taken":19,"max_hp_gain":0,"max_hp_loss":0,"event_name":"Shining Light","floor":14,"gold_loss":0,"cards_upgraded":["Defend_B","Coolheaded"]}],"is_beta":false,"boss_relics":[{"not_picked":["Nuclear Battery","Sozu"],"picked":"FrozenCore"}],"items_purged_floors":[3,13,19],"is_endless":false,"potions_floor_spawned":[4,7,8,16,18],"killed_by":"Chosen","ascension_level":2}}