{"host":"2hfs0yj465ilm2w6","time":1613310228,"event":{"mods":["BaseMod","Minty Spire (QoL Compilation)"],"gold_per_floor":[113,113,126,57,57,57,69,102,129,145,158,158,83,115,115,211,211,228,228,246,257,257,257,286,286,286,286,286],"floor_reached":27,"language":"ZHS","playtime":1486,"items_purged":["Regret"],"score":266,"play_id":"5f27d8d5-3496-4ef9-9911-fb99267ec45c","local_time":"20210214214348","is_ascension_mode":false,"campfire_choices":[{"data":"Metallicize","floor":6,"key":"SMITH"},{"floor":12,"key":"REST"},{"floor":15,"key":"REST"},{"data":"Juggernaut","floor":23,"key":"SMITH"},{"data":"Armaments","floor":25,"key":"SMITH"}],"circlet_count":0,"master_deck":["Defend_R","Defend_R","Defend_R","Defend_R","Bash","Decay","Master of Strategy","Entrench","Metallicize+1","Shrug It Off","Armaments+1","Juggernaut+1","Whirlwind","Reckless Charge","Impervious","Uppercut+1","Bite","Bite","Bite","Bite","Bite","Impervious"],"relics":["Burning Blood","Oddly Smooth Stone","CultistMask","MealTicket","Anchor","Black Star","Nloth\u0027s Gift","Bag of Marbles","PreservedInsect","Bag of Preparation"],"acts_visited":["Exordium","TheCity"],"potions_floor_usage":[16,18,18,20,27],"damage_taken":[{"damage":12,"enemies":"Jaw Worm","floor":1,"turns":4},{"damage":7,"enemies":"Cultist","floor":3,"turns":5},{"damage":6,"enemies":"Small Slimes","floor":7,"turns":5},{"damage":58,"enemies":"Lagavulin","floor":8,"turns":12},{"damage":11,"enemies":"2 Fungi Beasts","floor":10,"turns":7},{"damage":6,"enemies":"Red Slaver","floor":11,"turns":4},{"damage":23,"enemies":"Gremlin Nob","floor":14,"turns":5},{"damage":46,"enemies":"The Guardian","floor":16,"turns":13},{"damage":34,"enemies":"2 Thieves","floor":18,"turns":4},{"damage":8,"enemies":"Shell Parasite","floor":20,"turns":7},{"damage":18,"enemies":"Centurion and Healer","floor":21,"turns":9},{"damage":38,"enemies":"Book of Stabbing","floor":24,"turns":7},{"damage":18,"enemies":"Slavers","floor":27,"turns":3}],"seed_played":"-7337412217904647994","potions_obtained":[{"floor":8,"key":"AttackPotion"},{"floor":11,"key":"Ancient Potion"},{"floor":14,"key":"Explosive Potion"},{"floor":18,"key":"DistilledChaos"},{"floor":24,"key":"PowerPotion"}],"is_trial":false,"path_per_floor":["M","?","M","$","?","R","M","E","T","M","M","R","$","E","R","B",null,"M","?","M","M","?","R","E","R","T","E"],"character_chosen":"IRONCLAD","items_purchased":["Metallicize"],"campfire_rested":2,"item_purchase_floors":[4],"current_hp_per_floor":[74,74,73,73,73,73,73,21,21,16,16,40,55,38,62,22,80,52,52,50,38,38,38,16,16,16,0,0],"gold":286,"neow_bonus":"RANDOM_COLORLESS_2","is_daily":false,"chose_seed":false,"campfire_upgraded":3,"win_rate":0.0,"timestamp":1613310228,"path_taken":["M","?","M","$","?","R","M","E","T","?","M","R","$","E","R","BOSS","M","?","?","M","?","R","E","R","T","E"],"items_purchased_type":["Card"],"build_version":"2020-12-22","purchased_purges":1,"victory":false,"max_hp_per_floor":[80,80,80,80,80,80,80,80,80,80,80,80,80,80,80,80,80,80,80,80,80,56,56,56,56,56,56,56],"card_choices":[{"not_picked":["HandOfGreed","Secret Technique"],"picked":"Master of Strategy","floor":0},{"not_picked":["Armaments","Headbutt"],"picked":"Entrench","floor":1},{"not_picked":["Clothesline","Headbutt","Infernal Blade"],"picked":"SKIP","floor":3},{"not_picked":["Armaments","Sword Boomerang"],"picked":"Shrug It Off","floor":7},{"not_picked":["True Grit","Pommel Strike"],"picked":"Armaments","floor":8},{"not_picked":["Burning Pact","Shrug It Off"],"picked":"Juggernaut","floor":10},{"not_picked":["Clash","Heavy Blade"],"picked":"Whirlwind","floor":11},{"not_picked":["Inflame","Dropkick"],"picked":"Reckless Charge","floor":14},{"not_picked":["Offering","Double Tap"],"picked":"Impervious","floor":16},{"not_picked":["Searing Blow","Thunderclap","Inflame"],"picked":"SKIP","floor":18},{"not_picked":["Perfected Strike","Dark Embrace"],"picked":"Uppercut+1","floor":20},{"not_picked":["Carnage","Dark Embrace+1","Clash"],"picked":"SKIP","floor":21},{"not_picked":["Limit Break","Sword Boomerang"],"picked":"Impervious","floor":24}],"player_experience":15692,"relics_obtained":[{"floor":8,"key":"MealTicket"},{"floor":9,"key":"Anchor"},{"floor":14,"key":"Gremlin Horn"},{"floor":24,"key":"Bag of Marbles"},{"floor":24,"key":"PreservedInsect"},{"floor":26,"key":"Bag of Preparation"}],"event_choices":[{"damage_healed":0,"gold_gain":0,"player_choice":"Box","damage_taken":0,"relics_obtained":["Oddly Smooth Stone"],"max_hp_gain":0,"max_hp_loss":0,"event_name":"Big Fish","floor":2,"gold_loss":0,"cards_obtained":["Regret"]},{"damage_healed":0,"gold_gain":0,"player_choice":"Trade","damage_taken":0,"relics_obtained":["CultistMask"],"max_hp_gain":0,"max_hp_loss":0,"event_name":"FaceTrader","floor":5,"gold_loss":0},{"damage_healed":0,"gold_gain":0,"player_choice":"Traded Relic","damage_taken":0,"relics_obtained":["Nloth\u0027s Gift"],"max_hp_gain":0,"max_hp_loss":0,"event_name":"N\u0027loth","floor":19,"relics_lost":["Gremlin Horn"],"gold_loss":0},{"damage_healed":0,"gold_gain":0,"player_choice":"Became a vampire","damage_taken":0,"max_hp_gain":0,"max_hp_loss":24,"event_name":"Vampires","floor":22,"gold_loss":0,"cards_obtained":["Bite","Bite","Bite","Bite","Bite"]}],"is_beta":false,"boss_relics":[{"not_picked":["Mark of Pain","Runic Dome"],"picked":"Black Star"}],"items_purged_floors":[13],"is_endless":false,"potions_floor_spawned":[8,11,14,18,24],"killed_by":"Slavers","ascension_level":0}}