{"host":"9ndbo4kgsfoemf7y","time":1613309929,"event":{"mods":["AchievementEnabler","BaseMod","Colored Map","DeckTracker","Keyboard Shortcuts","Minty Spire (QoL Compilation)","Permanent Neow","Quick Restart","Relic Stats","StSLib","SuperFastMode"],"gold_per_floor":[10,285,299,299,319,348,348,348,348],"floor_reached":8,"language":"KOR","playtime":194,"items_purged":[],"score":81,"play_id":"bd9cad78-3244-4aa2-8ca2-7ec37143581a","local_time":"20210214223849","is_ascension_mode":true,"campfire_choices":[{"floor":7,"key":"REST"}],"circlet_count":0,"master_deck":["Strike_B","Strike_B","Strike_B","Strike_B","Defend_B","Defend_B","Defend_B","Defend_B","Zap","Dualcast","Double Energy","Regret","Streamline","Loop","Reboot"],"relics":["Cracked Core","Girya","Bird Faced Urn","Lantern"],"acts_visited":["Exordium"],"potions_floor_usage":[],"damage_taken":[{"damage":8,"enemies":"Small Slimes","floor":1,"turns":3},{"damage":2,"enemies":"Cultist","floor":3,"turns":3},{"damage":7,"enemies":"2 Louse","floor":5,"turns":3},{"damage":43,"enemies":"3 Sentries","floor":6,"turns":8},{"damage":61,"enemies":"Gremlin Nob","floor":8,"turns":4}],"seed_played":"1886260797765037581","potions_obtained":[],"is_trial":false,"path_per_floor":["M","?","M","T","M","E","R","E"],"character_chosen":"DEFECT","items_purchased":[],"campfire_rested":1,"item_purchase_floors":[],"current_hp_per_floor":[60,60,58,58,51,10,32,0,0],"gold":348,"neow_bonus":"ONE_RARE_RELIC","is_daily":false,"chose_seed":false,"campfire_upgraded":0,"win_rate":0.0,"timestamp":1613309929,"path_taken":["M","?","?","?","M","E","R","E"],"items_purchased_type":[],"build_version":"2020-12-22","purchased_purges":0,"victory":false,"max_hp_per_floor":[75,75,75,75,75,75,75,75,75],"relic_stats":{"counters":[5,21],"Bird Faced Urn":[4],"obtain_stats":[{"Girya":0,"Lantern":6,"Bird Faced Urn":4,"Cracked Core":0},{"Girya":0,"Lantern":4,"Bird Faced Urn":2,"Cracked Core":0},{"Girya":0,"Lantern":17,"Bird Faced Urn":6,"Cracked Core":0}]},"card_choices":[{"not_picked":["Go for the Eyes","Streamline"],"picked":"Double Energy","floor":1},{"not_picked":["Beam Cell","Ball Lightning"],"picked":"Streamline","floor":3},{"not_picked":["Melter","BootSequence"],"picked":"Loop","floor":5},{"not_picked":["Coolheaded","Rebound"],"picked":"Reboot","floor":6}],"player_experience":866235,"relics_obtained":[{"floor":4,"key":"Bird Faced Urn"},{"floor":6,"key":"Lantern"}],"event_choices":[{"damage_healed":0,"gold_gain":275,"player_choice":"Desecrate","damage_taken":0,"max_hp_gain":0,"max_hp_loss":0,"event_name":"Golden Shrine","floor":2,"gold_loss":0,"cards_obtained":["Regret"]}],"is_beta":false,"boss_relics":[],"items_purged_floors":[],"is_endless":false,"potions_floor_spawned":[],"killed_by":"Gremlin Nob","ascension_level":9}}