{"host":"v0xbo920qxoewo3e","time":1613297932,"event":{"mods":["Act Like it!","Aspiration","Astrologer","BaseMod","Conspire","Downfall","Friendly Minions","GifTheSpireLib","Halation","Hermit","Hubris","Infinite Spire","Jedi Mod","Jorbs\u0027s Wanderer Trilogy","Koishi","Marisa????????","Minty Spire (QoL Compilation)","Potionbrewer","Rare Cards Sparkle","Reimu??????","Remilia??????","Replay The Spire","StSLib","Stuff the Spire","The Animator","The Blackbeard","The Bladedancer","The Bug Knight","The Construct","The Cursed","The Disciple","The Gatherer","The Jungle","The Problem Sleuth","The Runesmith","The Servant 0.9.4","TheBandit","Unceasing Turn Reminder"],"gold_per_floor":[112,132,9,9,23,23,34,34,34,52,52,68,68,88,88,184,184,198,209,224,239,239,274,286,286,309,322,322,337,337,370,370,370,370],"floor_reached":33,"language":"ENG","playtime":1761,"items_purged":["Strike_B","Strike_B"],"score":450,"play_id":"29d70c1b-53e1-4493-b499-cd2e73f106ba","local_time":"20210214121852","is_ascension_mode":true,"campfire_choices":[{"data":"jedi:hex","floor":6,"key":"SMITH"},{"data":"Sunder","floor":8,"key":"SMITH"},{"data":"Melter","floor":11,"key":"SMITH"},{"data":"Beam Cell","floor":13,"key":"SMITH"},{"data":"Skim","floor":15,"key":"SMITH"},{"floor":25,"key":"REST"},{"data":"ReplayTheSpireMod:Omega Cannon","floor":30,"key":"SMITH"},{"floor":32,"key":"REST"}],"circlet_count":0,"master_deck":["AscendersBane","Strike_B+1","Strike_B","Defend_B","Defend_B","Defend_B","Defend_B","Zap+1","Dualcast","jedi:forcepush","jedi:hex+1","Melter+1","Go for the Eyes","Reinforced Body","Beam Cell+1","Sunder+1","Auto Shields","Skim+1","All For One","Streamline","Steam+1","ReplayGash","ReplayTheSpireMod:Omega Cannon+1","FTL","Leap"],"relics":["Cracked Core","potionbrewer:RamsHorn","Odd Mushroom","jedi:battlestandard","construct:RocketBooster","jedi:crownofsimplicity","Blood Vial","StuffTheSpire:Gunfinga","jedi:matchstick"],"acts_visited":["Exordium","TheCity"],"potions_floor_usage":[23,23,33,33],"damage_taken":[{"damage":3,"enemies":"2 Louse","floor":1,"turns":3},{"damage":0,"enemies":"conspire:RoseBush","floor":2,"turns":2},{"damage":0,"enemies":"Small Slimes","floor":5,"turns":3},{"damage":4,"enemies":"Blue Slaver","floor":7,"turns":2},{"damage":1,"enemies":"2 Fungi Beasts","floor":10,"turns":3},{"damage":3,"enemies":"Looter","floor":12,"turns":2},{"damage":1,"enemies":"The Mushroom Lair","floor":14,"turns":3},{"damage":38,"enemies":"Fading Forest","floor":16,"turns":11},{"damage":9,"enemies":"2 Thieves","floor":18,"turns":4},{"damage":0,"enemies":"3 Byrds","floor":19,"turns":4},{"damage":9,"enemies":"conspire:HollyBat","floor":20,"turns":7},{"damage":7,"enemies":"Centurion and Healer","floor":21,"turns":4},{"damage":6,"enemies":"Book of Stabbing","floor":23,"turns":4},{"damage":8,"enemies":"Snake Plant","floor":24,"turns":2},{"damage":0,"enemies":"Sentry and Sphere","floor":27,"turns":2},{"damage":0,"enemies":"3 Cultists","floor":29,"turns":4},{"damage":17,"enemies":"Gremlin Leader","floor":31,"turns":5},{"damage":66,"enemies":"Collector","floor":33,"turns":7}],"seed_played":"-8747998437816691388","potions_obtained":[{"floor":5,"key":"jedi:tentaclejuice"},{"floor":7,"key":"potionbrewer:InfectionPotion"},{"floor":23,"key":"Weak Potion"},{"floor":29,"key":"bronze:BurnAndBuffPotion"}],"is_trial":false,"path_per_floor":["M","M","$","?","M","R","M","R","T","M","R","M","R","?","R","B",null,"M","M","M","M","AVR","E","M","R","T","M","?","M","R","E","R","B"],"character_chosen":"DEFECT","items_purchased":["Go for the Eyes"],"campfire_rested":2,"item_purchase_floors":[3],"current_hp_per_floor":[65,65,65,65,65,65,61,61,61,60,60,57,57,56,56,26,63,54,54,45,38,38,32,24,46,46,48,48,50,50,35,57,0,0],"gold":370,"neow_bonus":"RANDOM_COLORLESS","is_daily":false,"chose_seed":false,"campfire_upgraded":6,"win_rate":0.0,"timestamp":1613297932,"path_taken":["M","M","$","?","M","R","M","R","T","M","R","M","R","?","R","BOSS","M","M","M","M","AVR","E","M","R","T","M","?","M","R","E","R","BOSS"],"items_purchased_type":["Card"],"build_version":"2020-12-22","purchased_purges":2,"victory":false,"max_hp_per_floor":[75,75,75,75,75,75,75,75,75,75,75,75,75,75,75,75,75,75,75,75,75,75,75,75,75,75,75,75,75,75,75,75,75,75],"card_choices":[{"not_picked":["Dramatic Entrance","ReplayTheSpireMod:Private Reserves"],"picked":"jedi:forcepush","floor":0},{"not_picked":["conspire:SharedLibrary","Barrage"],"picked":"jedi:hex","floor":1},{"not_picked":["Hologram","jedi:reiji"],"picked":"Melter","floor":2},{"not_picked":["Force Field","jedi:markofdeath"],"picked":"Beam Cell","floor":5},{"not_picked":["Reinforced Body","Recycle"],"picked":"Sunder","floor":7},{"not_picked":["StuffTheSpire:LoadUp","Capacitor"],"picked":"Auto Shields","floor":10},{"not_picked":["StuffTheSpire:Synthwave","conspire:SharedLibrary","jedi:blockon"],"picked":"SKIP","floor":12},{"not_picked":["ReplayTheSpireMod:Reroute Power","hubris:SpecializedCircuitry"],"picked":"Skim","floor":14},{"not_picked":["Rainbow","Amplify"],"picked":"All For One","floor":16},{"not_picked":["jedi:BurstFrost","Auto Shields","Beam Cell"],"picked":"SKIP","floor":18},{"not_picked":["Blizzard","StuffTheSpire:Plugnplay"],"picked":"Streamline","floor":19},{"not_picked":["Panic Button","ReplaySolidLightProjector"],"picked":"Steam+1","floor":20},{"not_picked":["StuffTheSpire:LoadUp","Barrage","Beam Cell"],"picked":"SKIP","floor":21},{"not_picked":["Ball Lightning","Turbo"],"picked":"ReplayGash","floor":23},{"not_picked":["Streamline+1","FTL"],"picked":"ReplayTheSpireMod:Omega Cannon","floor":24},{"not_picked":["Rebound","ReplayTheSpireMod:Dual Polarity"],"picked":"FTL","floor":27},{"not_picked":["StuffTheSpire:LoadUp","Panic Button","StuffTheSpire:NuclearReactor"],"picked":"SKIP","floor":29},{"not_picked":["jedi:BurstFrost+1","jedi:studyfrost"],"picked":"Leap","floor":31}],"player_experience":1488166,"relics_obtained":[{"floor":9,"key":"potionbrewer:RamsHorn"},{"floor":14,"key":"Odd Mushroom"},{"floor":23,"key":"jedi:crownofsimplicity"},{"floor":26,"key":"Blood Vial"},{"floor":28,"key":"StuffTheSpire:Gunfinga"},{"floor":31,"key":"jedi:matchstick"}],"event_choices":[{"damage_healed":0,"gold_gain":0,"player_choice":"Fought Mushrooms","damage_taken":0,"max_hp_gain":0,"max_hp_loss":0,"event_name":"Mushrooms","floor":14,"gold_loss":0}],"is_beta":false,"boss_relics":[{"not_picked":["Calling Bell","hubris:BlackHole"],"picked":"jedi:battlestandard"}],"items_purged_floors":[3,22],"is_endless":false,"potions_floor_spawned":[5,7,12,14,16,19,21,23,29],"killed_by":"Collector","ascension_level":12}}