{"host":"CarrotHands","time":1613297935,"event":{"mods":["BaseMod","Minty Spire (QoL Compilation)","Relic Stats","StSLib"],"gold_per_floor":[115,134,145,162,162,162,172,207,207,207,219,232,232,264,264,338,338,352,367,367,367,367,367,367,367],"floor_reached":24,"language":"ENG","playtime":1489,"items_purged":[],"score":516,"play_id":"69fc6edf-79dd-4d6c-b782-76673b22ea6b","local_time":"20210214021855","is_ascension_mode":true,"campfire_choices":[{"data":"Streamline","floor":6.0,"key":"SMITH"},{"floor":10.0,"key":"REST"},{"floor":13.0,"key":"REST"},{"data":"Sweeping Beam","floor":15.0,"key":"SMITH"},{"data":"Creative AI","floor":23,"key":"SMITH"}],"circlet_count":0,"master_deck":["AscendersBane","Strike_B","Strike_B","Defend_B","Defend_B","Defend_B","Defend_B","Zap","Dualcast","Ball Lightning","Sweeping Beam+1","Streamline+1","Genetic Algorithm","White Noise","Electrodynamics","Cold Snap","Turbo","Creative AI+1"],"relics":["Cracked Core","Blood Vial","Dead Branch","Ginger","Nuclear Battery","Lantern"],"acts_visited":["Exordium","TheCity"],"potions_floor_usage":[16],"damage_taken":[{"damage":4.0,"enemies":"Small Slimes","floor":1.0,"turns":6.0},{"damage":0.0,"enemies":"Cultist","floor":2.0,"turns":3.0},{"damage":1.0,"enemies":"2 Louse","floor":3.0,"turns":3.0},{"damage":7.0,"enemies":"Looter","floor":4.0,"turns":3.0},{"damage":12.0,"enemies":"Blue Slaver","floor":7.0,"turns":3.0},{"damage":20.0,"enemies":"Lagavulin","floor":8.0,"turns":6.0},{"damage":19.0,"enemies":"Exordium Wildlife","floor":11.0,"turns":3.0},{"damage":15.0,"enemies":"Exordium Thugs","floor":12.0,"turns":4.0},{"damage":6.0,"enemies":"Gremlin Nob","floor":14.0,"turns":3.0},{"damage":0,"enemies":"Slime Boss","floor":16,"turns":5},{"damage":0,"enemies":"Spheric Guardian","floor":18,"turns":3},{"damage":19,"enemies":"2 Thieves","floor":19,"turns":3},{"damage":45,"enemies":"Book of Stabbing","floor":24,"turns":4}],"seed_played":"-4811467032347290777","potions_obtained":[{"floor":7.0,"key":"FocusPotion"},{"floor":12.0,"key":"SteroidPotion"},{"floor":14.0,"key":"AttackPotion"},{"floor":16,"key":"BlessingOfTheForge"}],"is_trial":false,"path_per_floor":["M","M","M","M","?","R","M","E","T","R","M","M","R","E","R","B",null,"M","M","T","?","?","R","E"],"character_chosen":"DEFECT","items_purchased":[],"campfire_rested":2,"item_purchase_floors":[],"current_hp_per_floor":[60,60,59,52,52,52,40,20,20,39,22,9,28,24,24,26,55,57,40,40,40,40,40,0,0],"gold":367,"neow_bonus":"REMOVE_TWO","is_daily":false,"chose_seed":false,"campfire_upgraded":3,"win_rate":0.0,"timestamp":1613297935,"path_taken":["M","M","M","M","?","R","M","E","T","R","M","M","R","E","R","BOSS","M","M","?","?","?","R","E"],"items_purchased_type":[],"build_version":"2020-12-18","purchased_purges":0,"victory":false,"max_hp_per_floor":[64,64,64,64,64,64,64,64,64,64,64,64,64,64,64,64,64,64,64,64,64,64,64,64,64],"relic_stats":{"Blood Vial":14,"counters":[13,49],"Dead Branch":[18],"Ginger":[0],"obtain_stats":[{"Blood Vial":8,"Lantern":20,"Dead Branch":9,"Ginger":14,"Cracked Core":0,"Nuclear Battery":17},{"Blood Vial":6,"Lantern":12,"Dead Branch":6,"Ginger":9,"Cracked Core":0,"Nuclear Battery":10},{"Blood Vial":24,"Lantern":45,"Dead Branch":24,"Ginger":34,"Cracked Core":0,"Nuclear Battery":39}]},"card_choices":[{"not_picked":["Leap","Loop"],"picked":"Ball Lightning","floor":1.0},{"not_picked":["Hologram","Lockon"],"picked":"Sweeping Beam","floor":2.0},{"not_picked":["Recycle","Leap"],"picked":"Streamline","floor":3.0},{"not_picked":["Steam","Doom and Gloom"],"picked":"Genetic Algorithm","floor":4.0},{"not_picked":["Barrage","Capacitor"],"picked":"White Noise","floor":7.0},{"not_picked":["Gash","Compile Driver"],"picked":"Electrodynamics","floor":8.0},{"not_picked":["Rebound","Reprogram"],"picked":"Cold Snap","floor":11.0},{"not_picked":["Rebound","Stack"],"picked":"Turbo","floor":12.0},{"not_picked":["Rebound","Ball Lightning","Steam Power"],"picked":"SKIP","floor":14.0},{"not_picked":["All For One","Buffer"],"picked":"Creative AI","floor":16},{"not_picked":["Chill","Rebound","Cold Snap"],"picked":"SKIP","floor":18},{"not_picked":["Aggregate","Steam Power","Barrage"],"picked":"SKIP","floor":19}],"player_experience":3146663,"relics_obtained":[{"floor":8.0,"key":"Blood Vial"},{"floor":9.0,"key":"Dead Branch"},{"floor":14.0,"key":"Ginger"},{"floor":20,"key":"Lantern"}],"event_choices":[{"damage_healed":0.0,"max_hp_gain":0.0,"max_hp_loss":0.0,"gold_gain":0.0,"event_name":"Match and Keep!","player_choice":"0 cards matched","floor":5.0,"gold_loss":0.0,"damage_taken":0.0,"cards_obtained":[]},{"damage_healed":0,"gold_gain":0,"player_choice":"Ignored","damage_taken":0,"max_hp_gain":0,"max_hp_loss":0,"event_name":"Vampires","floor":21,"gold_loss":0},{"damage_healed":0,"gold_gain":0,"player_choice":"Ignored","damage_taken":0,"max_hp_gain":0,"max_hp_loss":0,"event_name":"The Mausoleum","floor":22,"gold_loss":0}],"is_beta":true,"boss_relics":[{"not_picked":["Cursed Key","SlaversCollar"],"picked":"Nuclear Battery"}],"items_purged_floors":[],"is_endless":false,"potions_floor_spawned":[7,12,14,16],"killed_by":"Book of Stabbing","ascension_level":20}}