{"host":"684z1xpuwaoqmmh1","time":1613320884,"event":{"mods":["A Magickal Journey","BaseMod","Downfall","Hermit","Jorbs\u0027s Wanderer Trilogy","Marisa????????","Minty Spire (QoL Compilation)","Robot Space Explorer","Shade Mod","StSLib","The Bug Knight","The Dragon Tamer","The Elementalist","The Hayseed","The Hierophant","The Marked","The Mystic","The Runesmith","The Saiyan","The Senshi","The Spell Scribe","The Vixen","TheBandit","TheFirefly"],"gold_per_floor":[109,159,173,192,210,210,245,245,300,300,300,300,300,311,311,387,387,404,417,36,36,56,56,91,41,68,83,94,114,114,148,148,224,224,241,261,92,439,457,457,457,457],"floor_reached":41,"language":"ENG","playtime":2230,"items_purged":["theSenshi:SailorKick","theSenshi:SailorBlock"],"score":844,"play_id":"bafbb6dd-7564-49d2-b776-7a29f878215d","local_time":"20210214184124","is_ascension_mode":true,"campfire_choices":[{"data":"theSenshi:RoseThrow","floor":6.0,"key":"SMITH"},{"data":"theSenshi:StarlightHoneymoonTherapyKiss","floor":8.0,"key":"SMITH"},{"data":"theSenshi:SailorPlanetAttack","floor":10.0,"key":"SMITH"},{"floor":12.0,"key":"REST"},{"data":"theSenshi:SaturnsMystery","floor":15.0,"key":"SMITH"},{"data":"theSenshi:IWillPunishYou","floor":23,"key":"SMITH"},{"floor":30,"key":"REST"},{"data":"theSenshi:TuxedoMaskAssists","floor":32,"key":"SMITH"},{"floor":40,"key":"RECALL"}],"circlet_count":0,"master_deck":["AscendersBane","theSenshi:SailorKick","theSenshi:SailorKick","theSenshi:SailorBlock+1","theSenshi:SailorBlock","theSenshi:SailorBlock","theSenshi:RoseThrow+1","theSenshi:MoonPrismPowerMakeUp","theSenshi:SailorJupiterAssists+1","theSenshi:SaturnsMystery+1","theSenshi:SailorPlanetAttack+1","theSenshi:StarlightHoneymoonTherapyKiss+1","theSenshi:MoonKick","theSenshi:MoonPunch","theSenshi:IWillPunishYou+1","theSenshi:SailorMercuryAssists","theSenshi:KlutzyLuck+1","theSenshi:TuxedoMaskAssists+1","theSenshi:WarriorOfTheMoon","theSenshi:SailorPlanetAttack+1","theSenshi:MoonHealingEscalation","theSenshi:FatedKiss+1","theSenshi:MoonPunch+1"],"relics":["theSenshi:TransformationBroochRelic","Shuriken","Bag of Preparation","sneckomod:SneckoTalon","Frozen Egg 2","Smiling Mask","theSenshi:CrystalStarRelic","Busted Crown","TheAbacus","Old Coin"],"acts_visited":["Exordium","TheCity","TheBeyond"],"potions_floor_usage":[22,24,39],"damage_taken":[{"damage":0.0,"enemies":"Jaw Worm","floor":1.0,"turns":5.0},{"damage":0.0,"enemies":"2 Louse","floor":3.0,"turns":3.0},{"damage":0.0,"enemies":"Cultist","floor":4.0,"turns":4.0},{"damage":23.0,"enemies":"Exordium Thugs","floor":5.0,"turns":7.0},{"damage":52.0,"enemies":"3 Sentries","floor":7.0,"turns":12.0},{"damage":5.0,"enemies":"3 Louse","floor":14.0,"turns":4.0},{"damage":33.0,"enemies":"Slime Boss","floor":16.0,"turns":9.0},{"damage":35.0,"enemies":"3 Byrds","floor":18.0,"turns":6.0},{"damage":0,"enemies":"Chosen","floor":19,"turns":3},{"damage":7,"enemies":"Snecko","floor":22,"turns":6},{"damage":29,"enemies":"Book of Stabbing","floor":24,"turns":7},{"damage":6,"enemies":"Chosen and Byrds","floor":27,"turns":5},{"damage":40,"enemies":"Sentry and Sphere","floor":28,"turns":7},{"damage":4,"enemies":"Centurion and Healer","floor":29,"turns":6},{"damage":16,"enemies":"Slavers","floor":31,"turns":7},{"damage":34,"enemies":"Collector","floor":33,"turns":10},{"damage":6,"enemies":"3 Darklings","floor":35,"turns":7},{"damage":8,"enemies":"3 Shapes","floor":36,"turns":5},{"damage":23,"enemies":"2 Orb Walkers","floor":38,"turns":6},{"damage":17,"enemies":"3 Darklings","floor":39,"turns":6},{"damage":111,"enemies":"Reptomancer","floor":41,"turns":10}],"seed_played":"-7918170601226912929","potions_obtained":[{"floor":5.0,"key":"GamblersBrew"},{"floor":7.0,"key":"sneckomod:MuddlingPotion"},{"floor":16.0,"key":"Guardian:BlockOnCardUsePotion"},{"floor":18.0,"key":"ColorlessPotion"},{"floor":22,"key":"Ancient Potion"},{"floor":27,"key":"Ancient Potion"},{"floor":33,"key":"Regen Potion"},{"floor":39,"key":"LiquidBronze"}],"is_trial":false,"path_per_floor":["M","?","M","M","M","R","E","R","T","R","?","R","?","M","R","B",null,"M","M","$","?","M","R","E","$","T","M","M","M","R","E","R","B",null,"M","M","$","?","M","R","E"],"character_chosen":"THE_SENSHI","items_purchased":["Frozen Egg 2","theSenshi:KlutzyLuck+1","TheAbacus"],"campfire_rested":2,"item_purchase_floors":[20,20,37],"current_hp_per_floor":[75,75,75,82,72,72,34,34,34,34,9,33,33,28,28,17,66,43,61,61,37,41,41,36,36,36,48,8,26,52,36,36,28,72,81,79,79,63,83,83,0,0],"gold":457,"neow_bonus":"TEN_PERCENT_HP_BONUS","is_daily":false,"chose_seed":false,"campfire_upgraded":6,"win_rate":0.0,"timestamp":1613320884,"path_taken":["M","?","M","M","M","R","E","R","T","R","?","R","?","M","R","BOSS","M","M","?","?","M","R","E","$","T","M","M","M","R","E","R","BOSS","M","M","$","?","M","R","E"],"items_purchased_type":["Relic","Card","Relic"],"build_version":"2020-12-22","purchased_purges":2,"victory":false,"max_hp_per_floor":[82,82,82,82,82,82,82,82,82,82,82,82,82,82,82,82,82,82,82,82,87,87,87,87,87,87,87,87,87,87,87,87,87,87,87,87,87,87,87,87,87,87],"card_choices":[{"not_picked":["theSenshi:MoonKick","theSenshi:MoonPrincessHalation"],"picked":"theSenshi:SailorJupiterAssists","floor":1.0},{"not_picked":["theSenshi:MoonPrincessHalation","theSenshi:MoonPunch"],"picked":"theSenshi:SaturnsMystery","floor":3.0},{"not_picked":["theSenshi:EncouragingSpeech","theSenshi:RainbowMoonHeartAche"],"picked":"theSenshi:SailorPlanetAttack","floor":4.0},{"not_picked":["theSenshi:SailorNeptuneAssists","theSenshi:UranusStrength"],"picked":"theSenshi:StarlightHoneymoonTherapyKiss","floor":5.0},{"not_picked":["theSenshi:SailorPlanetPower","theSenshi:NeptunesGrace"],"picked":"theSenshi:MoonKick","floor":7.0},{"not_picked":["theSenshi:SailorChibiMoonAssists","theSenshi:TuxedoSmokingBomber"],"picked":"theSenshi:MoonPunch","floor":14.0},{"not_picked":["theSenshi:FatedKiss","theSenshi:SailorStarHealerAssists"],"picked":"theSenshi:IWillPunishYou","floor":16.0},{"not_picked":["theSenshi:LunaWiseMentor","theSenshi:SteeledNerves","theSenshi:NeptunesGrace"],"picked":"SKIP","floor":18.0},{"not_picked":["theSenshi:Sidestep","theSenshi:SchoolBag"],"picked":"theSenshi:SailorMercuryAssists","floor":19},{"not_picked":["theSenshi:TuxedoSmokingBomber","theSenshi:RainbowMoonHeartAche","theSenshi:Sidestep"],"picked":"SKIP","floor":22},{"not_picked":["theSenshi:TuxedoSmokingBomber","theSenshi:TallSilhouette"],"picked":"theSenshi:TuxedoMaskAssists","floor":24},{"not_picked":["theSenshi:MoonHealingEscalation","theSenshi:MoonPrincessHalation"],"picked":"theSenshi:WarriorOfTheMoon","floor":27},{"not_picked":["theSenshi:MoonKick+1","theSenshi:LateForSchool","theSenshi:SailorJupiterAssists"],"picked":"SKIP","floor":28},{"not_picked":["theSenshi:YouCanTalk","theSenshi:MoonsReflection"],"picked":"theSenshi:SailorPlanetAttack+1","floor":29},{"not_picked":["theSenshi:MoonPunch","theSenshi:TuxedoSmokingBomber"],"picked":"theSenshi:MoonHealingEscalation","floor":31},{"not_picked":["theSenshi:ChibiMoonsLove","theSenshi:LunaSensingAllies"],"picked":"theSenshi:FatedKiss+1","floor":33},{"not_picked":["theSenshi:EncouragingSpeech"],"picked":"SKIP","floor":35},{"not_picked":["theSenshi:SupersonicWaves"],"picked":"SKIP","floor":36},{"not_picked":[],"picked":"theSenshi:MoonPunch+1","floor":38},{"not_picked":["theSenshi:EncouragingSpeech"],"picked":"SKIP","floor":39}],"player_experience":3287457,"relics_obtained":[{"floor":7.0,"key":"Shuriken"},{"floor":9.0,"key":"Bag of Preparation"},{"floor":24,"key":"Smiling Mask"},{"floor":31,"key":"theSenshi:CrystalStarRelic"},{"floor":38,"key":"Old Coin"}],"event_choices":[{"damage_healed":0.0,"max_hp_gain":0.0,"max_hp_loss":0.0,"gold_gain":0.0,"event_name":"Shining Light","player_choice":"Entered Light","floor":11.0,"gold_loss":0.0,"damage_taken":25.0,"cards_upgraded":["theSenshi:SailorBlock","theSenshi:SailorJupiterAssists"]},{"cards_removed":["theSenshi:SailorKick"],"damage_healed":0.0,"max_hp_gain":0.0,"max_hp_loss":0.0,"gold_gain":0.0,"event_name":"Purifier","player_choice":"Purged","floor":13.0,"gold_loss":0.0,"damage_taken":0.0},{"damage_healed":0,"gold_gain":0,"player_choice":"Shed Blood","damage_taken":29,"max_hp_gain":5,"max_hp_loss":0,"event_name":"Forgotten Altar","floor":21,"gold_loss":0},{"damage_healed":0,"gold_gain":0,"player_choice":"Fight","damage_taken":0,"max_hp_gain":0,"max_hp_loss":0,"event_name":"Mysterious Sphere","floor":38,"gold_loss":0}],"is_beta":false,"boss_relics":[{"not_picked":["Philosopher\u0027s Stone","Tiny House"],"picked":"sneckomod:SneckoTalon"},{"not_picked":["Astrolabe","SacredBark"],"picked":"Busted Crown"}],"items_purged_floors":[20,25],"is_endless":false,"potions_floor_spawned":[5,7,16,18,22,27,33,38,39],"killed_by":"Reptomancer","ascension_level":19}}