{"host":"n605f8gctjc87d7h","time":1613328747,"event":{"mods":["Aspiration","Bard","BaseMod","Better Match","Better Note","Better Skull","Better Third Choice","Conspire","Downfall","Halation","Hermit","Infinite Spire","Minty Spire (QoL Compilation)","Reliquary","Replay The Spire","Retaliation","Shade Mod","Spicy Shops","StSLib","The IronCluck","The Jungle","The Runesmith"],"gold_per_floor":[115,115,40,40,57,57,90,104,178,188,188,219,53,71,71,145,145,159,84,84,99,99,99,99],"floor_reached":23,"language":"ENG","playtime":1298,"items_purged":["Shame"],"score":368,"play_id":"2395f89a-9e41-4a77-a66c-6c6081af3893","local_time":"20210214105227","is_ascension_mode":true,"campfire_choices":[{"floor":6,"key":"REST"},{"floor":11,"key":"REST"},{"data":"Streamline","floor":15,"key":"SMITH"}],"circlet_count":0,"master_deck":["AscendersBane","Strike_B","Strike_B","Strike_B","Defend_B","Defend_B","Zap","Dualcast","Conserve Battery","Capacitor","Gash","Glacier","Darkness","Streamline+1","Fission","betterMatch:CurseCard","Hallucinations","Decay","Compile Driver"],"relics":["Cracked Core","TungstenRod","Snack Pack","Replay:Towering Pillar of Hats","Bag of Preparation","Replay:Ancient Bell","reliquary:Aerogel","conspire:DeflatedDodgeball","Ice Cream"],"acts_visited":["Exordium","TheCity"],"potions_floor_usage":[7,12,23],"damage_taken":[{"damage":6,"enemies":"2 Louse","floor":1,"turns":2},{"damage":5,"enemies":"Small Slimes","floor":5,"turns":3},{"damage":20,"enemies":"Gremlin Nob","floor":7,"turns":4},{"damage":0,"enemies":"conspire:RoseBush","floor":8,"turns":4},{"damage":8,"enemies":"Red Slaver","floor":10,"turns":3},{"damage":5,"enemies":"Replay:BlueRogue","floor":12,"turns":7},{"damage":0,"enemies":"3 Louse","floor":14,"turns":5},{"damage":33,"enemies":"Hexaghost","floor":16,"turns":11},{"damage":27,"enemies":"3 Byrds","floor":18,"turns":6},{"damage":35,"enemies":"Chosen","floor":21,"turns":5},{"damage":10,"enemies":"Replay:Snechameleon","floor":23,"turns":1}],"seed_played":"-7432633542848800267","potions_obtained":[{"floor":1,"key":"FocusPotion"},{"floor":5,"key":"FocusPotion"},{"floor":8,"key":"sneckomod:MuddlingPotion"},{"floor":21,"key":"Regen Potion"}],"is_trial":false,"path_per_floor":["M","?","?","?","M","R","E","M","T","M","R","E","$","M","R","B",null,"M","$","?","M","$","E"],"character_chosen":"DEFECT","items_purchased":["Bag of Preparation"],"campfire_rested":2,"item_purchase_floors":[13],"current_hp_per_floor":[58,58,58,58,53,71,51,51,51,43,64,61,61,61,61,32,61,36,36,36,3,3,0,0],"gold":99,"neow_bonus":"REMOVE_CARD","is_daily":false,"chose_seed":false,"campfire_upgraded":1,"win_rate":0.0,"timestamp":1613328747,"path_taken":["M","?","?","?","M","R","E","M","T","M","R","E","$","M","R","BOSS","M","?","?","M","$","E"],"items_purchased_type":["Relic"],"build_version":"2020-12-22","purchased_purges":1,"victory":false,"max_hp_per_floor":[71,71,71,71,71,71,71,71,71,71,71,71,71,71,71,71,71,71,71,71,71,71,71,71],"card_choices":[{"not_picked":["Barrage","Ball Lightning"],"picked":"Conserve Battery","floor":1},{"not_picked":["Undo","BasicCrystalCard","ReplayTheSpireMod:Calculation Training"],"picked":"SKIP","floor":5},{"not_picked":["Hologram","Sunder"],"picked":"Capacitor","floor":7},{"not_picked":["Sweeping Beam","Barrage"],"picked":"Gash","floor":8},{"not_picked":["BasicCrystalCard","ReplayTheSpireMod:GoodbyeWorld"],"picked":"Glacier","floor":10},{"not_picked":["BasicCrystalCard","Coolheaded"],"picked":"Darkness","floor":12},{"not_picked":["ReplaySolidLightProjector","Leap"],"picked":"Streamline","floor":14},{"not_picked":["ReplayRNGCard","Amplify"],"picked":"Fission","floor":16},{"not_picked":["Languid","Regret"],"picked":"betterMatch:CurseCard","floor":17},{"not_picked":["conspire:NecroticWound","Delirium"],"picked":"Hallucinations","floor":17},{"not_picked":["ReplayTheSpireMod:Faulty Equipment","Regret"],"picked":"Shame","floor":17},{"not_picked":["Multi-Cast","Panic Button","Barrage"],"picked":"SKIP","floor":18},{"not_picked":["Darkness","Rebound"],"picked":"Compile Driver","floor":21}],"player_experience":869372,"relics_obtained":[{"floor":7,"key":"TungstenRod"},{"floor":9,"key":"Snack Pack"},{"floor":12,"key":"Replay:Towering Pillar of Hats"}],"event_choices":[{"cards_removed":["Strike_B"],"damage_healed":0,"gold_gain":0,"player_choice":"Card Removal","damage_taken":0,"max_hp_gain":0,"max_hp_loss":0,"event_name":"The Cleric","floor":3,"gold_loss":75},{"cards_removed":["Defend_B"],"damage_healed":0,"gold_gain":0,"player_choice":"Offered Basic","damage_taken":0,"max_hp_gain":0,"max_hp_loss":0,"event_name":"Bonfire Elementals","floor":4,"gold_loss":0},{"damage_healed":0,"gold_gain":0,"player_choice":"Smashed Altar","damage_taken":0,"max_hp_gain":0,"max_hp_loss":0,"event_name":"Forgotten Altar","floor":20,"gold_loss":0,"cards_obtained":["Decay"]}],"is_beta":false,"boss_relics":[{"not_picked":["Replay:Grab Bag","conspire:RoyalGoblet"],"picked":"Replay:Ancient Bell"},{"not_picked":["aspiration:HiddenCompartment","reliquary:TuningFork"],"picked":"reliquary:Aerogel"},{"not_picked":["Replay:Bottled Snecko","conspire:Dentures"],"picked":"conspire:DeflatedDodgeball"},{"not_picked":["aspiration:HatOfInfinitePower","Prayer Wheel"],"picked":"Ice Cream"}],"items_purged_floors":[19],"is_endless":false,"potions_floor_spawned":[1,5,8,21],"killed_by":"Replay:Snechameleon","ascension_level":17}}