{"host":"37ccm3d17clopct7","time":1613303015,"event":{"mods":["BaseMod","GungeonMod","Hermit","Lobotomy","Minty Spire (QoL Compilation)","StSLib","The Bug Knight","The Cursed","The Hierophant","The Jungle","The Runesmith"],"gold_per_floor":[116,116,116,132,159,188,188,517,517,543,562,562,562],"floor_reached":12,"language":"KOR","playtime":431,"items_purged":[],"score":111,"play_id":"62edf877-1e44-4f2d-a8a9-0d97bb55905f","local_time":"20210214204335","is_ascension_mode":false,"campfire_choices":[{"floor":7,"key":"RECALL"}],"circlet_count":0,"master_deck":["Strike_P","Strike_P","Strike_P","Strike_P","Defend_P","Defend_P","Defend_P","Defend_P","Eruption","Vigilance","FearNoEvil+1","JustLucky","Conclude","FlurryOfBlows","ThirdEye","Consecrate"],"relics":["PureWater","NeowsBlessing","Juzu Bracelet","Old Coin","Gambling Chip","Odd Mushroom"],"acts_visited":["Exordium"],"potions_floor_usage":[],"damage_taken":[{"damage":0,"enemies":"2 Louse","floor":1,"turns":1},{"damage":0,"enemies":"Jaw Worm","floor":4,"turns":1},{"damage":0,"enemies":"Lagavulin","floor":6,"turns":1},{"damage":14,"enemies":"Gremlin Nob","floor":8,"turns":3},{"damage":23,"enemies":"The Mushroom Lair","floor":10,"turns":3},{"damage":8,"enemies":"Small Slimes","floor":11,"turns":3},{"damage":10,"enemies":"HollowMod:MossKnight","floor":12,"turns":4}],"seed_played":"-5511668462574947360","potions_obtained":[{"floor":1,"key":"DemoMod:BlankPotion"},{"floor":4,"key":"BottledMiracle"},{"floor":8,"key":"SkillPotion"}],"is_trial":false,"path_per_floor":["M","?","?","M","T","E","R","E","T","?","M","E"],"character_chosen":"WATCHER","items_purchased":[],"campfire_rested":0,"item_purchase_floors":[],"current_hp_per_floor":[72,72,72,72,72,72,72,58,58,35,27,17,17],"gold":562,"neow_bonus":"THREE_ENEMY_KILL","is_daily":false,"chose_seed":false,"campfire_upgraded":0,"win_rate":0.0,"timestamp":1613303015,"path_taken":["M","?","?","M","?","E","R","E","T","?","M","E"],"items_purchased_type":[],"build_version":"2020-12-22","purchased_purges":0,"victory":false,"max_hp_per_floor":[72,72,72,72,72,72,72,72,72,72,72,72,72],"card_choices":[{"not_picked":["Protect","Halt"],"picked":"FearNoEvil","floor":1},{"not_picked":["PathToVictory","WheelKick"],"picked":"JustLucky","floor":4},{"not_picked":["Sanctity","Nirvana"],"picked":"Conclude","floor":6},{"not_picked":["SashWhip","Protect"],"picked":"FlurryOfBlows","floor":8},{"not_picked":["LikeWater","Crescendo"],"picked":"ThirdEye","floor":10},{"not_picked":["Collect","EmptyBody"],"picked":"Consecrate","floor":11}],"player_experience":206880,"relics_obtained":[{"floor":6,"key":"Juzu Bracelet"},{"floor":8,"key":"Old Coin"},{"floor":9,"key":"Gambling Chip"},{"floor":10,"key":"Odd Mushroom"}],"event_choices":[{"damage_healed":0,"gold_gain":0,"player_choice":"Ignored","damage_taken":0,"max_hp_gain":0,"max_hp_loss":0,"event_name":"Liars Game","floor":2,"gold_loss":0},{"damage_healed":0,"gold_gain":0,"player_choice":"Grow","damage_taken":0,"max_hp_gain":0,"max_hp_loss":0,"event_name":"Living Wall","floor":3,"gold_loss":0,"cards_upgraded":["FearNoEvil"]},{"damage_healed":0,"gold_gain":0,"player_choice":"Fought Mushrooms","damage_taken":0,"max_hp_gain":0,"max_hp_loss":0,"event_name":"Mushrooms","floor":10,"gold_loss":0}],"is_beta":false,"boss_relics":[],"items_purged_floors":[],"is_endless":false,"potions_floor_spawned":[1,4,8],"killed_by":"HollowMod:MossKnight","ascension_level":0}}