{"host":"8rqsnaeml9gxb0kp","time":1613337159,"event":{"mods":["AchievementEnabler","BaseMod","Colored Powertips","Dark Map","Minty Spire (QoL Compilation)","Rare Cards Sparkle","Relic Stats","StSLib","slay the spire mod where everything is the same but ironclad has a cowboy hat"],"gold_per_floor":[212,27,38,38,57,57,101,117,117,157,86,86,110,131,131,261,261,279,279,300,325,133,133,133],"floor_reached":23,"language":"ENG","playtime":1002,"items_purged":[],"score":262,"play_id":"d8b27ec3-e6a2-4ff4-a534-375af57e4194","local_time":"20210214131239","is_ascension_mode":true,"campfire_choices":[{"data":"Apotheosis","floor":6.0,"key":"SMITH"},{"floor":15.0,"key":"REST"}],"circlet_count":0,"master_deck":["Strike_B","Strike_B","Strike_B","Strike_B","Defend_B","Defend_B","Defend_B","Defend_B","Zap","Dualcast","Cold Snap","Apotheosis+1","Rip and Tear","Conserve Battery","Darkness","Barrage","Sunder","Go for the Eyes","Defragment","Echo Form","Capacitor","Reinforced Body","Barrage","Ball Lightning"],"relics":["Cracked Core","Golden Idol","Ornamental Fan","Question Card","Pantograph","Inserter","Singing Bowl","MealTicket"],"acts_visited":["Exordium","TheCity"],"potions_floor_usage":[21,21],"damage_taken":[{"damage":4.0,"enemies":"2 Louse","floor":1.0,"turns":3.0},{"damage":5.0,"enemies":"Jaw Worm","floor":3.0,"turns":3.0},{"damage":0.0,"enemies":"Cultist","floor":5.0,"turns":4.0},{"damage":14.0,"enemies":"Gremlin Nob","floor":7.0,"turns":3.0},{"damage":4.0,"enemies":"2 Fungi Beasts","floor":8.0,"turns":3.0},{"damage":0.0,"enemies":"Lagavulin","floor":10.0,"turns":6.0},{"damage":7.0,"enemies":"Large Slime","floor":13.0,"turns":3.0},{"damage":5.0,"enemies":"Blue Slaver","floor":14.0,"turns":2.0},{"damage":13.0,"enemies":"Slime Boss","floor":16.0,"turns":6.0},{"damage":3.0,"enemies":"Spheric Guardian","floor":18.0,"turns":3.0},{"damage":12.0,"enemies":"Chosen","floor":20.0,"turns":3.0},{"damage":17,"enemies":"Shelled Parasite and Fungi","floor":21,"turns":7},{"damage":39,"enemies":"Book of Stabbing","floor":23,"turns":4}],"seed_played":"-2299264513194408342","potions_obtained":[{"floor":5.0,"key":"SteroidPotion"},{"floor":10.0,"key":"ColorlessPotion"},{"floor":13.0,"key":"SneckoOil"},{"floor":18.0,"key":"Strength Potion"}],"is_trial":false,"path_per_floor":["M","$","M","?","M","R","E","M","T","E","$","?","M","M","R","B",null,"M","?","M","M","$","E"],"character_chosen":"DEFECT","items_purchased":["Apotheosis","Sunder","Ball Lightning","MealTicket"],"campfire_rested":1,"item_purchase_floors":[2,11,22,22],"current_hp_per_floor":[71,71,66,66,66,66,52,48,48,48,48,48,41,36,56,56,69,66,66,54,37,37,0,0],"gold":133,"neow_bonus":"HUNDRED_GOLD","is_daily":false,"chose_seed":false,"campfire_upgraded":1,"win_rate":0.0,"timestamp":1613337159,"path_taken":["M","$","M","?","M","R","E","M","T","E","$","?","M","?","R","BOSS","M","?","M","M","$","E"],"items_purchased_type":["Card","Card","Card","Relic"],"build_version":"2020-12-22","purchased_purges":0,"victory":false,"max_hp_per_floor":[75,75,75,69,69,69,69,69,69,69,69,69,69,69,69,69,69,69,69,69,69,69,69,69],"relic_stats":{"Inserter":[8],"Singing Bowl":0,"counters":[13,50],"Golden Idol":72,"Ornamental Fan":[28],"Pantograph":13,"MealTicket":0,"Question Card":7,"obtain_stats":[{"Inserter":17,"Singing Bowl":19,"Golden Idol":4,"Ornamental Fan":7,"Pantograph":10,"MealTicket":22,"Cracked Core":0,"Question Card":9},{"Inserter":9,"Singing Bowl":10,"Golden Idol":2,"Ornamental Fan":4,"Pantograph":6,"MealTicket":12,"Cracked Core":0,"Question Card":5},{"Inserter":33,"Singing Bowl":36,"Golden Idol":6,"Ornamental Fan":13,"Pantograph":22,"MealTicket":46,"Cracked Core":0,"Question Card":16}]},"card_choices":[{"not_picked":["Barrage","Darkness"],"picked":"Cold Snap","floor":1.0},{"not_picked":["Stack","Redo","Undo"],"picked":"SKIP","floor":3.0},{"not_picked":["Steam","FTL"],"picked":"Rip and Tear","floor":5.0},{"not_picked":["Steam","Rebound"],"picked":"Conserve Battery","floor":7.0},{"not_picked":["Cold Snap","Static Discharge"],"picked":"Darkness","floor":8.0},{"not_picked":["Chill","Compile Driver","Aggregate"],"picked":"Barrage","floor":10.0},{"not_picked":["Double Energy","Redo","Steam"],"picked":"Go for the Eyes","floor":13.0},{"not_picked":["Redo","Barrage","Consume"],"picked":"Defragment","floor":14.0},{"not_picked":["Machine Learning","Electrodynamics","Biased Cognition"],"picked":"Echo Form","floor":16.0},{"not_picked":["Sweeping Beam+1","Stack","Rebound+1"],"picked":"Capacitor","floor":18.0},{"not_picked":["Leap","Streamline+1","Hello World+1"],"picked":"Reinforced Body","floor":20.0},{"not_picked":["Rebound","Recycle","Turbo"],"picked":"Barrage","floor":21}],"player_experience":227521,"relics_obtained":[{"floor":7.0,"key":"Ornamental Fan"},{"floor":9.0,"key":"Question Card"},{"floor":10.0,"key":"Pantograph"}],"event_choices":[{"damage_healed":0.0,"max_hp_gain":0.0,"max_hp_loss":6.0,"gold_gain":0.0,"event_name":"Golden Idol","player_choice":"Lose Max HP","floor":4.0,"gold_loss":0.0,"damage_taken":0.0,"relics_obtained":["Golden Idol"]},{"damage_healed":0.0,"max_hp_gain":0.0,"max_hp_loss":0.0,"gold_gain":0.0,"event_name":"The Woman in Blue","player_choice":"Bought 0 Potions","floor":12.0,"gold_loss":0.0,"damage_taken":0.0},{"damage_healed":0.0,"max_hp_gain":0.0,"max_hp_loss":0.0,"gold_gain":0.0,"event_name":"The Mausoleum","player_choice":"Opened","floor":19.0,"gold_loss":0.0,"damage_taken":0.0,"relics_obtained":["Singing Bowl"]}],"is_beta":false,"boss_relics":[{"not_picked":["Sozu","Black Star"],"picked":"Inserter"}],"items_purged_floors":[],"is_endless":false,"potions_floor_spawned":[5,10,13,14,18],"killed_by":"Book of Stabbing","ascension_level":3}}