{"host":"67z713vnjolu4670","time":1613282477,"event":{"mods":["Act Like it!","BaseMod","BetterRewards","Colored Map","Colored Powertips","Downfall","Gensokyo","Minty Spire (QoL Compilation)","Quick Restart","Rare Cards Sparkle","Replay The Spire","StSLib","The Jungle","WarShipGirlsR/战舰少女R mod","[IsaacMod]以撒尖塔"],"gold_per_floor":[99,118,132,152,172,172,172,44,73,73,88,113,13,77,94,199,199,99,116,258,358,384,441,487,487,519,537,603,603,621,87,105,112,112,112],"floor_reached":33,"language":"ZHS","playtime":4355,"items_purged":["hexamod:Defend","hexamod:Defend"],"score":374,"play_id":"3181ce38-e92c-4ef2-a2c1-33fc7551b584","local_time":"20210214140117","is_ascension_mode":false,"campfire_choices":[{"floor":13.0,"key":"RECALL"},{"data":"hexamod:SoulSteal","floor":18.0,"key":"SMITH"},{"floor":25.0,"key":"REST"}],"circlet_count":0,"master_deck":["hexamod:Strike","hexamod:Strike","hexamod:Defend","hexamod:Float","DoctorFetus","hexamod:SkipABeat","hexamod:AdvancingGuard","hexamod:UnlimitedPower","hexamod:HauntingEcho","hexamod:StepThrough","hexamod:Hexaguard","Amnesia","hexamod:SwordOfDarkness","hexamod:SoulSteal+1","hexamod:BacktrackSmack","hexamod:TimeOfNeed","hexamod:NecessarySacrifice","J.A.X.","hexamod:EmpoweredFlame+1","hexamod:NecessarySacrifice","hexamod:ForkedFlame","hexamod:BurningTouch+1","hexamod:ShieldOfDarkness","hexamod:FastForward","hexamod:CatchUp+1","hexamod:BurningTouch+1","hexamod:InspiringFlames+1","hexamod:RetreatToShadows"],"relics":["hexamod:SpiritBrand","HushsDoor","DeathBook","Divine Protection","Ring of Misfortune","Ring of Fangs","Orichalcum","downfall:HeartBlessingBlue","SalivaCoin","downfall:HeartBlessingRed","MutagenicStrength","ReplayTheSpireMod:Lightbulb","Lantern","PreservedInsect","BargainBundle","EdensBlessing"],"acts_visited":["Exordium","TheCity"],"potions_floor_usage":[30,32,33,33],"damage_taken":[{"damage":2.0,"enemies":"Small Slimes","floor":2.0,"turns":4.0},{"damage":1.0,"enemies":"Jaw Worm","floor":3.0,"turns":4.0},{"damage":0.0,"enemies":"2 Louse","floor":4.0,"turns":3.0},{"damage":0.0,"enemies":"downfall:LooterAlt","floor":5.0,"turns":3.0},{"damage":5.0,"enemies":"downfall:FleeingMerchant","floor":8.0,"turns":4.0},{"damage":21.0,"enemies":"Lagavulin","floor":9.0,"turns":6.0},{"damage":0.0,"enemies":"2 Fungi Beasts","floor":11.0,"turns":4.0},{"damage":30.0,"enemies":"Gremlin Nob","floor":12.0,"turns":4.0},{"damage":5.0,"enemies":"Large Slime","floor":15.0,"turns":7.0},{"damage":0.0,"enemies":"SI_SHIV_ARCHETYPE","floor":16.0,"turns":3.0},{"damage":0.0,"enemies":"3 Byrds","floor":19.0,"turns":6.0},{"damage":60.0,"enemies":"downfall:Augmenter","floor":20.0,"turns":9.0},{"damage":6.0,"enemies":"Shell Parasite","floor":22.0,"turns":5.0},{"damage":9.0,"enemies":"Replay:Snechameleon","floor":23.0,"turns":6.0},{"damage":13.0,"enemies":"Cultist and Chosen","floor":26.0,"turns":7.0},{"damage":0.0,"enemies":"Centurion and Healer","floor":27.0,"turns":5.0},{"damage":24.0,"enemies":"Slavers","floor":28.0,"turns":7.0},{"damage":0,"enemies":"Sentry and Sphere","floor":30,"turns":5},{"damage":0,"enemies":"downfall:FleeingMerchant","floor":31,"turns":4},{"damage":0,"enemies":"Chosen and Byrds","floor":32,"turns":6},{"damage":7,"enemies":"WA_ARCHETYPE_CALM","floor":33,"turns":5}],"seed_played":"756685718711873123","potions_obtained":[{"floor":1.0,"key":"Energy Potion"},{"floor":1.0,"key":"Energy Potion"},{"floor":2.0,"key":"ColorlessPotion"},{"floor":3.0,"key":"champ:CounterPotion"},{"floor":14.0,"key":"hexamod:EctoCoolerPotion"},{"floor":16.0,"key":"EntropicBrew"},{"floor":23.0,"key":"Reflective Coating"},{"floor":26.0,"key":"Strength Potion"},{"floor":27.0,"key":"EntropicBrew"},{"floor":28.0,"key":"Venom Potion"}],"is_trial":false,"path_per_floor":["R_BF","M","M","M","M","?","T","$","E","?","M","E","R","?","M","B",null,"R","M","?","?","M","E","T","R","M","M","E","?","M","$","M","B"],"character_chosen":"THE_SPIRIT","items_purchased":["hexamod:StepThrough","BargainBundle","Dexterity Potion","hexamod:EctoCoolerPotion","Slimebound:ThreeZeroPotion","EdensBlessing","hexamod:RetreatToShadows"],"campfire_rested":1,"item_purchase_floors":[8,31,31,31,31,31,31],"current_hp_per_floor":[77,75,74,74,74,74,74,69,48,48,48,18,28,28,23,23,87,87,87,27,27,21,12,12,38,25,25,1,1,1,1,1,0,0,0],"gold":112,"neow_bonus":"TEN_PERCENT_HP_BONUS","is_daily":false,"chose_seed":false,"campfire_upgraded":1,"win_rate":0.0,"timestamp":1613282477,"path_taken":["R_BF","M","M","M","M","?","T","$","E","?","M","E","R","?","M","BOSS","R","M","?","?","M","E","T","R","M","M","E","?","M","$","M","BOSS"],"items_purchased_type":["Card","Relic","Potion","Potion","Potion","Relic","Card"],"build_version":"2020-12-22","purchased_purges":2,"victory":false,"max_hp_per_floor":[77,77,77,77,77,77,77,77,77,77,77,77,87,87,87,87,87,87,87,87,87,87,87,87,87,87,87,87,87,87,87,87,87,87,87],"card_choices":[{"not_picked":[],"picked":"DoctorFetus","floor":0.0},{"not_picked":["hexamod:ChargedBarrage","hexamod:DynamicBlow"],"picked":"hexamod:SkipABeat","floor":2.0},{"not_picked":["hexamod:GhostShield","hexamod:GhostOfSpireFuture"],"picked":"hexamod:AdvancingGuard","floor":3.0},{"not_picked":["hexamod:HeatMetal","hexamod:SpectersWail"],"picked":"Bomb","floor":4.0},{"not_picked":["hexamod:BurningTouch","hexamod:HeatMetal"],"picked":"hexamod:UnlimitedPower","floor":5.0},{"not_picked":["hexamod:RecurringNightmare","hexamod:BacktrackSmack"],"picked":"hexamod:HauntingEcho","floor":8.0},{"not_picked":["hexamod:RecurringNightmare","hexamod:SpectersWail"],"picked":"hexamod:Hexaguard","floor":9.0},{"not_picked":["hexamod:InspiringFlames","hexamod:GhostShield"],"picked":"hexamod:SwordOfDarkness","floor":11.0},{"not_picked":["hexamod:Hexaguard","hexamod:HeatMetal","hexamod:SwordOfDarkness"],"picked":"SKIP","floor":12.0},{"not_picked":["hexamod:ShieldOfDarkness","hexamod:Incineration"],"picked":"hexamod:SoulSteal","floor":14.0},{"not_picked":["hexamod:AdvancingGuard","hexamod:HauntingEcho"],"picked":"hexamod:BacktrackSmack","floor":15.0},{"not_picked":["hexamod:TimeWarp","hexamod:UnleashSpirits"],"picked":"hexamod:TimeOfNeed","floor":16.0},{"not_picked":["hexamod:SkipABeat","hexamod:ShieldOfDarkness"],"picked":"hexamod:NecessarySacrifice","floor":19.0},{"not_picked":[],"picked":"J.A.X.","floor":20.0},{"not_picked":["hexamod:GhostShield","hexamod:ThirdSeal"],"picked":"hexamod:EmpoweredFlame+1","floor":20.0},{"not_picked":["hexamod:Haunt+1","hexamod:GhostShield"],"picked":"hexamod:BurningTouch+1","floor":21.0},{"not_picked":["hexamod:SkipABeat","hexamod:BacktrackSmack"],"picked":"hexamod:ShieldOfDarkness","floor":22.0},{"not_picked":["hexamod:HeatMetal","hexamod:ParanormalForm"],"picked":"hexamod:FastForward","floor":23.0},{"not_picked":["hexamod:PhantomCloak","hexamod:HauntingEcho"],"picked":"hexamod:CatchUp+1","floor":26.0},{"not_picked":["hexamod:SwordOfDarkness","hexamod:HeatMetal","hexamod:RecurringNightmare"],"picked":"SKIP","floor":27.0},{"not_picked":["hexamod:SecondSeal","hexamod:Haunt+1"],"picked":"hexamod:BurningTouch+1","floor":28.0},{"not_picked":["hexamod:FifthSeal","hexamod:ThermalTransfer","hexamod:BurningTouch"],"picked":"SKIP","floor":30},{"not_picked":["hexamod:NightmareGuise","hexamod:StepThrough"],"picked":"hexamod:InspiringFlames+1","floor":31},{"not_picked":["hexamod:RainOfEmbers","hexamod:SpectersWail","hexamod:EtherealExpedition"],"picked":"SKIP","floor":32}],"player_experience":19903,"relics_obtained":[{"floor":9.0,"key":"Divine Protection"},{"floor":10.0,"key":"Ring of Misfortune"},{"floor":10.0,"key":"Ring of Fangs"},{"floor":12.0,"key":"Orichalcum"},{"floor":14.0,"key":"SalivaCoin"},{"floor":20.0,"key":"MutagenicStrength"},{"floor":23.0,"key":"ReplayTheSpireMod:Lightbulb"},{"floor":24.0,"key":"Lantern"},{"floor":28.0,"key":"PreservedInsect"}],"event_choices":[],"is_beta":false,"boss_relics":[{"not_picked":["Runic Pyramid","Replay:Fungal Core","Snecko Eye"]}],"items_purged_floors":[8,31],"is_endless":false,"potions_floor_spawned":[2,3,9,15,16,23,26,27,28],"killed_by":"WA_ARCHETYPE_CALM","ascension_level":0}}