{"host":"xw709scqdmsx7obr","time":1613325848,"event":{"mods":["BaseMod","Colored Map","Downfall","Minty Spire (QoL Compilation)","Replay The Spire","StSLib"],"gold_per_floor":[117,292,307,406,478,503,503,503,503,503,282,182,195,230,230,330,330,347,347,360,371,386,386,412,412,412,122,122,122,138,164,164,259,259,279,154,166,166,16,16,31,48,123,155,155,174,274,274,274],"floor_reached":48,"language":"ENG","playtime":3649,"items_purged":["Strike_B","Defend_B","Strike_B","Strike_B"],"score":634,"play_id":"a26817db-2ddb-4c9a-9240-a019d06fdf49","local_time":"20210214130408","is_ascension_mode":true,"campfire_choices":[{"data":"Streamline","floor":8,"key":"SMITH"},{"data":"Barrage","floor":10,"key":"SMITH"},{"data":"ReplayTheSpireMod:Repulse","floor":15,"key":"SMITH"},{"floor":23,"key":"REST"},{"floor":25,"key":"REST"},{"data":"ReplayTheSpireMod:Fabricate Wheel","floor":28,"key":"SMITH"},{"data":"Mirror Shield","floor":29,"key":"SMITH"},{"data":"ReplayTheSpireMod:Calculation Training","floor":40,"key":"SMITH"},{"data":"Barrage","floor":45,"key":"SMITH"}],"circlet_count":0,"master_deck":["Strike_B","Defend_B","Defend_B","Defend_B","Zap","Dualcast+1","Coolheaded","Doubt","Redo+1","ReplayTheSpireMod:Splinters","Barrage+1","Cold Snap","Streamline+1","Barrage+1","ReplayTheSpireMod:Repulse+1","Mirror Shield+1","Hologram","Turbo","Seek","Crystallizer+1","FIFO Queue+1","Hologram+1","ReplayTheSpireMod:Calculation Training+1","Melter"],"relics":["FrozenCore","NeowsBlessing","Bronze Scales","War Paint","Replay:Frozen Program","WingedGreaves","SacredBark","Eternal Feather","Kunai","Lee\u0027s Waffle","Prayer Wheel","Replay:Bottled Snecko","Replay:Grab Bag","Busted Crown","Velvet Choker","Bottled Flame","Pondfish Scales"],"acts_visited":["Exordium","TheCity","TheBeyond"],"potions_floor_usage":[21,22,24,33,33,33,41,42],"damage_taken":[{"damage":0,"enemies":"Jaw Worm","floor":1,"turns":1},{"damage":0,"enemies":"2 Louse","floor":3,"turns":1},{"damage":0,"enemies":"Gremlin Nob","floor":6,"turns":1},{"damage":5,"enemies":"Small Slimes","floor":13,"turns":2},{"damage":18,"enemies":"3 Sentries","floor":14,"turns":5},{"damage":1,"enemies":"Slime Boss","floor":16,"turns":9},{"damage":8,"enemies":"Chosen","floor":18,"turns":4},{"damage":16,"enemies":"Spheric Guardian","floor":20,"turns":4},{"damage":18,"enemies":"Snake Plant","floor":21,"turns":4},{"damage":19,"enemies":"Centurion and Healer","floor":22,"turns":7},{"damage":51,"enemies":"Gremlin Leader","floor":24,"turns":9},{"damage":32,"enemies":"Shelled Parasite and Fungi","floor":30,"turns":7},{"damage":14,"enemies":"Book of Stabbing","floor":31,"turns":4},{"damage":15,"enemies":"Champ","floor":33,"turns":8},{"damage":19,"enemies":"3 Darklings","floor":35,"turns":6},{"damage":12,"enemies":"Orb Walker","floor":37,"turns":3},{"damage":36,"enemies":"4 Shapes","floor":41,"turns":10},{"damage":2,"enemies":"Maw","floor":42,"turns":9},{"damage":0,"enemies":"R_Hoarder","floor":44,"turns":14},{"damage":2,"enemies":"Sphere and 2 Shapes","floor":46,"turns":4},{"damage":56,"enemies":"Reptomancer","floor":48,"turns":2}],"seed_played":"1279934587259899011","potions_obtained":[{"floor":1,"key":"FocusPotion"},{"floor":13,"key":"Flashbang"},{"floor":18,"key":"Venom Potion"},{"floor":21,"key":"Fruit Juice"},{"floor":22,"key":"Strength Potion"},{"floor":32,"key":"Cursed Concoction"},{"floor":32,"key":"hexamod:SoulburnPotion"},{"floor":33,"key":"DistilledChaos"},{"floor":37,"key":"Block Potion"},{"floor":41,"key":"SkillPotion"},{"floor":44,"key":"PotionOfCapacity"}],"is_trial":false,"path_per_floor":["M","?","M","?","?","E","?","R","T","R","$","$","M","E","R","B",null,"M","?","M","M","M","R","E","R","T","$","R","R","M","E","R_BF","B",null,"M","$","M","?","$","R","M","M","T","E","R","M","?","E"],"character_chosen":"DEFECT","items_purchased":["Replay:Frozen Program","ReplayTheSpireMod:Fabricate Wheel","Lee\u0027s Waffle"],"campfire_rested":2,"item_purchase_floors":[11,27,27],"current_hp_per_floor":[75,75,75,75,75,75,80,80,80,80,80,80,75,57,57,56,80,72,72,56,48,29,56,5,44,44,97,97,97,65,51,63,48,97,78,78,66,66,66,78,42,40,40,40,52,50,50,0,0],"gold":274,"neow_bonus":"THREE_ENEMY_KILL","is_daily":false,"chose_seed":false,"campfire_upgraded":7,"win_rate":0.0,"timestamp":1613325848,"path_taken":["M","?","M","?","?","E","?","R","T","R","?","$","M","E","R","BOSS","M","?","M","M","M","R","E","R","T","$","R","R","M","E","R_BF","BOSS","M","$","M","?","$","R","M","M","T","E","R","M","?","E"],"items_purchased_type":["Relic","Card","Relic"],"build_version":"2020-12-22","purchased_purges":4,"victory":false,"max_hp_per_floor":[75,75,75,75,75,75,80,80,80,80,80,80,80,80,80,80,80,80,80,80,90,90,90,90,90,90,97,97,97,97,97,97,97,97,97,97,97,97,97,97,97,97,97,97,97,97,97,97,97],"card_choices":[{"not_picked":["ReplayTheSpireMod:Repulse","Reinforced Body"],"picked":"Coolheaded","floor":1},{"not_picked":["Chaos","Ball Lightning"],"picked":"Redo","floor":3},{"not_picked":["Panic Button","ReplayTheSpireMod:Reroute Power"],"picked":"Barrage","floor":4},{"not_picked":["BasicCrystalCard","Doom and Gloom"],"picked":"Cold Snap","floor":4},{"not_picked":["Consume","Leap"],"picked":"Streamline","floor":4},{"not_picked":["BasicCrystalCard","Reboot"],"picked":"Barrage","floor":6},{"not_picked":["ReplayTheSpireMod:GoodbyeWorld","Ball Lightning"],"picked":"Cold Snap","floor":13},{"not_picked":["Panic Button","Melter"],"picked":"ReplayTheSpireMod:Repulse","floor":14},{"not_picked":["Fission","Multi-Cast"],"picked":"Mirror Shield","floor":16},{"not_picked":["Steam","Scrape+1"],"picked":"Hologram","floor":18},{"not_picked":["Barrage","Steam"],"picked":"Turbo","floor":20},{"not_picked":["Undo","Cold Snap+1","Streamline"],"picked":"SKIP","floor":21},{"not_picked":["ReplayTheSpireMod:Reroute Power","Electrodynamics","Darkness"],"picked":"SKIP","floor":22},{"not_picked":["Stack","Reprogram+1","Rebound+1"],"picked":"SKIP","floor":24},{"not_picked":["ReplayTheSpireMod:Repulse","White Noise"],"picked":"Crystallizer+1","floor":30},{"not_picked":["Redo","Barrage","Conserve Battery"],"picked":"SKIP","floor":30},{"not_picked":["Cold Snap","Hello World"],"picked":"FIFO Queue+1","floor":31},{"not_picked":[],"picked":"Hologram+1","floor":35},{"not_picked":["ReplayGash"],"picked":"SKIP","floor":35},{"not_picked":[],"picked":"ReplayTheSpireMod:Calculation Training","floor":37},{"not_picked":["Rebound+1"],"picked":"SKIP","floor":37},{"not_picked":[],"picked":"Melter","floor":41},{"not_picked":["Ball Lightning+1"],"picked":"SKIP","floor":41},{"not_picked":["Ball Lightning+1"],"picked":"SKIP","floor":42},{"not_picked":["Force Field+1"],"picked":"SKIP","floor":42},{"not_picked":["Barrage+1"],"picked":"SKIP","floor":44},{"not_picked":["Leap+1"],"picked":"SKIP","floor":46},{"not_picked":["BasicCrystalCard+1"],"picked":"SKIP","floor":46}],"player_experience":115896,"relics_obtained":[{"floor":6,"key":"Bronze Scales"},{"floor":9,"key":"War Paint"},{"floor":14,"key":"WingedGreaves"},{"floor":24,"key":"Eternal Feather"},{"floor":26,"key":"Kunai"},{"floor":31,"key":"Replay:Bottled Snecko"},{"floor":43,"key":"Bottled Flame"},{"floor":44,"key":"Pondfish Scales"}],"event_choices":[{"damage_healed":0,"gold_gain":175,"player_choice":"AGREE","damage_taken":0,"max_hp_gain":0,"max_hp_loss":0,"event_name":"Liars Game","floor":2,"gold_loss":0,"cards_obtained":["Doubt"]},{"damage_healed":0,"gold_gain":72,"player_choice":"Gained Gold","damage_taken":0,"max_hp_gain":0,"max_hp_loss":0,"event_name":"Golden Wing","floor":5,"gold_loss":0},{"damage_healed":0,"gold_gain":0,"player_choice":"Donut","damage_taken":0,"max_hp_gain":5,"max_hp_loss":0,"event_name":"Big Fish","floor":7,"gold_loss":0},{"damage_healed":0,"gold_gain":0,"player_choice":"Ignored","damage_taken":0,"max_hp_gain":0,"max_hp_loss":0,"event_name":"Ghosts","floor":19,"gold_loss":0},{"cards_removed":["Cold Snap"],"damage_healed":0,"gold_gain":0,"player_choice":"Removed Attack","damage_taken":0,"max_hp_gain":0,"max_hp_loss":0,"event_name":"Falling","floor":38,"gold_loss":0},{"damage_healed":0,"gold_gain":100,"player_choice":"Pray","damage_taken":0,"max_hp_gain":0,"max_hp_loss":0,"event_name":"Golden Shrine","floor":47,"gold_loss":0}],"is_beta":false,"boss_relics":[{"not_picked":["Snecko Eye","Runic Dome"],"picked":"SacredBark"},{"not_picked":["Replay:Ancient Bell","bronze:MakeshiftBattery"],"picked":"Replay:Grab Bag"},{"not_picked":["ReplayTheSpireMod:Onyx Gauntlets","Coffee Dripper"],"picked":"Busted Crown"},{"not_picked":["ReplayTheSpireMod:DimensionalGlitch","Replay:Bronze Core"],"picked":"Velvet Choker"},{"not_picked":["Pandora\u0027s Box","Runic Pyramid"],"picked":"FrozenCore"}],"items_purged_floors":[11,12,36,39],"is_endless":false,"potions_floor_spawned":[1,13,18,21,22,33,37,41,44],"killed_by":"Reptomancer","ascension_level":1}}