{"host":"82qk6ob05uum3zoi","time":1613297826,"event":{"mods":["BaseMod","BetterRewards","Minty Spire (QoL Compilation)","Reliquary","StSLib","The Cursed"],"gold_per_floor":[115,115,115,133,152,190,66,66,66,89,125,125,148,166,166,295,358,371,371,9,34,49,49,93,93,163,178,178,178,217,240,240,361,361,375,375,59,59,59,103,103,136,136,136,136],"floor_reached":44,"language":"ENG","playtime":1793,"items_purged":[],"score":641,"play_id":"31b8eaa8-8507-4a3a-8541-75fd5b779e51","local_time":"20210214231706","is_ascension_mode":true,"campfire_choices":[{"floor":8,"key":"REST"},{"floor":12,"key":"REST"},{"floor":15,"key":"REST"},{"floor":23,"key":"RECALL"},{"floor":25,"key":"REST"},{"floor":28,"key":"REST"},{"floor":32,"key":"REST"},{"floor":41,"key":"REST"}],"circlet_count":0,"master_deck":["Strike_G+1","Strike_G+1","Strike_G+1","Strike_G+1","Strike_G+1","Defend_G+1","Defend_G+1","Defend_G+1","Defend_G+1","Defend_G+1","Survivor","Neutralize","Cloak And Dagger","Injury","All Out Attack","Infinite Blades","Poisoned Stab","Flying Knee","Adrenaline","Backflip","Tactician","Die Die Die","Blade Dance","Dodge and Roll+1","Apotheosis","Crippling Poison","PiercingWail","Accuracy","RitualDagger","Deadly Poison+1","Unload","Flash of Steel","Noxious Fumes","Catalyst","Good Instincts","Madness","Madness","Crippling Poison","Backstab+1","Dagger Spray+1"],"relics":["Fusion Hammer","Golden Idol","The Courier","ClockworkSouvenir","Mercury Hourglass","reliquary:RosewoodLute","Tiny House","Meat on the Bone","Bronze Scales","Singing Bowl","reliquary:PartyBalloon","SacredBark","reliquary:RadioactivePellet","reliquary:PurpleTingedLeaf","reliquary:JackalopeAntler"],"acts_visited":["Exordium","TheCity","TheBeyond"],"potions_floor_usage":[6,16,18,22,27,31,33,40,44],"damage_taken":[{"damage":1,"enemies":"2 Louse","floor":1,"turns":2},{"damage":9,"enemies":"Small Slimes","floor":4,"turns":4},{"damage":1,"enemies":"Jaw Worm","floor":5,"turns":4},{"damage":39,"enemies":"3 Sentries","floor":6,"turns":11},{"damage":0,"enemies":"3 Louse","floor":10,"turns":2},{"damage":20,"enemies":"Gremlin Nob","floor":11,"turns":4},{"damage":0,"enemies":"Large Slime","floor":13,"turns":4},{"damage":4,"enemies":"Red Slaver","floor":14,"turns":2},{"damage":30,"enemies":"Slime Boss","floor":16,"turns":9},{"damage":5,"enemies":"Chosen","floor":18,"turns":5},{"damage":0,"enemies":"Shell Parasite","floor":21,"turns":4},{"damage":0,"enemies":"Snecko","floor":22,"turns":4},{"damage":16,"enemies":"Slavers","floor":24,"turns":4},{"damage":0,"enemies":"Centurion and Healer","floor":27,"turns":3},{"damage":27,"enemies":"Book of Stabbing","floor":30,"turns":5},{"damage":20,"enemies":"Snake Plant","floor":31,"turns":4},{"damage":48,"enemies":"Collector","floor":33,"turns":8},{"damage":9,"enemies":"Orb Walker","floor":35,"turns":3},{"damage":31,"enemies":"Nemesis","floor":40,"turns":7},{"damage":69,"enemies":"Reptomancer","floor":42,"turns":6},{"damage":22,"enemies":"3 Darklings","floor":44,"turns":1}],"seed_played":"6399692022792072064","potions_obtained":[{"floor":4,"key":"SteroidPotion"},{"floor":14,"key":"CunningPotion"},{"floor":16,"key":"DuplicationPotion"},{"floor":17,"key":"ColorlessPotion"},{"floor":18,"key":"Fruit Juice"},{"floor":24,"key":"Swift Potion"},{"floor":27,"key":"DuplicationPotion"},{"floor":35,"key":"Weak Potion"},{"floor":42,"key":"AttackPotion"}],"is_trial":false,"path_per_floor":["M","?","?","M","M","E","$","R","T","M","E","R","M","M","R","B",null,"M","?","$","M","M","R","E","R","T","M","R","?","E","M","R","B",null,"M","?","$","?","?","E","R","E","T","M"],"character_chosen":"THE_SILENT","items_purchased":["ClockworkSouvenir","Meat on the Bone","Apotheosis","reliquary:RadioactivePellet","Noxious Fumes","Catalyst","Good Instincts"],"campfire_rested":7,"item_purchase_floors":[7,20,20,37,37,37,37],"current_hp_per_floor":[69,74,74,65,64,25,25,47,47,47,27,49,49,45,67,37,80,80,80,80,80,80,80,64,85,85,87,87,81,54,48,74,38,89,82,82,82,71,71,52,79,22,22,0,0],"gold":136,"neow_bonus":"BOSS_RELIC","is_daily":false,"chose_seed":false,"campfire_upgraded":0,"win_rate":0.0,"timestamp":1613297826,"path_taken":["M","?","?","M","M","E","$","R","T","M","E","R","M","M","R","BOSS","M","?","$","M","M","R","E","R","T","M","R","?","E","M","R","BOSS","M","?","$","?","?","E","R","E","T","M"],"items_purchased_type":["Relic","Relic","Card","Relic","Card","Card","Card"],"build_version":"2020-12-22","purchased_purges":0,"victory":false,"max_hp_per_floor":[70,75,75,75,75,75,75,75,75,75,75,75,75,75,75,75,80,85,85,85,85,85,85,85,85,85,87,87,87,87,89,89,89,89,91,91,91,91,91,91,91,91,91,91,91],"card_choices":[{"not_picked":["Poisoned Stab","Leg Sweep"],"picked":"Cloak And Dagger","floor":1},{"not_picked":["Acrobatics","Escape Plan"],"picked":"All Out Attack","floor":4},{"not_picked":["Bane","Flying Knee"],"picked":"Infinite Blades","floor":5},{"not_picked":["Outmaneuver","After Image"],"picked":"Poisoned Stab","floor":6},{"not_picked":["Prepared","Acrobatics"],"picked":"Flying Knee","floor":10},{"not_picked":["Calculated Gamble","Poisoned Stab"],"picked":"Adrenaline","floor":11},{"not_picked":["Masterful Stab","Riddle With Holes"],"picked":"Backflip","floor":13},{"not_picked":["Deadly Poison","Well Laid Plans"],"picked":"Tactician","floor":14},{"not_picked":["Phantasmal Killer","Corpse Explosion"],"picked":"Die Die Die","floor":16},{"not_picked":["Endless Agony","Calculated Gamble"],"picked":"Blade Dance","floor":17},{"not_picked":["Deadly Poison","Bane"],"picked":"Dodge and Roll+1","floor":18},{"not_picked":["Backflip","Poisoned Stab"],"picked":"Crippling Poison","floor":21},{"not_picked":["Backflip","Expertise"],"picked":"PiercingWail","floor":22},{"not_picked":["Deflect","Cloak And Dagger"],"picked":"Accuracy","floor":24},{"not_picked":["Quick Slash","Prepared","Deadly Poison"],"picked":"Singing Bowl","floor":27},{"not_picked":["Poisoned Stab","Finisher+1"],"picked":"Deadly Poison+1","floor":30},{"not_picked":["Riddle With Holes","Reflex","Acrobatics"],"picked":"Singing Bowl","floor":31},{"not_picked":["Bullet Time","Doppelganger"],"picked":"Unload","floor":33},{"not_picked":["Outmaneuver+1","Underhanded Strike+1","Poisoned Stab"],"picked":"Singing Bowl","floor":35},{"not_picked":["Purity","Magnetism"],"picked":"Flash of Steel","floor":36},{"not_picked":["Eviscerate+1","Quick Slash+1"],"picked":"Backstab+1","floor":40},{"not_picked":["Backflip","Tactician+1"],"picked":"Dagger Spray+1","floor":42}],"player_experience":430547,"relics_obtained":[{"floor":6,"key":"The Courier"},{"floor":9,"key":"Mercury Hourglass"},{"floor":11,"key":"reliquary:RosewoodLute"},{"floor":24,"key":"Bronze Scales"},{"floor":26,"key":"Singing Bowl"},{"floor":30,"key":"reliquary:PartyBalloon"},{"floor":40,"key":"reliquary:PurpleTingedLeaf"},{"floor":42,"key":"reliquary:JackalopeAntler"}],"event_choices":[{"damage_healed":0,"gold_gain":0,"player_choice":"Donut","damage_taken":0,"max_hp_gain":5,"max_hp_loss":0,"event_name":"Big Fish","floor":2,"gold_loss":0},{"damage_healed":0,"gold_gain":0,"player_choice":"Take Wound","damage_taken":0,"relics_obtained":["Golden Idol"],"max_hp_gain":0,"max_hp_loss":0,"event_name":"Golden Idol","floor":3,"gold_loss":0,"cards_obtained":["Injury"]},{"damage_healed":0,"gold_gain":0,"player_choice":"Simplicity","damage_taken":0,"max_hp_gain":0,"max_hp_loss":0,"event_name":"Back to Basics","floor":19,"gold_loss":0,"cards_upgraded":["Strike_G","Strike_G","Strike_G","Strike_G","Defend_G","Defend_G","Defend_G","Defend_G","Defend_G"]},{"damage_healed":0,"gold_gain":0,"player_choice":"Joined the Cult","damage_taken":6,"max_hp_gain":0,"max_hp_loss":0,"event_name":"Nest","floor":29,"gold_loss":0,"cards_obtained":["RitualDagger"]},{"damage_healed":0,"gold_gain":0,"player_choice":"Memory 1","damage_taken":0,"max_hp_gain":0,"max_hp_loss":0,"event_name":"SensoryStone","floor":36,"gold_loss":0},{"damage_healed":0,"gold_gain":0,"player_choice":"Embrace Madness","damage_taken":11,"max_hp_gain":0,"max_hp_loss":0,"event_name":"Winding Halls","floor":38,"gold_loss":0,"cards_obtained":["Madness","Madness"]},{"damage_healed":0,"gold_gain":0,"player_choice":"Copied","damage_taken":0,"max_hp_gain":0,"max_hp_loss":0,"event_name":"Duplicator","floor":39,"gold_loss":0,"cards_obtained":["Crippling Poison"]}],"is_beta":false,"boss_relics":[{"not_picked":["Runic Dome","Pandora\u0027s Box"],"picked":"Tiny House"},{"not_picked":["reliquary:RedCape","reliquary:WritOfMandamus"],"picked":"SacredBark"}],"items_purged_floors":[],"is_endless":false,"potions_floor_spawned":[4,14,16,18,24,27,35,42],"killed_by":"3 Darklings","ascension_level":3}}