{"host":"z439itq93uucuvou","time":1613286192,"event":{"mods":["BaseMod","Colored Powertips","Jorbs\u0027s Wanderer Trilogy","Minty Spire (QoL Compilation)","StSLib"],"gold_per_floor":[113,136,152,182,212,212,244,244,244,169,198,198,198,31,31,106,106,76,94,94,94,9,9,9],"floor_reached":23,"language":"ENG","playtime":1786,"items_purged":["stsjorbsmod:Strike_Wanderer"],"score":398,"play_id":"8c53966b-78e7-433b-9655-984ae12e62c5","local_time":"20210213230312","is_ascension_mode":true,"campfire_choices":[{"data":"stsjorbsmod:ChatteringStrike","floor":6.0,"key":"SMITH"},{"data":"stsjorbsmod:Index","floor":12,"key":"SMITH"},{"data":"stsjorbsmod:TinyHut","floor":15,"key":"SMITH"}],"circlet_count":0,"master_deck":["AscendersBane","stsjorbsmod:ForbiddenGrimoire+1","stsjorbsmod:Strike_Wanderer","stsjorbsmod:Defend_Wanderer","stsjorbsmod:Defend_Wanderer","stsjorbsmod:Defend_Wanderer","stsjorbsmod:FreshAdventure","stsjorbsmod:EyeOfTheStorm","stsjorbsmod:FaerieFire","stsjorbsmod:Thorns","stsjorbsmod:ChatteringStrike+1","stsjorbsmod:TinyHut+1","stsjorbsmod:Index+1","stsjorbsmod:SmithingStrike","stsjorbsmod:CorrodingBarrier","stsjorbsmod:Rediscovery","stsjorbsmod:FindFamiliar","stsjorbsmod:RefuseToForget","RitualDagger"],"relics":["stsjorbsmod:GrimoireRelic","Juzu Bracelet","Pear","WingedGreaves","Medical Kit","SlaversCollar","Sundial"],"acts_visited":["Exordium","TheCity"],"potions_floor_usage":[7,23],"damage_taken":[{"damage":0.0,"enemies":"Small Slimes","floor":1.0,"turns":3.0},{"damage":0.0,"enemies":"Cultist","floor":2.0,"turns":3.0},{"damage":4.0,"enemies":"Jaw Worm","floor":3.0,"turns":3.0},{"damage":4.0,"enemies":"3 Louse","floor":4.0,"turns":4.0},{"damage":0.0,"enemies":"2 Fungi Beasts","floor":5.0,"turns":3.0},{"damage":26,"enemies":"3 Sentries","floor":7,"turns":8},{"damage":38,"enemies":"Gremlin Nob","floor":11,"turns":6},{"damage":18,"enemies":"Hexaghost","floor":16,"turns":9},{"damage":15,"enemies":"2 Thieves","floor":18,"turns":4},{"damage":37,"enemies":"Spheric Guardian","floor":19,"turns":7},{"damage":20,"enemies":"Gremlin Leader","floor":23,"turns":3}],"seed_played":"-5762147388068630589","potions_obtained":[{"floor":2.0,"key":"Weak Potion"},{"floor":5.0,"key":"Regen Potion"},{"floor":7,"key":"FairyPotion"}],"is_trial":false,"path_per_floor":["M","M","M","M","M","R","E","?","T","$","E","R","?","$","R","B",null,"M","M","?","?","?","E"],"character_chosen":"WANDERER","items_purchased":["Medical Kit"],"campfire_rested":0,"item_purchase_floors":[14],"current_hp_per_floor":[44,46,43,42,44,44,33,33,43,43,7,7,31,31,31,13,59,46,9,23,17,17,0,0],"gold":9,"neow_bonus":"TRANSFORM_TWO_CARDS","is_daily":false,"chose_seed":false,"campfire_upgraded":3,"win_rate":0.0,"timestamp":1613286192,"path_taken":["M","M","M","M","M","R","E","?","T","$","E","R","?","$","R","BOSS","M","M","?","?","?","E"],"items_purchased_type":["Relic"],"build_version":"2020-12-22","purchased_purges":1,"victory":false,"max_hp_per_floor":[64,64,64,64,64,64,64,64,74,74,74,74,74,74,74,74,74,74,74,79,79,79,79,79],"card_choices":[{"not_picked":["stsjorbsmod:Will","stsjorbsmod:Index"],"picked":"stsjorbsmod:Thorns","floor":1.0},{"not_picked":["stsjorbsmod:Prestidigitation","stsjorbsmod:Index"],"picked":"stsjorbsmod:ChatteringStrike","floor":2.0},{"not_picked":["stsjorbsmod:FranticSearch","stsjorbsmod:ChatteringStrike"],"picked":"stsjorbsmod:TinyHut","floor":3.0},{"not_picked":["stsjorbsmod:TinyHut","stsjorbsmod:MagicMirror"],"picked":"stsjorbsmod:Index","floor":4.0},{"not_picked":["stsjorbsmod:UnseenServant","stsjorbsmod:MageArmor"],"picked":"stsjorbsmod:SmithingStrike","floor":5.0},{"not_picked":["stsjorbsmod:Message","stsjorbsmod:UnseenServant"],"picked":"stsjorbsmod:CorrodingBarrier","floor":7},{"not_picked":["stsjorbsmod:LocateObject","stsjorbsmod:TinyHut","stsjorbsmod:Firebolt"],"picked":"SKIP","floor":11},{"not_picked":["stsjorbsmod:CorrodingBarrier","stsjorbsmod:HoldMonster"],"picked":"stsjorbsmod:Rediscovery","floor":16},{"not_picked":["stsjorbsmod:RayOfFrost","stsjorbsmod:WeightOfMemory"],"picked":"stsjorbsmod:FindFamiliar","floor":18},{"not_picked":["stsjorbsmod:Will","stsjorbsmod:WeightOfMemory"],"picked":"stsjorbsmod:RefuseToForget","floor":19}],"player_experience":1491492,"relics_obtained":[{"floor":7,"key":"Juzu Bracelet"},{"floor":9,"key":"Pear"},{"floor":11,"key":"WingedGreaves"}],"event_choices":[{"cards_removed":["stsjorbsmod:Strike_Wanderer"],"damage_healed":0,"gold_gain":0,"player_choice":"Offered Basic","damage_taken":0,"max_hp_gain":0,"max_hp_loss":0,"event_name":"Bonfire Elementals","floor":8,"gold_loss":0},{"damage_healed":24,"gold_gain":0,"player_choice":"Banana","damage_taken":0,"max_hp_gain":0,"max_hp_loss":0,"event_name":"Big Fish","floor":13,"gold_loss":0},{"damage_healed":0,"gold_gain":0,"player_choice":"Shed Blood","damage_taken":26,"max_hp_gain":5,"max_hp_loss":0,"event_name":"Forgotten Altar","floor":20,"gold_loss":0},{"damage_healed":0,"gold_gain":0,"player_choice":"Joined the Cult","damage_taken":6,"max_hp_gain":0,"max_hp_loss":0,"event_name":"Nest","floor":21,"gold_loss":0,"cards_obtained":["RitualDagger"]},{"damage_healed":0,"gold_gain":0,"player_choice":"Obtained Relic","damage_taken":0,"relics_obtained":["Sundial"],"max_hp_gain":0,"max_hp_loss":0,"event_name":"Addict","floor":22,"gold_loss":85}],"is_beta":false,"boss_relics":[{"not_picked":["Runic Dome","Fusion Hammer"],"picked":"SlaversCollar"}],"items_purged_floors":[10],"is_endless":false,"potions_floor_spawned":[2,5,7,11,19],"killed_by":"Gremlin Leader","ascension_level":20}}