{"host":"bsgp9wgausrmthh2","time":1613314406,"event":{"mods":["AchievementEnabler","BaseMod","Colored Map","Minty Spire (QoL Compilation)","StSLib"],"gold_per_floor":[114,133,143,33,33,33,45,45,72,83,83,34,109,143,143,247,247,261,261,281,301,301,301],"floor_reached":22,"language":"ENG","playtime":1333,"items_purged":[],"score":186,"play_id":"1b5428bd-aab8-4c52-9ad8-00810d8eea36","local_time":"20210214095326","is_ascension_mode":false,"campfire_choices":[{"floor":6,"key":"RECALL"},{"data":"Eruption","floor":11,"key":"SMITH"},{"floor":15,"key":"REST"}],"circlet_count":0,"master_deck":["Strike_P","Strike_P","Strike_P","Strike_P","Defend_P","Defend_P","Defend_P","Defend_P","Eruption+1","Vigilance","ThirdEye","Vengeance","FollowUp","TalkToTheHand","WindmillStrike","ClearTheMind","FollowUp","EmptyFist","SashWhip","Scrawl","Evaluate","CrushJoints+1","FearNoEvil"],"relics":["PureWater","NeowsBlessing","Dream Catcher","MealTicket","Runic Pyramid"],"acts_visited":["Exordium","TheCity"],"potions_floor_usage":[18,18],"damage_taken":[{"damage":0,"enemies":"Cultist","floor":1,"turns":1},{"damage":0,"enemies":"Small Slimes","floor":2,"turns":2},{"damage":0,"enemies":"2 Louse","floor":3,"turns":1},{"damage":1,"enemies":"Looter","floor":7,"turns":3},{"damage":0,"enemies":"Blue Slaver","floor":10,"turns":2},{"damage":11,"enemies":"Lagavulin","floor":14,"turns":5},{"damage":20,"enemies":"Hexaghost","floor":16,"turns":9},{"damage":32,"enemies":"3 Byrds","floor":18,"turns":5},{"damage":20,"enemies":"Spheric Guardian","floor":20,"turns":4},{"damage":23,"enemies":"Snake Plant","floor":21,"turns":3},{"damage":14,"enemies":"Centurion and Healer","floor":22,"turns":3}],"seed_played":"-4089535322250474133","potions_obtained":[{"floor":2,"key":"Regen Potion"},{"floor":3,"key":"Swift Potion"},{"floor":7,"key":"SmokeBomb"},{"floor":16,"key":"Fruit Juice"},{"floor":18,"key":"Fruit Juice"},{"floor":20,"key":"SteroidPotion"},{"floor":21,"key":"PowerPotion"}],"is_trial":false,"path_per_floor":["M","M","M","$","?","R","M","$","T","M","R","$","?","E","R","B",null,"M","?","M","M","M"],"character_chosen":"WATCHER","items_purchased":["TalkToTheHand","WindmillStrike","FollowUp"],"campfire_rested":1,"item_purchase_floors":[4,4,12],"current_hp_per_floor":[72,72,72,72,69,69,68,68,68,68,68,68,57,46,67,47,72,50,55,35,12,0,0],"gold":301,"neow_bonus":"THREE_ENEMY_KILL","is_daily":false,"chose_seed":false,"campfire_upgraded":1,"win_rate":0.0,"timestamp":1613314406,"path_taken":["M","M","M","?","?","R","M","$","T","M","R","$","?","E","R","BOSS","M","?","M","?","M"],"items_purchased_type":["Card","Card","Card"],"build_version":"2020-12-22","purchased_purges":0,"victory":false,"max_hp_per_floor":[72,72,72,72,72,72,72,72,72,72,72,72,72,72,72,72,72,82,82,82,82,82,82],"card_choices":[{"not_picked":["Halt","ClearTheMind"],"picked":"ThirdEye","floor":1},{"not_picked":["Wallop","PathToVictory"],"picked":"Vengeance","floor":2},{"not_picked":["EmptyFist","Swivel"],"picked":"FollowUp","floor":3},{"not_picked":["Collect","ThirdEye"],"picked":"ClearTheMind","floor":7},{"not_picked":["Sanctity","Wallop"],"picked":"EmptyFist","floor":10},{"not_picked":["WheelKick","Indignation"],"picked":"EmptyFist","floor":14},{"not_picked":["BowlingBash","ConjureBlade"],"picked":"SashWhip","floor":15},{"not_picked":["Brilliance","Blasphemy"],"picked":"Scrawl","floor":16},{"not_picked":["Swivel","JustLucky"],"picked":"Evaluate","floor":18},{"not_picked":["Collect","EmptyBody"],"picked":"CrushJoints+1","floor":20},{"not_picked":["Protect","CrushJoints"],"picked":"FearNoEvil","floor":21}],"player_experience":227283,"relics_obtained":[{"floor":14,"key":"MealTicket"}],"event_choices":[{"damage_healed":0,"gold_gain":0,"player_choice":"Success","damage_taken":3,"relics_obtained":["Dream Catcher"],"max_hp_gain":0,"max_hp_loss":0,"event_name":"Scrap Ooze","floor":5,"gold_loss":0},{"damage_healed":0,"gold_gain":75,"player_choice":"Gather Gold","damage_taken":11,"max_hp_gain":0,"max_hp_loss":0,"event_name":"World of Goop","floor":13,"gold_loss":0},{"cards_removed":["EmptyFist"],"damage_healed":5,"gold_gain":0,"player_choice":"Offered Common","damage_taken":0,"max_hp_gain":0,"max_hp_loss":0,"event_name":"Bonfire Elementals","floor":19,"gold_loss":0},{"cards_removed":["EmptyFist"],"damage_healed":5,"gold_gain":0,"player_choice":"Offered Special","damage_taken":0,"max_hp_gain":0,"max_hp_loss":0,"event_name":"Bonfire Elementals","floor":19,"gold_loss":0}],"is_beta":false,"boss_relics":[{"not_picked":["Runic Dome","Pandora\u0027s Box"],"picked":"Runic Pyramid"}],"items_purged_floors":[],"is_endless":false,"potions_floor_spawned":[2,3,7,10,16,18,20,21],"killed_by":"Centurion and Healer","ascension_level":0}}