{"host":"m9osufisr3agwk96","time":1613287911,"event":{"mods":["AchievementEnabler","Aspiration","BaseMod","Colored Map","Colored Powertips","Downfall","Duelist Mod","Friendly Minions","GifTheSpireLib","Gremlin Mod","Hermit","Hero for Fun","Highlight Path","Hubris","Minty Spire (QoL Compilation)","Rare Cards Sparkle","Reliquary","Replay The Spire","Shop Mod","StSLib"],"gold_per_floor":[118,128,128,139,159,159,184,203,203,214,289,301,301,380,380,480,480,500,440,440],"floor_reached":19,"language":"ENG","playtime":807,"items_purged":[],"score":221,"play_id":"35a42f6b-3c4e-4a7f-be7d-f587c9cf94fb","local_time":"20210213233151","is_ascension_mode":false,"campfire_choices":[{"floor":6,"key":"REST"},{"floor":15,"key":"REST"}],"circlet_count":0,"master_deck":["Strike_P","Strike_P","Strike_P","Defend_P+1","Defend_P+1","Eruption","Vigilance+1","LessonLearned","DeceiveReality+1","PathToVictory","WheelKick","PathToVictory","ConjureBlade","Crescendo","Pray","EmptyBody","Indignation","Conclude","DevaForm","Tantrum"],"relics":["PureWater","Shovel","Ring of Peace","reliquary:Stiletto","Empty Cage"],"acts_visited":["Exordium","TheCity"],"potions_floor_usage":[7,16,18,18],"damage_taken":[{"damage":12,"enemies":"Cultist","floor":1,"turns":3},{"damage":3,"enemies":"Small Slimes","floor":2,"turns":4},{"damage":0,"enemies":"2 Louse","floor":4,"turns":4},{"damage":11,"enemies":"2 Fungi Beasts","floor":5,"turns":4},{"damage":12,"enemies":"3 Sentries","floor":7,"turns":8},{"damage":0,"enemies":"Large Slime","floor":8,"turns":4},{"damage":0,"enemies":"3 Louse","floor":10,"turns":4},{"damage":0,"enemies":"Blue Slaver","floor":12,"turns":3},{"damage":0,"enemies":"Slime Boss","floor":16,"turns":9},{"damage":40,"enemies":"Spheric Guardian","floor":18,"turns":4},{"damage":37,"enemies":"2 Thieves","floor":19,"turns":2}],"seed_played":"-5565848177424297759","potions_obtained":[{"floor":2,"key":"Reflective Coating"},{"floor":10,"key":"DuplicationPotion"},{"floor":12,"key":"Weak Potion"},{"floor":16,"key":"SteroidPotion"}],"is_trial":false,"path_per_floor":["M","M","?","M","M","R","E","M","T","M","?","M","?","?","R","B",null,"M","M"],"character_chosen":"WATCHER","items_purchased":[],"campfire_rested":2,"item_purchase_floors":[],"current_hp_per_floor":[53,50,50,50,39,58,46,46,46,46,35,35,35,35,54,54,65,25,0,0],"gold":440,"neow_bonus":"THREE_RARE_CARDS","is_daily":false,"chose_seed":false,"campfire_upgraded":0,"win_rate":0.0,"timestamp":1613287911,"path_taken":["M","?","?","?","M","R","E","M","T","M","?","M","?","?","R","BOSS","M","M"],"items_purchased_type":[],"build_version":"2020-12-22","purchased_purges":0,"victory":false,"max_hp_per_floor":[65,65,65,65,65,65,65,65,65,65,65,65,65,65,65,65,65,65,65,65],"card_choices":[{"not_picked":["DevaForm","Replay:AllIn"],"picked":"LessonLearned","floor":0},{"not_picked":["BowlingBash","PathToVictory"],"picked":"DeceiveReality","floor":1},{"not_picked":["Replay:AtTheReady","SashWhip"],"picked":"PathToVictory","floor":2},{"not_picked":["Study","Replay:BluntJabs"],"picked":"WheelKick","floor":4},{"not_picked":["Evaluate","Fasting2"],"picked":"PathToVictory","floor":5},{"not_picked":["Nirvana","Indignation"],"picked":"ConjureBlade","floor":7},{"not_picked":["FlyingSleeves","Halt"],"picked":"Crescendo","floor":8},{"not_picked":["ThirdEye","Vengeance"],"picked":"Pray","floor":10},{"not_picked":["Crescendo","ConjureBlade"],"picked":"EmptyBody","floor":12},{"not_picked":["Crescendo","Protect"],"picked":"Indignation","floor":14},{"not_picked":["Replay:ManipulateFuture","Evaluate"],"picked":"Conclude","floor":14},{"not_picked":["Replay:LoomingThreat","SpiritShield"],"picked":"DevaForm","floor":16},{"not_picked":["FlurryOfBlows","CutThroughFate"],"picked":"Tantrum","floor":18}],"player_experience":490917,"relics_obtained":[{"floor":7,"key":"Shovel"},{"floor":13,"key":"Ring of Peace"},{"floor":14,"key":"reliquary:Stiletto"}],"event_choices":[{"cards_removed":["Defend_P"],"damage_healed":0,"gold_gain":0,"player_choice":"Card Removal","damage_taken":0,"max_hp_gain":0,"max_hp_loss":0,"event_name":"Wheel of Change","floor":3,"gold_loss":0},{"damage_healed":0,"gold_gain":75,"player_choice":"Gather Gold","damage_taken":11,"max_hp_gain":0,"max_hp_loss":0,"event_name":"World of Goop","floor":11,"gold_loss":0}],"is_beta":false,"boss_relics":[{"not_picked":["aspiration:SecretTechniqueScroll","Cursed Key"],"picked":"Empty Cage"}],"items_purged_floors":[],"is_endless":false,"potions_floor_spawned":[2,10,12,16],"killed_by":"2 Thieves","ascension_level":0}}