{"host":"dztixnx9b0gu6w9i","time":1613290331,"event":{"mods":["BaseMod","Bestiary","Minty Spire (QoL Compilation)","Relic Stats","Slay the Relics Exporter","SpireBot","ojb\u0027s Better Paths Mod","ojb\u0027s Info Mod"],"gold_per_floor":[115,115,134,134,146,146,196,196,196,206,236,248,278,278,278,355,355,375,375,395,414,425,425,55,84,84,115,115,115,132,166,166,237,237,249,249,260,7,23,51,68,100,154,181,181,197,216,245,245,245,245,245,245,49,83,83],"floor_reached":57,"language":"ENG","playtime":9898,"items_purged":[],"score":2994,"play_id":"a317d0bf-fdd4-4eac-ae8e-e2732fb4c743","local_time":"20210214031211","is_ascension_mode":true,"campfire_choices":[{"data":"Beam Cell","floor":6,"key":"SMITH"},{"data":"Streamline","floor":8,"key":"SMITH"},{"floor":15,"key":"REST"},{"data":"Multi-Cast","floor":23,"key":"SMITH"},{"data":"Capacitor","floor":28,"key":"SMITH"},{"data":"Defragment","floor":32,"key":"SMITH"},{"data":"Seek","floor":45,"key":"SMITH"},{"floor":49,"key":"RECALL"},{"data":"Fission","floor":53,"key":"SMITH"}],"circlet_count":0,"master_deck":["AscendersBane","Defend_B","Defend_B","Defend_B","Zap","Dualcast","Beam Cell+1","Streamline+1","Steam","Ball Lightning","Melter","Doom and Gloom","Electrodynamics","Multi-Cast+1","Leap","Electrodynamics","Genetic Algorithm","Cold Snap","Hologram+1","Capacitor+1","Chill","Seek+1","Bite","Bite","Bite","Bite","Bite","Defragment+1","Multi-Cast","Stack","Pain","Coolheaded+1","Lockon+1","Multi-Cast","Capacitor","Darkness+1","Double Energy","Aggregate","Compile Driver","Fission+1","Undo","Coolheaded","Skim","Apotheosis","Compile Driver"],"relics":["Cracked Core","Pocketwatch","Bottled Flame","Emotion Chip","DataDisk","Blue Candle","Philosopher\u0027s Stone","OrangePellets","Lantern","Symbiotic Virus","Anchor","Red Mask","Coffee Dripper","WarpedTongs","Orrery","Unceasing Top","PreservedInsect","Cables","Oddly Smooth Stone","Strawberry"],"acts_visited":["Exordium","TheCity","TheBeyond","TheEnding"],"potions_floor_usage":[11,18,22,25,25,39,42,56,56],"damage_taken":[{"damage":2,"enemies":"Jaw Worm","floor":1,"turns":3},{"damage":7,"enemies":"2 Louse","floor":3,"turns":4},{"damage":0,"enemies":"Small Slimes","floor":5,"turns":3},{"damage":13,"enemies":"Exordium Thugs","floor":10,"turns":3},{"damage":15,"enemies":"3 Sentries","floor":11,"turns":6},{"damage":0,"enemies":"Exordium Wildlife","floor":12,"turns":2},{"damage":6,"enemies":"Gremlin Nob","floor":13,"turns":3},{"damage":27,"enemies":"Hexaghost","floor":16,"turns":6},{"damage":0,"enemies":"3 Byrds","floor":18,"turns":2},{"damage":2,"enemies":"Chosen","floor":20,"turns":3},{"damage":1,"enemies":"Centurion and Healer","floor":21,"turns":2},{"damage":0,"enemies":"Snake Plant","floor":22,"turns":2},{"damage":18,"enemies":"Slavers","floor":25,"turns":3},{"damage":7,"enemies":"Gremlin Leader","floor":27,"turns":6},{"damage":11,"enemies":"Snecko","floor":30,"turns":4},{"damage":2,"enemies":"Masked Bandits","floor":31,"turns":3},{"damage":13,"enemies":"Collector","floor":33,"turns":8},{"damage":0,"enemies":"3 Shapes","floor":35,"turns":3},{"damage":0,"enemies":"Orb Walker","floor":37,"turns":2},{"damage":0,"enemies":"Writhing Mass","floor":39,"turns":3},{"damage":3,"enemies":"Nemesis","floor":40,"turns":3},{"damage":1,"enemies":"Spire Growth","floor":41,"turns":1},{"damage":30,"enemies":"Reptomancer","floor":42,"turns":12},{"damage":0,"enemies":"Giant Head","floor":44,"turns":4},{"damage":2,"enemies":"3 Darklings","floor":46,"turns":3},{"damage":2,"enemies":"Transient","floor":47,"turns":5},{"damage":1,"enemies":"Nemesis","floor":48,"turns":1},{"damage":27,"enemies":"Time Eater","floor":50,"turns":10},{"damage":6,"enemies":"Donu and Deca","floor":51,"turns":3},{"damage":33,"enemies":"Shield and Spear","floor":55,"turns":13},{"damage":55,"enemies":"The Heart","floor":56,"turns":11}],"seed_played":"-4891419431668217481","potions_obtained":[{"floor":1,"key":"Energy Potion"},{"floor":10,"key":"AttackPotion"},{"floor":18,"key":"Explosive Potion"},{"floor":20,"key":"GamblersBrew"},{"floor":33,"key":"Block Potion"},{"floor":35,"key":"PotionOfCapacity"},{"floor":41,"key":"Regen Potion"},{"floor":42,"key":"Weak Potion"},{"floor":44,"key":"Swift Potion"}],"is_trial":false,"path_per_floor":["M","?","M","?","M","R","?","R","T","M","E","M","E","T","R","B",null,"M","?","M","M","M","R","$","E","T","E","R","?","M","?","R","B",null,"M","?","M","$","M","E","M","E","T","E","R","M","M","E","R","B","B",null,"R","$","E","B",null],"character_chosen":"DEFECT","items_purchased":["OrangePellets","Capacitor","Chill","SpeedPotion","Orrery","Double Energy","Apotheosis"],"campfire_rested":1,"item_purchase_floors":[24,24,24,24,38,38,54],"current_hp_per_floor":[44,67,60,49,49,49,42,42,42,29,14,14,8,8,29,2,54,54,54,52,51,51,51,51,33,33,26,26,26,23,27,27,30,44,49,49,49,49,49,49,49,49,49,49,49,49,47,49,49,40,41,47,47,47,56,3],"gold":83,"neow_bonus":"REMOVE_TWO","is_daily":false,"chose_seed":false,"campfire_upgraded":7,"win_rate":0.0,"timestamp":1613290331,"path_taken":["M","?","M","?","M","R","?","R","T","?","E","M","E","?","R","BOSS","M","?","?","M","M","R","$","E","T","E","R","?","M","?","R","BOSS","M","?","M","$","M","E","M","E","T","E","R","M","M","E","R","BOSS","BOSS","R","$","E","BOSS"],"items_purchased_type":["Relic","Card","Card","Potion","Relic","Card","Card"],"build_version":"2020-12-22","purchased_purges":0,"victory":true,"max_hp_per_floor":[71,71,71,71,71,71,71,71,71,71,71,71,71,71,71,71,71,71,71,71,71,71,71,71,71,71,71,71,49,49,49,49,49,49,49,49,49,49,49,49,49,49,49,49,49,49,49,49,49,49,49,49,49,49,56,56],"relic_stats":{"OrangePellets":[14],"Emotion Chip":[128,36,65,27,0],"counters":[31,137],"Blue Candle":[11],"PreservedInsect":257,"obtain_stats":[{"Lantern":25,"Blue Candle":14,"Oddly Smooth Stone":48,"PreservedInsect":42,"WarpedTongs":36,"Cables":44,"OrangePellets":24,"Bottled Flame":9,"Emotion Chip":11,"DataDisk":13,"Anchor":27,"Strawberry":55,"Orrery":38,"Philosopher\u0027s Stone":17,"Red Mask":31,"Coffee Dripper":34,"Cracked Core":0,"Symbiotic Virus":26,"Unceasing Top":40,"Pocketwatch":4},{"Lantern":13,"Blue Candle":7,"Oddly Smooth Stone":27,"PreservedInsect":23,"WarpedTongs":18,"Cables":24,"OrangePellets":12,"Bottled Flame":3,"Emotion Chip":5,"DataDisk":7,"Anchor":14,"Strawberry":30,"Orrery":19,"Philosopher\u0027s Stone":8,"Red Mask":16,"Coffee Dripper":17,"Cracked Core":0,"Symbiotic Virus":13,"Unceasing Top":21,"Pocketwatch":2},{"Lantern":42,"Blue Candle":24,"Oddly Smooth Stone":100,"PreservedInsect":87,"WarpedTongs":66,"Cables":91,"OrangePellets":39,"Bottled Flame":10,"Emotion Chip":19,"DataDisk":24,"Anchor":48,"Strawberry":126,"Orrery":68,"Philosopher\u0027s Stone":30,"Red Mask":55,"Coffee Dripper":63,"Cracked Core":0,"Symbiotic Virus":42,"Unceasing Top":74,"Pocketwatch":7}],"Unceasing Top":[38],"Pocketwatch":[219],"WarpedTongs":[57],"Cables":[62,11,22,29,0]},"card_choices":[{"not_picked":["Heatsinks","Streamline"],"picked":"Beam Cell","floor":1},{"not_picked":["Coolheaded","Stack"],"picked":"Streamline","floor":3},{"not_picked":["Streamline","Turbo"],"picked":"Steam","floor":5},{"not_picked":["Coolheaded","Barrage"],"picked":"Ball Lightning","floor":10},{"not_picked":["Streamline","Loop"],"picked":"Melter","floor":11},{"not_picked":["Compile Driver","Double Energy"],"picked":"Doom and Gloom","floor":12},{"not_picked":["Sweeping Beam","Darkness"],"picked":"Electrodynamics","floor":13},{"not_picked":["Amplify","Machine Learning"],"picked":"Multi-Cast","floor":16},{"not_picked":["Redo","Go for the Eyes"],"picked":"Leap","floor":18},{"not_picked":["Turbo","Undo"],"picked":"Genetic Algorithm","floor":20},{"not_picked":["Undo","Loop"],"picked":"Cold Snap","floor":21},{"not_picked":["Rebound","Leap"],"picked":"Hologram+1","floor":22},{"not_picked":["Sunder","Barrage"],"picked":"Seek","floor":25},{"not_picked":["Turbo","Redo","Beam Cell+1"],"picked":"SKIP","floor":27},{"not_picked":["Go for the Eyes","White Noise","Darkness"],"picked":"SKIP","floor":30},{"not_picked":["Heatsinks","Coolheaded"],"picked":"Defragment","floor":31},{"not_picked":["Buffer","Core Surge"],"picked":"Multi-Cast","floor":33},{"not_picked":["Turbo","Rip and Tear","Stack"],"picked":"SKIP","floor":35},{"not_picked":["Turbo","Rip and Tear"],"picked":"Stack","floor":35},{"not_picked":["Streamline","Ball Lightning"],"picked":"Coolheaded+1","floor":37},{"not_picked":["Steam+1","Hologram"],"picked":"Lockon+1","floor":38},{"not_picked":["Sweeping Beam+1","Turbo"],"picked":"Multi-Cast","floor":38},{"not_picked":["Chill","Steam"],"picked":"Capacitor","floor":38},{"not_picked":["Steam","Ball Lightning+1"],"picked":"Darkness+1","floor":38},{"not_picked":["Lockon","Self Repair"],"picked":"Aggregate","floor":39},{"not_picked":["Rebound+1","Doom and Gloom+1","Chill"],"picked":"SKIP","floor":40},{"not_picked":["Rebound+1","Doom and Gloom+1","Chill"],"picked":"SKIP","floor":40},{"not_picked":["Ball Lightning+1","Steam"],"picked":"Compile Driver","floor":41},{"not_picked":["Redo","Gash+1"],"picked":"Fission","floor":42},{"not_picked":["Sweeping Beam","Self Repair","Capacitor"],"picked":"SKIP","floor":44},{"not_picked":["Sweeping Beam","Self Repair","Capacitor"],"picked":"SKIP","floor":44},{"not_picked":["Creative AI","Beam Cell"],"picked":"Undo","floor":46},{"not_picked":["Go for the Eyes","Compile Driver+1"],"picked":"Coolheaded","floor":47},{"not_picked":["Hello World","Sunder"],"picked":"Skim","floor":48},{"not_picked":["Rip and Tear","Beam Cell"],"picked":"Compile Driver","floor":55}],"player_experience":8610912,"relics_obtained":[{"floor":9,"key":"Bottled Flame"},{"floor":11,"key":"Emotion Chip"},{"floor":13,"key":"DataDisk"},{"floor":14,"key":"Blue Candle"},{"floor":25,"key":"Lantern"},{"floor":26,"key":"Symbiotic Virus"},{"floor":27,"key":"Anchor"},{"floor":31,"key":"Red Mask"},{"floor":40,"key":"Unceasing Top"},{"floor":42,"key":"PreservedInsect"},{"floor":44,"key":"Cables"},{"floor":48,"key":"Oddly Smooth Stone"},{"floor":55,"key":"Strawberry"}],"event_choices":[{"damage_healed":23,"gold_gain":0,"player_choice":"Banana","damage_taken":0,"max_hp_gain":0,"max_hp_loss":0,"event_name":"Big Fish","floor":2,"gold_loss":0},{"damage_healed":0,"gold_gain":0,"player_choice":"Success","damage_taken":11,"relics_obtained":["Pocketwatch"],"max_hp_gain":0,"max_hp_loss":0,"event_name":"Scrap Ooze","floor":4,"gold_loss":0},{"damage_healed":0,"gold_gain":50,"player_choice":"Touch","damage_taken":7,"max_hp_gain":0,"max_hp_loss":0,"event_name":"FaceTrader","floor":7,"gold_loss":0},{"damage_healed":0,"gold_gain":0,"player_choice":"Copied","damage_taken":0,"max_hp_gain":0,"max_hp_loss":0,"event_name":"Duplicator","floor":19,"gold_loss":0,"cards_obtained":["Electrodynamics"]},{"damage_healed":0,"gold_gain":0,"player_choice":"Became a vampire","damage_taken":0,"max_hp_gain":0,"max_hp_loss":22,"event_name":"Vampires","floor":29,"gold_loss":0,"cards_obtained":["Bite","Bite","Bite","Bite","Bite"]},{"damage_healed":0,"gold_gain":0,"player_choice":"Fought Bandits","damage_taken":0,"max_hp_gain":0,"max_hp_loss":0,"event_name":"Masked Bandits","floor":31,"gold_loss":0},{"damage_healed":0,"gold_gain":0,"player_choice":"Rummage","damage_taken":0,"relics_obtained":["WarpedTongs"],"max_hp_gain":0,"max_hp_loss":0,"event_name":"Accursed Blacksmith","floor":36,"gold_loss":0,"cards_obtained":["Pain"]}],"is_beta":false,"boss_relics":[{"not_picked":["Empty Cage","Astrolabe"],"picked":"Philosopher\u0027s Stone"},{"not_picked":["Busted Crown","FrozenCore"],"picked":"Coffee Dripper"}],"items_purged_floors":[],"is_endless":false,"potions_floor_spawned":[1,10,18,20,33,35,41,42,44,47,55],"ascension_level":20}}