{"host":"nlbr7nnijupf3yfg","time":1613275602,"event":{"mods":["AchievementEnabler","BaseMod","BetterRewards","Colored Powertips","DeckTracker","Downfall","Hermit","Hubris","Infinite Spire","Minty Spire (QoL Compilation)","Quick Restart","Replay The Spire","StSLib","SuperFastMode"],"gold_per_floor":[119,119,119,119,119,119,134,148,148,178,178,178,191,191,191],"floor_reached":14,"language":"ENG","playtime":218,"items_purged":[],"score":157,"play_id":"bcde3c16-1b7c-40be-9dd8-d64f84fdfa39","local_time":"20210213230642","is_ascension_mode":true,"campfire_choices":[{"data":"Thunderclap","floor":6,"key":"SMITH"},{"floor":11,"key":"REST"}],"circlet_count":0,"master_deck":["AscendersBane","Strike_R","Strike_R","Strike_R","Strike_R","Strike_R","Defend_R","Defend_R","Defend_R","Defend_R","Bash","Feel No Pain","Shrug It Off","Looming Evil","Thunderclap+1","Regret","Offering","Feed","Evolve","Feel No Pain"],"relics":["Burning Blood","Mercury Hourglass","Incense Burner","Ring of Searing","Ring of Misfortune","hubris:Towel","MealTicket","Mango","Replay:Bottled Snecko","hubris:SlimyHat"],"acts_visited":["Exordium"],"potions_floor_usage":[],"damage_taken":[{"damage":12,"enemies":"Jaw Worm","floor":1,"turns":4},{"damage":5,"enemies":"2 Louse","floor":7,"turns":2},{"damage":5,"enemies":"Small Slimes","floor":8,"turns":2},{"damage":29,"enemies":"Lagavulin","floor":10,"turns":6},{"damage":5,"enemies":"3 Louse","floor":13,"turns":2},{"damage":207,"enemies":"Replay:BlueRogue","floor":14,"turns":4}],"seed_played":"4684465060600881486","potions_obtained":[{"floor":10,"key":"AttackPotion"}],"is_trial":false,"path_per_floor":["M","?","?","?","?","R","M","M","T","E","R","?","M","E"],"character_chosen":"IRONCLAD","items_purchased":["Feel No Pain","Mercury Hourglass"],"campfire_rested":1,"item_purchase_floors":[0,0],"current_hp_per_floor":[66,66,66,66,66,66,67,68,82,59,87,80,84,0,0],"gold":191,"neow_bonus":"","is_daily":false,"chose_seed":false,"campfire_upgraded":1,"win_rate":0.0,"timestamp":1613275602,"path_taken":["M","?","?","?","?","R","M","?","T","E","R","?","M","E"],"items_purchased_type":["Card","Relic"],"build_version":"2020-12-22","purchased_purges":0,"victory":false,"max_hp_per_floor":[80,80,80,80,80,80,80,80,94,94,94,94,97,97,97],"card_choices":[{"not_picked":["Inflame","ReplayReversal"],"picked":"Shrug It Off","floor":1},{"not_picked":["Inflame","Defy Death"],"picked":"Offering","floor":7},{"not_picked":["Headbutt","Whirlwind"],"picked":"Feed","floor":8},{"not_picked":["ReplayTheSpireMod:Muscle Training","Pommel Strike"],"picked":"Evolve","floor":10},{"not_picked":["Wild Strike","Heavy Blade"],"picked":"Feel No Pain","floor":13}],"player_experience":61544,"relics_obtained":[{"floor":2,"key":"Ring of Searing"},{"floor":2,"key":"Ring of Misfortune"},{"floor":9,"key":"Mango"},{"floor":10,"key":"Replay:Bottled Snecko"}],"event_choices":[{"damage_healed":0,"gold_gain":0,"player_choice":"Box","damage_taken":0,"relics_obtained":["MealTicket"],"max_hp_gain":0,"max_hp_loss":0,"event_name":"Big Fish","floor":5,"gold_loss":0,"cards_obtained":["Regret"]},{"damage_healed":0,"gold_gain":0,"player_choice":"Success","damage_taken":7,"relics_obtained":["hubris:SlimyHat"],"max_hp_gain":0,"max_hp_loss":0,"event_name":"Scrap Ooze","floor":12,"gold_loss":0}],"is_beta":false,"boss_relics":[],"items_purged_floors":[],"is_endless":false,"potions_floor_spawned":[10],"killed_by":"Replay:BlueRogue","ascension_level":10}}