{"host":"x3688v8yj57o2b0e","time":1613320239,"event":{"mods":["BaseMod","Minty Spire (QoL Compilation)"],"gold_per_floor":[114,128,146,146,165,194,207,219,270,292,316,328,358,387,399,516,528,560,572,600,625,637,649,661,661],"floor_reached":24,"language":"ENG","playtime":1303,"items_purged":[],"score":227,"play_id":"963ba87a-ee59-4e61-a8e8-f87853763ce0","local_time":"20210214113039","is_ascension_mode":true,"campfire_choices":[{"data":"Vigilance","floor":12,"key":"SMITH"},{"data":"Vault","floor":15,"key":"SMITH"},{"floor":23,"key":"REST"}],"circlet_count":0,"master_deck":["Strike_P","Strike_P","Strike_P","Strike_P","Defend_P","Eruption","Vigilance+1","FearNoEvil","CutThroughFate","Crescendo","Consecrate","Vault+1","EmptyBody","Halt","CutThroughFate","ClearTheMind","Wireheading","InnerPeace","Blasphemy","Wallop+1","Crescendo","Vengeance","ForeignInfluence","BowlingBash","WheelKick+1","Decay"],"relics":["PureWater","NeowsBlessing","StrikeDummy","MawBank","Astrolabe"],"acts_visited":["Exordium","TheCity"],"potions_floor_usage":[16,16,18],"damage_taken":[{"damage":0,"enemies":"Small Slimes","floor":1,"turns":1},{"damage":0,"enemies":"Jaw Worm","floor":2,"turns":1},{"damage":0,"enemies":"Cultist","floor":3,"turns":1},{"damage":22,"enemies":"Exordium Wildlife","floor":5,"turns":5},{"damage":18,"enemies":"Lagavulin","floor":6,"turns":5},{"damage":6,"enemies":"Blue Slaver","floor":7,"turns":4},{"damage":9,"enemies":"3 Louse","floor":8,"turns":3},{"damage":0,"enemies":"Looter","floor":10,"turns":2},{"damage":0,"enemies":"Large Slime","floor":11,"turns":2},{"damage":0,"enemies":"2 Fungi Beasts","floor":13,"turns":2},{"damage":0,"enemies":"Blue Slaver","floor":14,"turns":1},{"damage":22,"enemies":"Hexaghost","floor":16,"turns":11},{"damage":9,"enemies":"Shell Parasite","floor":18,"turns":3},{"damage":26,"enemies":"2 Thieves","floor":20,"turns":3},{"damage":24,"enemies":"Chosen and Byrds","floor":21,"turns":4},{"damage":44,"enemies":"Sentry and Sphere","floor":24,"turns":3}],"seed_played":"3703957908821288188","potions_obtained":[{"floor":1,"key":"DuplicationPotion"},{"floor":3,"key":"FairyPotion"},{"floor":6,"key":"PowerPotion"},{"floor":16,"key":"BlessingOfTheForge"}],"is_trial":false,"path_per_floor":["M","M","M","?","M","E","M","M","T","M","M","R","M","M","R","B",null,"M","?","M","M","?","R","M"],"character_chosen":"WATCHER","items_purchased":[],"campfire_rested":1,"item_purchase_floors":[],"current_hp_per_floor":[72,72,72,77,55,37,31,22,22,22,22,22,22,22,22,23,77,68,68,42,18,18,41,0,0],"gold":661,"neow_bonus":"THREE_ENEMY_KILL","is_daily":false,"chose_seed":false,"campfire_upgraded":2,"win_rate":0.0,"timestamp":1613320239,"path_taken":["M","M","M","?","M","E","M","M","T","M","M","R","M","M","R","BOSS","M","?","M","M","?","R","M"],"items_purchased_type":[],"build_version":"2020-12-22","purchased_purges":0,"victory":false,"max_hp_per_floor":[72,72,72,77,77,77,77,77,77,77,77,77,77,77,77,77,77,77,77,77,77,77,77,77,77],"card_choices":[{"not_picked":["ThirdEye","DeceiveReality"],"picked":"FearNoEvil","floor":1},{"not_picked":["EmptyBody","CrushJoints"],"picked":"CutThroughFate","floor":2},{"not_picked":["CrushJoints","FollowUp"],"picked":"Crescendo","floor":3},{"not_picked":["Protect","CutThroughFate"],"picked":"Consecrate","floor":5},{"not_picked":["FlurryOfBlows","BowlingBash"],"picked":"Vault","floor":6},{"not_picked":["Prostrate","WreathOfFlame"],"picked":"EmptyBody","floor":7},{"not_picked":["Swivel","FlurryOfBlows"],"picked":"Halt","floor":8},{"not_picked":["CarveReality","Halt"],"picked":"CutThroughFate","floor":10},{"not_picked":["ThirdEye","EmptyMind"],"picked":"ClearTheMind","floor":11},{"not_picked":["Indignation","EmptyBody"],"picked":"Wireheading","floor":13},{"not_picked":["JustLucky","Judgement"],"picked":"InnerPeace","floor":14},{"not_picked":["Devotion","DeusExMachina"],"picked":"Blasphemy","floor":16},{"not_picked":["FollowUp","Consecrate"],"picked":"Crescendo","floor":18},{"not_picked":["Consecrate","JustLucky"],"picked":"BowlingBash","floor":20},{"not_picked":["BowlingBash+1","SashWhip"],"picked":"WheelKick+1","floor":21}],"player_experience":228923,"relics_obtained":[{"floor":6,"key":"StrikeDummy"},{"floor":9,"key":"MawBank"}],"event_choices":[{"damage_healed":0,"gold_gain":0,"player_choice":"Donut","damage_taken":0,"max_hp_gain":5,"max_hp_loss":0,"event_name":"Big Fish","floor":4,"gold_loss":0},{"damage_healed":0,"gold_gain":0,"cards_transformed":["Devotion","MasterReality"],"player_choice":"Became Test Subject","damage_taken":0,"max_hp_gain":0,"max_hp_loss":0,"event_name":"Drug Dealer","floor":19,"gold_loss":0,"cards_obtained":["Vengeance","ForeignInfluence"]},{"damage_healed":0,"gold_gain":0,"player_choice":"Smashed Altar","damage_taken":0,"max_hp_gain":0,"max_hp_loss":0,"event_name":"Forgotten Altar","floor":22,"gold_loss":0,"cards_obtained":["Decay"]}],"is_beta":false,"boss_relics":[{"not_picked":["Pandora\u0027s Box","Fusion Hammer"],"picked":"Astrolabe"}],"items_purged_floors":[],"is_endless":false,"potions_floor_spawned":[1,3,6,10,13,16],"killed_by":"Sentry and Sphere","ascension_level":2}}