{"host":"36qke0usa4c48kdx","time":1613265913,"event":{"mods":["AchievementEnabler","BaseMod","Colored Map","Downfall","Hermit","Hubris","Marisa????????","Minty Spire (QoL Compilation)","READ ME - Guardian Mod","Replay The Spire","Shop Mod","StSLib","The Bug Knight","The Cursed","The Disciple","The Servant 0.9.4"],"gold_per_floor":[362,422,435,435,435,435,403,434,434,434,509,525,540,554,554,662,674,701,638,674,705,734,746,776,788,878,916,939,962,974,986,998,1105,1117,1145,1171,358,369,369,369,369],"floor_reached":40,"language":"ENG","playtime":3333,"items_purged":["downfall:Icky"],"score":788,"play_id":"2fcb617f-f6b5-4aec-92ac-cda2294219f1","local_time":"20210214022513","is_ascension_mode":true,"campfire_choices":[{"floor":6,"key":"DIG"},{"floor":10,"key":"DIG"},{"floor":15,"key":"DIG"},{"floor":23,"key":"DIG"},{"floor":25,"key":"DIG"},{"floor":32,"key":"DIG"}],"circlet_count":0,"master_deck":["Strike_S","Strike_S","Strike_S","Strike_S","Defend_S","Defend_S","Defend_S","KidneyShot","Exchange","Defy","SoulSculpture","Deadline","hubris:NaturalOne","BottledTime","Misdirection","Sunlight","InstantArmor","Solidify","Starlight+1","StarChef","RealityMarble","SoulSculpture","GearUp","SilverBlades","Slimebound:CheckThePlaybook","TrueSight","Poisoned Strike+1","Shuttle+1","Rearm+1","SilverBlades"],"relics":["SplendidAttire","Matryoshka","Shovel","hubris:Icosahedron","Orichalcum","Replay:Rubber Ducky","Potion Belt","Blue Doll","Pet Ghost","MawBank","Regal Pillow","Oddly Smooth Stone","Dream Catcher","Kunai","Garlic","Toxic Egg 2","bronze:MakeshiftBattery","Omamori","Pan","Pantograph"],"acts_visited":["Exordium","TheCity","TheBeyond"],"potions_floor_usage":[12,16,29,35,36,40,40],"damage_taken":[{"damage":2,"enemies":"2 Louse","floor":1,"turns":2},{"damage":5,"enemies":"Small Slimes","floor":3,"turns":4},{"damage":1,"enemies":"Jaw Worm","floor":7,"turns":3},{"damage":4,"enemies":"Gremlin Nob","floor":8,"turns":5},{"damage":5,"enemies":"3 Louse","floor":12,"turns":4},{"damage":1,"enemies":"2 Fungi Beasts","floor":13,"turns":5},{"damage":0,"enemies":"Large Slime","floor":14,"turns":5},{"damage":0,"enemies":"Hexaghost","floor":16,"turns":9},{"damage":3,"enemies":"Chosen","floor":18,"turns":5},{"damage":3,"enemies":"Spheric Guardian","floor":21,"turns":4},{"damage":9,"enemies":"Centurion and Healer","floor":22,"turns":6},{"damage":9,"enemies":"Shelled Parasite and Fungi","floor":24,"turns":4},{"damage":16,"enemies":"Book of Stabbing","floor":27,"turns":6},{"damage":0,"enemies":"Cultist and Chosen","floor":28,"turns":5},{"damage":0,"enemies":"Snake Plant","floor":29,"turns":5},{"damage":6,"enemies":"Pondfish","floor":33,"turns":10},{"damage":16,"enemies":"3 Darklings","floor":35,"turns":4},{"damage":28,"enemies":"3 Shapes","floor":36,"turns":7},{"damage":0,"enemies":"Maw","floor":38,"turns":5},{"damage":16,"enemies":"Giant Head","floor":40,"turns":7}],"seed_played":"-5741590071989609037","potions_obtained":[{"floor":3,"key":"Regen Potion"},{"floor":13,"key":"Weak Potion"},{"floor":14,"key":"BlessingOfTheForge"},{"floor":16,"key":"GamblersBrew"},{"floor":24,"key":"ColorlessPotion"},{"floor":28,"key":"BlessingOfTheForge"},{"floor":33,"key":"Adrenaline Potion"},{"floor":38,"key":"GamblersBrew"}],"is_trial":false,"path_per_floor":["M","?","M","?","?","R","M","E","T","R","?","M","M","M","R","B",null,"M","?","T","M","M","R","M","R","T","E","M","M","?","?","R","B",null,"M","M","$","M","?","E"],"character_chosen":"THE_SERVANT","items_purchased":["Omamori","Pan","Pantograph","Poisoned Strike+1","Shuttle+1"],"campfire_rested":0,"item_purchase_floors":[37,37,37,37,37],"current_hp_per_floor":[57,43,38,31,31,31,30,26,26,26,15,22,21,21,21,21,50,47,47,47,44,35,35,26,26,26,10,10,10,10,29,29,23,50,34,6,6,6,6,0,0],"gold":369,"neow_bonus":"TWO_FIFTY_GOLD","is_daily":false,"chose_seed":false,"campfire_upgraded":0,"win_rate":0.0,"timestamp":1613265913,"path_taken":["M","?","M","?","?","R","M","E","T","R","?","M","M","M","R","BOSS","M","?","?","?","M","R","M","R","T","E","M","M","?","?","R","BOSS","M","M","$","M","?","E"],"items_purchased_type":["Relic","Relic","Relic","Card","Card"],"build_version":"2020-12-22","purchased_purges":1,"victory":false,"max_hp_per_floor":[59,59,59,59,59,59,59,59,59,59,59,59,59,59,59,59,59,59,59,59,59,59,59,59,59,59,59,59,59,59,59,59,59,59,59,59,59,59,59,59,59],"card_choices":[{"not_picked":["Starlight","Ricochet","Replace"],"picked":"SKIP","floor":1},{"not_picked":["Unruled","Revamp"],"picked":"Defy","floor":2},{"not_picked":["Replace","Spin"],"picked":"SoulSculpture","floor":3},{"not_picked":["Ricochet","Hightail"],"picked":"Deadline","floor":7},{"not_picked":["Spin","MoonPhase"],"picked":"BottledTime","floor":8},{"not_picked":["DoubleEdge","Spin"],"picked":"Misdirection","floor":12},{"not_picked":["Rearm","ShiftingGears"],"picked":"Sunlight","floor":13},{"not_picked":["Advance","Replace"],"picked":"InstantArmor","floor":14},{"not_picked":["ForgedInTime","Dilation"],"picked":"Solidify","floor":16},{"not_picked":["Replace","FastForward"],"picked":"Starlight+1","floor":18},{"not_picked":["Alleviate","ShatteredReality"],"picked":"StarChef","floor":21},{"not_picked":["FastForward","Potential"],"picked":"RealityMarble","floor":22},{"not_picked":["Potential+1","ShatteredReality"],"picked":"SoulSculpture","floor":24},{"not_picked":["Revamp","Advance"],"picked":"GearUp","floor":27},{"not_picked":["Potential","ShatteredReality","Unruled+1"],"picked":"SKIP","floor":28},{"not_picked":["FastForward","Defy+1"],"picked":"SilverBlades","floor":29},{"not_picked":["Duplication+1","FloweringNight"],"picked":"TrueSight","floor":33},{"not_picked":["Revamp+1","Rewind+1","Unruled+1"],"picked":"SKIP","floor":35},{"not_picked":["Replace+1","TimeWarp+1","Alleviate+1"],"picked":"SKIP","floor":36},{"not_picked":["Ricochet+1","BottledTime+1"],"picked":"Rearm+1","floor":38}],"player_experience":777009,"relics_obtained":[{"floor":2,"key":"Matryoshka"},{"floor":6,"key":"Orichalcum"},{"floor":8,"key":"Replay:Rubber Ducky"},{"floor":9,"key":"Potion Belt"},{"floor":9,"key":"Blue Doll"},{"floor":10,"key":"Pet Ghost"},{"floor":15,"key":"MawBank"},{"floor":20,"key":"Regal Pillow"},{"floor":23,"key":"Oddly Smooth Stone"},{"floor":25,"key":"Dream Catcher"},{"floor":26,"key":"Kunai"},{"floor":27,"key":"Garlic"},{"floor":32,"key":"Toxic Egg 2"}],"event_choices":[{"damage_healed":0,"gold_gain":0,"player_choice":"Success","damage_taken":7,"relics_obtained":["Shovel"],"max_hp_gain":0,"max_hp_loss":0,"event_name":"Scrap Ooze","floor":4,"gold_loss":0},{"damage_healed":0,"gold_gain":75,"player_choice":"Gather Gold","damage_taken":11,"max_hp_gain":0,"max_hp_loss":0,"event_name":"World of Goop","floor":11,"gold_loss":0},{"cards_removed":["Defend_S"],"damage_healed":0,"gold_gain":0,"player_choice":"Gave Gold","damage_taken":0,"max_hp_gain":0,"max_hp_loss":0,"event_name":"Beggar","floor":19,"gold_loss":75},{"damage_healed":19,"gold_gain":0,"player_choice":"Heal","damage_taken":0,"max_hp_gain":0,"max_hp_loss":0,"event_name":"The Library","floor":31,"gold_loss":0},{"damage_healed":0,"gold_gain":0,"player_choice":"Copied","damage_taken":0,"max_hp_gain":0,"max_hp_loss":0,"event_name":"Duplicator","floor":39,"gold_loss":0,"cards_obtained":["SilverBlades"]}],"is_beta":false,"boss_relics":[{"not_picked":["Runic Dome","hubris:TerracottaHorce"],"picked":"SplendidAttire"},{"not_picked":["hubris:Backtick","hubris:VirtuousBlindfold"],"picked":"bronze:MakeshiftBattery"}],"items_purged_floors":[37],"is_endless":false,"potions_floor_spawned":[3,13,14,16,24,28,33,38],"killed_by":"Giant Head","ascension_level":5}}