{"host":"5jdby9iqu3ct6557","time":1613261032,"event":{"mods":["BaseMod","DeckTracker","Highlight Path","Minty Spire (QoL Compilation)","Relic Stats","StSLib","ojb\u0027s Info Mod"],"gold_per_floor":[214,230,241,241,13,13,42,42,42,124,124,159,159,212,212,212,212],"floor_reached":16,"language":"ENG","playtime":4472,"items_purged":[],"score":286,"play_id":"79e9dc0b-8375-47f2-9205-aca9c8f59ea2","local_time":"20210213190352","is_ascension_mode":true,"campfire_choices":[{"data":"HandOfGreed","floor":6,"key":"SMITH"},{"data":"Quick Slash","floor":8,"key":"SMITH"},{"data":"Masterful Stab","floor":11,"key":"SMITH"},{"floor":15,"key":"REST"}],"circlet_count":0,"master_deck":["AscendersBane","Strike_G","Strike_G","Strike_G","Defend_G","Defend_G","Defend_G","Defend_G","Defend_G","Survivor","Neutralize","Slice","Masterful Stab+1","Quick Slash+1","HandOfGreed+1","Well Laid Plans","Acrobatics","Dagger Spray","Backstab","Leg Sweep"],"relics":["Ring of the Snake","Sundial","Gremlin Horn","White Beast Statue","Dream Catcher"],"acts_visited":["Exordium"],"potions_floor_usage":[7,14,16,16],"damage_taken":[{"damage":1,"enemies":"Small Slimes","floor":1,"turns":4},{"damage":1,"enemies":"2 Louse","floor":2,"turns":5},{"damage":4,"enemies":"Jaw Worm","floor":3,"turns":4},{"damage":0,"enemies":"Gremlin Nob","floor":7,"turns":3},{"damage":10,"enemies":"3 Sentries","floor":10,"turns":6},{"damage":0,"enemies":"2 Fungi Beasts","floor":12,"turns":1},{"damage":7,"enemies":"Lagavulin","floor":14,"turns":4},{"damage":48,"enemies":"Hexaghost","floor":16,"turns":9}],"seed_played":"2224873118188717047","potions_obtained":[{"floor":1,"key":"AttackPotion"},{"floor":7,"key":"LiquidBronze"},{"floor":12,"key":"Swift Potion"},{"floor":14,"key":"LiquidMemories"}],"is_trial":false,"path_per_floor":["M","M","M","?","$","R","E","R","T","E","R","M","?","E","R","B"],"character_chosen":"THE_SILENT","items_purchased":["HandOfGreed","Well Laid Plans"],"campfire_rested":1,"item_purchase_floors":[5,5],"current_hp_per_floor":[58,57,53,46,46,46,46,46,46,36,36,36,36,29,48,0,0],"gold":212,"neow_bonus":"HUNDRED_GOLD","is_daily":false,"chose_seed":false,"campfire_upgraded":3,"win_rate":0.0,"timestamp":1613261032,"path_taken":["M","M","M","?","$","R","E","R","T","E","R","M","?","E","R","BOSS"],"items_purchased_type":["Card","Card"],"build_version":"2020-12-22","purchased_purges":0,"victory":false,"max_hp_per_floor":[66,66,66,66,66,66,66,66,66,66,66,66,66,66,66,66,66],"relic_stats":{"Dream Catcher":1,"Gremlin Horn":[3,3],"counters":[8,36],"Sundial":[2],"obtain_stats":[{"Dream Catcher":14,"Gremlin Horn":9,"Sundial":7,"White Beast Statue":10,"Ring of the Snake":0},{"Dream Catcher":7,"Gremlin Horn":4,"Sundial":4,"White Beast Statue":5,"Ring of the Snake":0},{"Dream Catcher":27,"Gremlin Horn":16,"Sundial":16,"White Beast Statue":22,"Ring of the Snake":0}],"Ring of the Snake":[16]},"card_choices":[{"not_picked":["Heel Hook","Well Laid Plans"],"picked":"Slice","floor":1},{"not_picked":["Outmaneuver","Acrobatics"],"picked":"Masterful Stab","floor":2},{"not_picked":["Prepared","Flying Knee"],"picked":"Quick Slash","floor":3},{"not_picked":["Flying Knee","Concentrate","Heel Hook"],"picked":"SKIP","floor":7},{"not_picked":["Slice","Tools of the Trade"],"picked":"Acrobatics","floor":10},{"not_picked":["Eviscerate","Heel Hook"],"picked":"Backstab","floor":14},{"not_picked":["Dagger Spray","Well Laid Plans"],"picked":"Leg Sweep","floor":15}],"player_experience":2725513,"relics_obtained":[{"floor":7,"key":"Sundial"},{"floor":9,"key":"Gremlin Horn"},{"floor":10,"key":"White Beast Statue"},{"floor":14,"key":"Dream Catcher"}],"event_choices":[{"cards_removed":["Strike_G"],"damage_healed":0,"gold_gain":0,"player_choice":"Card Removal","damage_taken":7,"max_hp_gain":0,"max_hp_loss":0,"event_name":"Golden Wing","floor":4,"gold_loss":0},{"damage_healed":0,"gold_gain":0,"cards_transformed":["Strike_G"],"player_choice":"Change","damage_taken":0,"max_hp_gain":0,"max_hp_loss":0,"event_name":"Living Wall","floor":13,"gold_loss":0,"cards_obtained":["Dagger Spray"]}],"is_beta":false,"boss_relics":[],"items_purged_floors":[],"is_endless":false,"potions_floor_spawned":[1,7,12,14],"killed_by":"Hexaghost","ascension_level":20}}