{"host":"4g8vayc9pwrwu92h","time":1613316363,"event":{"mods":["Aspiration","BaseMod","Conspire","Downfall","Marked Mod","Minty Spire (QoL Compilation)","Quick Restart","StSLib","The Jungle"],"gold_per_floor":[1020,1020,1020,787,787,818,818,850,874,902,922,922,935,565,565,670,670,680,680,700,227,241,241,260,260,260,260,189,189,203,229,229,333,333,348,362,362,362,381,381,406,406,406,440,454,454,504,539,539,539,539,539,136,167,167,167],"floor_reached":55,"language":"ZHS","playtime":2652,"items_purged":["Injury"],"score":1133,"play_id":"730ab163-48e1-4c8b-a76e-ceef94954b33","local_time":"20210214232603","is_ascension_mode":true,"campfire_choices":[{"floor":7,"key":"RECALL"},{"data":"Self Repair","floor":12,"key":"SMITH"},{"data":"Consume","floor":15,"key":"SMITH"},{"data":"aspiration:Polymerization","floor":23,"key":"SMITH"},{"data":"Conserve Battery","floor":25,"key":"SMITH"},{"floor":32,"key":"REST"},{"data":"Loop","floor":40,"key":"SMITH"},{"floor":49,"key":"REST"},{"data":"White Noise","floor":52,"key":"SMITH"}],"circlet_count":0,"master_deck":["Strike_B+1","Strike_B+1","Strike_B+1","Strike_B+1","Defend_B+1","Defend_B+1","Defend_B+1","Defend_B+1","Zap+1","Dualcast+1","Melter+1","Rip and Tear+1","Self Repair+1","Streamline+1","Conserve Battery+1","Ball Lightning+1","Consume+1","Capacitor+1","aspiration:Polymerization+1","Cold Snap+1","Loop+1","Doom and Gloom+1","All For One+1","Leap+1","Coolheaded+1","Barrage+1","White Noise+1","Defragment+1","Loop+1","Core Surge+1","Auto Shields"],"relics":["Cracked Core","Black Star","Molten Egg 2","HandDrill","DataDisk","aspiration:ChemicalBlood","Regal Pillow","Juzu Bracelet","Boot","PreservedInsect","Turnip","conspire:SpecialSausage","Kunai","conspire:BottledYoYo","Akabeko","Meat on the Bone","Letter Opener","Toy Ornithopter","Nuclear Battery","Whetstone","Bag of Marbles","Eternal Feather","Dream Catcher","Darkstone Periapt","Bird Faced Urn","Singing Bowl","Oddly Smooth Stone","conspire:Dentures","conspire:DeflatedDodgeball","Cables"],"acts_visited":["Exordium","TheBeyond","TheEnding"],"potions_floor_usage":[10,16,16,18,19,19,22,22,31,33,35,41,45,47,47,50,50,50,54,54,54,54,54,54,55],"damage_taken":[{"damage":0.0,"enemies":"2 Louse","floor":1.0,"turns":2.0},{"damage":4,"enemies":"3 Sentries","floor":6,"turns":5},{"damage":16,"enemies":"Lagavulin","floor":8,"turns":4},{"damage":10,"enemies":"Gremlin Nob","floor":10,"turns":3},{"damage":4,"enemies":"Jaw Worm","floor":11,"turns":2},{"damage":0,"enemies":"Cultist","floor":13,"turns":1},{"damage":22,"enemies":"The Guardian","floor":16,"turns":7},{"damage":0,"enemies":"theJungle:GiantWrat","floor":18,"turns":2},{"damage":20,"enemies":"JungleHuntersEvent","floor":19,"turns":3},{"damage":14,"enemies":"Shell Parasite","floor":20,"turns":2},{"damage":17,"enemies":"theJungle:JungleHuntersEncounter","floor":22,"turns":4},{"damage":20,"enemies":"theJungle:Lyon","floor":24,"turns":4},{"damage":12,"enemies":"theJungle:Snecko_Cultist_And_Trap","floor":30,"turns":4},{"damage":38,"enemies":"theJungle:MamaSnecko","floor":31,"turns":5},{"damage":0,"enemies":"theJungle:QueenSpyder","floor":33,"turns":8},{"damage":11,"enemies":"Orb Walker","floor":35,"turns":2},{"damage":0,"enemies":"3 Shapes","floor":36,"turns":2},{"damage":12,"enemies":"Spire Growth","floor":39,"turns":5},{"damage":0,"enemies":"Reptomancer","floor":41,"turns":6},{"damage":24,"enemies":"Nemesis","floor":44,"turns":3},{"damage":35,"enemies":"Transient","floor":45,"turns":5},{"damage":21,"enemies":"Mind Bloom Boss Battle","floor":47,"turns":5},{"damage":25,"enemies":"Reptomancer","floor":48,"turns":3},{"damage":50,"enemies":"Donu and Deca","floor":50,"turns":9},{"damage":111,"enemies":"Shield and Spear","floor":54,"turns":5},{"damage":91,"enemies":"The Heart","floor":55,"turns":8}],"seed_played":"604091892666396416","potions_obtained":[{"floor":6,"key":"SkillPotion"},{"floor":8,"key":"GamblersBrew"},{"floor":11,"key":"Dexterity Potion"},{"floor":16,"key":"SkillPotion"},{"floor":18,"key":"LiquidMemories"},{"floor":30,"key":"Weak Potion"},{"floor":39,"key":"Swift Potion"},{"floor":41,"key":"CultistPotion"},{"floor":45,"key":"SteroidPotion"},{"floor":48,"key":"AttackPotion"}],"is_trial":false,"path_per_floor":["M","?","?","$","?","E","R","E","T","E","M","R","M","$","R","B",null,"M","?","M","$","M","R","M","R","T","?","$","?","M","E","R","B",null,"M","M","?","?","M","R","E","T","T","E","M","?","?","E","R","B",null,"R","$","E","B"],"character_chosen":"DEFECT","items_purchased":["HandDrill","Rip and Tear+1","Turnip","conspire:BottledYoYo","aspiration:Polymerization","Akabeko","Loop","conspire:Dentures","Core Surge+1"],"campfire_rested":2,"item_purchase_floors":[4,4,14,21,21,21,28,53,53],"current_hp_per_floor":[75,75,75,75,75,71,71,62,62,59,55,55,55,55,55,43,72,82,72,68,68,61,61,51,51,51,46,46,46,56,40,81,87,87,87,87,87,87,85,85,87,87,87,73,65,65,64,57,91,63,84,91,91,40,0,0],"gold":167,"neow_bonus":"TEN_PERCENT_HP_BONUS","is_daily":false,"chose_seed":false,"campfire_upgraded":6,"win_rate":0.0,"timestamp":1613316363,"path_taken":["M","?","?","$","?","E","R","E","T","E","M","R","M","$","R","BOSS","M","?","M","$","M","R","M","R","T","?","?","?","M","E","R","BOSS","M","M","?","?","M","R","E","?","T","E","M","?","?","E","R","BOSS","R","$","E","BOSS"],"items_purchased_type":["Relic","Card","Relic","Relic","Card","Relic","Card","Relic","Card"],"build_version":"2020-12-22","purchased_purges":1,"victory":false,"max_hp_per_floor":[82,82,82,82,82,82,82,82,82,82,82,82,82,82,82,82,82,82,82,82,82,82,82,82,82,82,87,87,87,87,87,87,87,87,87,87,87,87,87,87,87,87,87,87,87,87,87,89,91,91,91,91,91,91,91,91],"card_choices":[{"not_picked":["Streamline","Recycle"],"picked":"Melter","floor":1.0},{"not_picked":["Hyperbeam+1","Coolheaded"],"picked":"Self Repair","floor":6},{"not_picked":["Leap","Sweeping Beam+1"],"picked":"Streamline+1","floor":8},{"not_picked":["Force Field","Reinforced Body"],"picked":"Conserve Battery","floor":10},{"not_picked":["FTL+1","Go for the Eyes+1"],"picked":"Ball Lightning+1","floor":11},{"not_picked":["Conserve Battery","Rip and Tear+1"],"picked":"Consume","floor":13},{"not_picked":["Turbo+1","Streamline+1"],"picked":"Capacitor+1","floor":18},{"not_picked":["Compile Driver+1","Beam Cell+1"],"picked":"conspire:Rain","floor":19},{"not_picked":["Doom and Gloom+1","Barrage+1","Compile Driver+1"],"picked":"SKIP","floor":20},{"not_picked":["Seek","Streamline+1","Gash+1"],"picked":"SKIP","floor":22},{"not_picked":["Turbo+1","Stack"],"picked":"Cold Snap+1","floor":24},{"not_picked":["Static Discharge","Genetic Algorithm","Coolheaded"],"picked":"SKIP","floor":30},{"not_picked":["Auto Shields","Barrage+1"],"picked":"Doom and Gloom+1","floor":31},{"not_picked":["Reboot","Seek"],"picked":"All For One+1","floor":33},{"not_picked":["Doom and Gloom+1","Stack"],"picked":"Leap+1","floor":35},{"not_picked":["Beam Cell+1","Loop"],"picked":"Coolheaded+1","floor":36},{"not_picked":["Rebound+1","Stack+1"],"picked":"Barrage+1","floor":39},{"not_picked":["Coolheaded","Rebound+1"],"picked":"White Noise","floor":41},{"not_picked":["Conserve Battery","Recycle+1","Meteor Strike+1"],"picked":"SKIP","floor":44},{"not_picked":["Rebound+1","Turbo+1"],"picked":"Defragment+1","floor":45},{"not_picked":["Heatsinks","Coolheaded"],"picked":"Loop+1","floor":47},{"not_picked":["Rebound+1","Sweeping Beam+1","Undo"],"picked":"Singing Bowl","floor":48},{"not_picked":["Conserve Battery+1","Sunder+1","conspire:Rain"],"picked":"Singing Bowl","floor":49},{"not_picked":["Tempest","Conserve Battery"],"picked":"Auto Shields","floor":54}],"player_experience":452682,"relics_obtained":[{"floor":6,"key":"DataDisk"},{"floor":6,"key":"aspiration:ChemicalBlood"},{"floor":8,"key":"Regal Pillow"},{"floor":8,"key":"Juzu Bracelet"},{"floor":10,"key":"Boot"},{"floor":10,"key":"PreservedInsect"},{"floor":19,"key":"Kunai"},{"floor":26,"key":"Meat on the Bone"},{"floor":31,"key":"Letter Opener"},{"floor":31,"key":"Toy Ornithopter"},{"floor":41,"key":"Whetstone"},{"floor":42,"key":"Bag of Marbles"},{"floor":43,"key":"Eternal Feather"},{"floor":44,"key":"Dream Catcher"},{"floor":44,"key":"Darkstone Periapt"},{"floor":47,"key":"Bird Faced Urn"},{"floor":48,"key":"Singing Bowl"},{"floor":48,"key":"Oddly Smooth Stone"},{"floor":54,"key":"conspire:DeflatedDodgeball"},{"floor":54,"key":"Cables"}],"event_choices":[{"damage_healed":0.0,"max_hp_gain":0.0,"max_hp_loss":0.0,"gold_gain":0.0,"event_name":"Living Wall","player_choice":"Grow","floor":5.0,"gold_loss":0.0,"damage_taken":0.0,"cards_upgraded":["Melter"]},{"damage_healed":0,"gold_gain":0,"player_choice":"Leave","damage_taken":0,"max_hp_gain":0,"max_hp_loss":0,"event_name":"conspire:Investor","floor":37,"gold_loss":0},{"cards_removed":["conspire:Rain"],"damage_healed":0,"gold_gain":0,"player_choice":"Removed Skill","damage_taken":0,"max_hp_gain":0,"max_hp_loss":0,"event_name":"Falling","floor":38,"gold_loss":0},{"damage_healed":0,"gold_gain":0,"player_choice":"Ignored","damage_taken":0,"max_hp_gain":0,"max_hp_loss":0,"event_name":"Mysterious Sphere","floor":46,"gold_loss":0},{"damage_healed":0,"gold_gain":0,"player_choice":"Fight","damage_taken":0,"max_hp_gain":0,"max_hp_loss":0,"event_name":"MindBloom","floor":47,"gold_loss":0}],"is_beta":false,"boss_relics":[{"not_picked":["Runic Pyramid","Sozu"],"picked":"conspire:SpecialSausage"},{"not_picked":["Tiny House","Astrolabe"],"picked":"Nuclear Battery"}],"items_purged_floors":[14],"is_endless":false,"potions_floor_spawned":[6,8,11,16,18,30,31,39,41,48],"killed_by":"The Heart","ascension_level":6}}