{"host":"p5axfb00mxhraew6","time":1613316752,"event":{"mods":["100% Spire Juice","Abigail Mod","Act Like it!","BaseMod","CapriCore","Friendly Minions","GifTheSpireLib","Jedi Mod","KomeijiMod","Lobotomy","MarisaÅiñ∂âJÅ@ñÇóùçπÅj","Minty Spire (QoL Compilation)","Prisma Mod","ReimuÅiîé??öÎÅj","RemiliaÅiÂQïƒ‰ª?Åj","SOSÅiézîb?îVéqÅj","StSLib","Td1madao Mod","The Alterego","The Immortal","The Problem Sleuth","Yakumo Yukari mod"],"gold_per_floor":[121,121,78,78,120,120,164,164,191,191,269,297,348,423,423,538,538,587,197,266,290,338,214,214,295,347,347,347,383,272,158,158,94,94,110,110,121,146,164,217,217,281,281,2,2,2,2,56,56,68,68,68,68,68,68,146,151],"floor_reached":58,"language":"ENG","playtime":2231,"items_purged":["Lonely"],"score":3636,"play_id":"54e33455-22b7-4290-a819-3716a07a885d","local_time":"20210215003232","is_ascension_mode":true,"campfire_choices":[{"data":"Gilgamesh","floor":6,"key":"SMITH"},{"data":"Unrisingdragon","floor":8,"key":"SMITH"},{"data":"Redorb","floor":10,"key":"SMITH"},{"data":"Swordmaster","floor":15,"key":"SMITH"},{"data":"Trickster","floor":24,"key":"SMITH"},{"data":"Kick13","floor":27,"key":"SMITH"},{"data":"Weaponchange","floor":32,"key":"SMITH"},{"data":"Swordcombo","floor":41,"key":"SMITH"},{"data":"Apotheosis","floor":45,"key":"SMITH"},{"floor":47,"key":"RECALL"},{"data":"Swordmaster","floor":49,"key":"SMITH"},{"data":"Kick13","floor":54,"key":"SMITH"}],"circlet_count":0,"master_deck":["AscendersBane","Attack_a","Attack_a","Attack_b+1","Provocation","Defend_Dante","Defend_Dante","Defend_Dante","Defend_Dante","Redorb+1","Gilgamesh+1","Unrisingdragon+1","Straight","Swordmaster+1","Unrisingdragon+1","Trickster+1","Millionstab","Millionkick","BeastUppercut","Purpleorb","Kick13+1","Royaldefend","Weaponchange+1","Enemystep","Straight","Swordmaster+1","Dash1+1","Swordcombo+1","Kick13+1","Apotheosis+1","Demonreform"],"relics":["SSS","Combocheck","jedi:crownofsimplicity","Tiny Chest","Oddly Smooth Stone","Odd Mushroom","Question Card","Sozu","Whetstone","Akabeko","Juzu Bracelet","Eternal Feather","Bag of Preparation","theSleuth:SaltedMelon","Pen Nib","Cursed Key","Mummified Hand","Kunai","Boot"],"acts_visited":["Exordium","TheCity","TheBeyond","TheEnding"],"potions_floor_usage":[7,11],"damage_taken":[{"damage":4,"enemies":"2 Louse","floor":1,"turns":5},{"damage":0,"enemies":"Small Slimes","floor":5,"turns":2},{"damage":0,"enemies":"Lagavulin","floor":7,"turns":4},{"damage":0,"enemies":"Gremlin Nob","floor":11,"turns":2},{"damage":0,"enemies":"Cultist","floor":12,"turns":2},{"damage":0,"enemies":"The Mushroom Lair","floor":13,"turns":2},{"damage":0,"enemies":"Lagavulin","floor":14,"turns":3},{"damage":30,"enemies":"Hexaghost","floor":16,"turns":6},{"damage":0,"enemies":"2 Thieves","floor":18,"turns":1},{"damage":0,"enemies":"3 Byrds","floor":20,"turns":2},{"damage":7,"enemies":"Centurion and Healer","floor":21,"turns":3},{"damage":0,"enemies":"Sentry and Sphere","floor":22,"turns":2},{"damage":0,"enemies":"Slavers","floor":23,"turns":2},{"damage":0,"enemies":"Book of Stabbing","floor":25,"turns":2},{"damage":7,"enemies":"Snake Plant","floor":29,"turns":2},{"damage":0,"enemies":"Slavers","floor":30,"turns":2},{"damage":0,"enemies":"Snecko","floor":31,"turns":2},{"damage":0,"enemies":"Champ","floor":33,"turns":2},{"damage":0,"enemies":"3 Darklings","floor":35,"turns":1},{"damage":0,"enemies":"3 Shapes","floor":37,"turns":1},{"damage":0,"enemies":"Jaw Worm Horde","floor":38,"turns":1},{"damage":2,"enemies":"Sphere and 2 Shapes","floor":39,"turns":1},{"damage":0,"enemies":"Reptomancer","floor":40,"turns":2},{"damage":0,"enemies":"Giant Head","floor":42,"turns":1},{"damage":0,"enemies":"Spire Growth","floor":48,"turns":1},{"damage":0,"enemies":"Awakened One","floor":50,"turns":3},{"damage":0,"enemies":"Time Eater","floor":51,"turns":2},{"damage":0,"enemies":"Shield and Spear","floor":56,"turns":1},{"damage":51,"enemies":"The Heart","floor":57,"turns":5}],"seed_played":"3666612532467839263","potions_obtained":[{"floor":5,"key":"AttackPotion"},{"floor":7,"key":"DuplicationPotion"},{"floor":11,"key":"PowerPotion"},{"floor":16,"key":"Weak Potion"}],"is_trial":false,"path_per_floor":["M","?","$","?","M","R","E","R","T","R","E","M","?","E","R","B",null,"M","$","M","M","M","E","R","E","T","R","?","M","E","M","R","B",null,"M","?","M","M","M","E","R","E","T","$","R","T","R","M","R","B","B",null,null,"R","$","E","B",null],"character_chosen":"DANTE","items_purchased":["Gilgamesh","Whetstone","Akabeko","Millionstab","Apotheosis"],"campfire_rested":0,"item_purchase_floors":[3,19,19,19,44],"current_hp_per_floor":[64,57,57,72,72,72,72,72,72,72,72,72,72,72,72,42,67,67,67,67,60,60,60,60,60,60,72,72,65,65,65,76,76,76,76,76,76,76,74,74,77,77,77,77,78,78,79,79,80,80,80,80,80,81,81,81,61],"gold":151,"neow_bonus":"REMOVE_CARD","is_daily":false,"chose_seed":false,"campfire_upgraded":11,"win_rate":0.0,"timestamp":1613316752,"path_taken":["M","?","$","?","M","R","E","R","T","R","E","M","?","E","R","BOSS","M","$","M","M","M","E","R","E","T","R","?","M","E","M","R","BOSS","M","?","M","M","M","E","R","E","T","$","R","?","R","M","R","BOSS","BOSS","R","$","E","BOSS"],"items_purchased_type":["Card","Relic","Relic","Card","Card"],"build_version":"2020-12-22","purchased_purges":1,"victory":true,"max_hp_per_floor":[75,75,75,75,75,75,75,75,75,75,75,75,75,75,75,75,75,75,75,75,75,75,75,75,75,75,75,75,75,75,75,76,76,76,76,76,76,76,76,76,77,77,77,77,78,78,79,79,80,80,80,80,80,81,81,81,81],"card_choices":[{"not_picked":["Chargeshoot2","Fullhouse","Unrisingdragon"],"picked":"SKIP","floor":1},{"not_picked":["Honeycombofire","Gilgamesh"],"picked":"Unrisingdragon","floor":5},{"not_picked":["Greenorb","VitalstarS","Gunstinger"],"picked":"SKIP","floor":7},{"not_picked":["Weaponupgrade","Holywater","Fullhouse"],"picked":"SKIP","floor":11},{"not_picked":["Stinger","Gilgamesh"],"picked":"Straight","floor":12},{"not_picked":["Fullhouse","Chargeshoot2"],"picked":"Swordmaster","floor":13},{"not_picked":["Gilgamesh","VitalstarM"],"picked":"Unrisingdragon","floor":14},{"not_picked":["Goldorb","DevilstarL","Swordcombo"],"picked":"Trickster","floor":16},{"not_picked":["Pandora","CoyoteA","Holywater","Unrisingdragon"],"picked":"SKIP","floor":18},{"not_picked":["Fullhouse","Whiteorb","LucifercomboA"],"picked":"Millionkick","floor":20},{"not_picked":["Shock","Kick13","Millionstab"],"picked":"BeastUppercut","floor":21},{"not_picked":["LucifercomboB","EbonyIvory","Millionkick"],"picked":"Purpleorb","floor":22},{"not_picked":["Doubleshoot","Darkslayer","Shock","Whiteorb"],"picked":"SKIP","floor":23},{"not_picked":["Gunslinger","Splesh","DevilstarS+1"],"picked":"Kick13","floor":25},{"not_picked":["Chargeshoot2","GilgameshcomboA","Whiteorb"],"picked":"Royaldefend","floor":29},{"not_picked":["Splesh","Dash1","Millionstab","LucifercomboC"],"picked":"SKIP","floor":30},{"not_picked":["Kick13","Millionstab","DevilstarS"],"picked":"Weaponchange","floor":31},{"not_picked":["Swordcombo","Stylechange","Royalguard"],"picked":"Enemystep","floor":33},{"not_picked":["Fullhouse","Weaponchange","Kick13","CoyoteA"],"picked":"SKIP","floor":35},{"not_picked":["EbonyIvory","Dash1","Weaponreturn"],"picked":"Straight","floor":37},{"not_picked":["EbonyIvory+1","Millionstab","Weaponchange+1"],"picked":"Swordmaster","floor":38},{"not_picked":["Weaponchange","Gilgamesh+1","Doubleshoot"],"picked":"Dash1+1","floor":39},{"not_picked":["Rebellion","DevilstarS","EbonyIvory"],"picked":"Swordcombo","floor":40},{"not_picked":["LucifercomboD","LucifercomboC+1","DevilstarS+1"],"picked":"Kick13","floor":42},{"not_picked":["Stinger","Fullhouse+1","VitalstarS","Chargeshoot"],"picked":"SKIP","floor":48},{"not_picked":["Dash2","Weaponchange","LucifercomboD"],"picked":"Demonreform","floor":56}],"player_experience":1299426,"relics_obtained":[{"floor":7,"key":"jedi:crownofsimplicity"},{"floor":9,"key":"Tiny Chest"},{"floor":11,"key":"Oddly Smooth Stone"},{"floor":13,"key":"Odd Mushroom"},{"floor":14,"key":"Question Card"},{"floor":23,"key":"Juzu Bracelet"},{"floor":25,"key":"Eternal Feather"},{"floor":26,"key":"Bag of Preparation"},{"floor":30,"key":"Pen Nib"},{"floor":40,"key":"Mummified Hand"},{"floor":42,"key":"Kunai"},{"floor":56,"key":"Boot"}],"event_choices":[{"cards_removed":["Shoot"],"damage_healed":0,"gold_gain":0,"player_choice":"Card Removal","damage_taken":7,"max_hp_gain":0,"max_hp_loss":0,"event_name":"Golden Wing","floor":2,"gold_loss":0},{"damage_healed":0,"gold_gain":0,"player_choice":"Fought Mushrooms","damage_taken":0,"max_hp_gain":0,"max_hp_loss":0,"event_name":"Mushrooms","floor":13,"gold_loss":0}],"is_beta":false,"boss_relics":[{"not_picked":["jedi:battlestandard","Pandora\u0027s Box"],"picked":"Sozu"},{"not_picked":["RedLine:ReiMu","Black Star"],"picked":"Cursed Key"}],"items_purged_floors":[44],"is_endless":false,"potions_floor_spawned":[5,7,11,16,22,23,29,33,35,40,56],"ascension_level":20}}