{"host":"cpsutu8lprjuipd6","time":1613309602,"event":{"mods":["BaseMod","Colored Map","Minty Spire (QoL Compilation)","Permanent Neow","StSLib","SuperFastMode","The Bug Knight","Together in Spire"],"gold_per_floor":[110,110,121,101,1,1,33,43,43,57,57,91,103,158,158,259,309,322,322,342,342,342,342],"floor_reached":22,"language":"KOR","playtime":1752,"items_purged":["HollowMod:NailStrikeStart"],"score":219,"play_id":"4967f216-fac3-463f-a1c0-355a824be440","local_time":"20210214223322","is_ascension_mode":false,"campfire_choices":[{"data":"HollowMod:SharpenedNail","floor":6.0,"key":"SMITH"},{"data":"HollowMod:DashSlash","floor":11,"key":"SMITH"},{"floor":15,"key":"REST"}],"circlet_count":0,"master_deck":["HollowMod:NailStrikeStart","HollowMod:NailStrikeStart","HollowMod:NailStrikeStart","HollowMod:QuickDashStart","HollowMod:QuickDashStart","HollowMod:QuickDashStart","HollowMod:QuickDashStart","HollowMod:FocusHealStart","HollowMod:PogoStrike","HollowMod:HuntersJournal","HollowMod:SharpenedNail+1","HollowMod:DashSlash+1","HollowMod:HowlingWraiths+1","HollowMod:AbyssShriek","HollowMod:SoulStrike","HollowMod:HornetsHelp","HollowMod:SoulEater","HollowMod:SoulStrike","HollowMod:InfectedAttack","HollowMod:DungDefenderAura","HollowMod:BlackTendrils","HollowMod:CoiledNail","HollowMod:LifebloodCore","HollowMod:GrimmsGift","HollowMod:FallenFury","HollowMod:LifebloodCocoon","HollowMod:CycloneSlash"],"relics":["HollowMod:VesselMask","NeowsBlessing","Prayer Wheel","Shuriken","Ornamental Fan","Matryoshka","Calipers","Tiny House"],"acts_visited":["Exordium","TheCity"],"potions_floor_usage":[14,16,16,18,22],"damage_taken":[{"damage":0.0,"enemies":"Small Slimes","floor":1.0,"turns":1.0},{"damage":0.0,"enemies":"2 Louse","floor":3.0,"turns":1.0},{"damage":0.0,"enemies":"Lagavulin","floor":7.0,"turns":1.0},{"damage":0.0,"enemies":"Cultist","floor":8.0,"turns":4.0},{"damage":4.0,"enemies":"Exordium Wildlife","floor":10.0,"turns":5.0},{"damage":4,"enemies":"3 Sentries","floor":12,"turns":4},{"damage":6,"enemies":"Looter","floor":13,"turns":3},{"damage":20,"enemies":"Gremlin Nob","floor":14,"turns":4},{"damage":34,"enemies":"Hexaghost","floor":16,"turns":7},{"damage":7,"enemies":"Chosen","floor":18,"turns":5},{"damage":31,"enemies":"2 Thieves","floor":20,"turns":5},{"damage":62,"enemies":"Centurion and Healer","floor":22,"turns":10}],"seed_played":"-5632867124995080713","potions_obtained":[{"floor":1.0,"key":"LiquidMemories"},{"floor":4.0,"key":"CultistPotion"},{"floor":10.0,"key":"PowerPotion"},{"floor":14,"key":"AttackPotion"},{"floor":17,"key":"SkillPotion"},{"floor":18,"key":"Regen Potion"}],"is_trial":false,"path_per_floor":["M","?","M","?","$","R","E","M","T","M","R","E","M","?","R","B",null,"M","?","M","?","M"],"character_chosen":"THE_BUGKNIGHT","items_purchased":["HollowMod:HowlingWraiths"],"campfire_rested":1,"item_purchase_floors":[5],"current_hp_per_floor":[75,57,57,57,57,57,57,57,57,53,53,49,49,31,53,31,80,73,73,44,44,0,0],"gold":342,"neow_bonus":"THREE_ENEMY_KILL","is_daily":false,"chose_seed":false,"campfire_upgraded":2,"win_rate":0.0,"timestamp":1613309602,"path_taken":["M","?","M","?","$","R","E","M","T","M","R","E","?","?","R","BOSS","M","?","M","?","?"],"items_purchased_type":["Card"],"build_version":"2020-12-22","purchased_purges":1,"victory":false,"max_hp_per_floor":[75,75,75,75,75,75,75,75,75,75,75,75,75,75,75,75,80,80,80,80,80,80,80],"card_choices":[{"not_picked":["HollowMod:PerfectDash","HollowMod:InfectionAssault"],"picked":"HollowMod:HuntersJournal","floor":1.0},{"not_picked":["HollowMod:NewLittleFool","HollowMod:LifebloodCocoon"],"picked":"HollowMod:SharpenedNail","floor":3.0},{"not_picked":["HollowMod:AbyssShriek","HollowMod:CrystalDash"],"picked":"HollowMod:DashSlash","floor":3.0},{"not_picked":["HollowMod:CrystalDash","HollowMod:TaintedHusks"],"picked":"HollowMod:AbyssShriek","floor":7.0},{"not_picked":["HollowMod:NewJinnsSoul","HollowMod:FastStrike"],"picked":"HollowMod:SoulStrike","floor":8.0},{"not_picked":["HollowMod:SharpenedNail","HollowMod:CornifersMapStart"],"picked":"HollowMod:HornetsHelp","floor":8.0},{"not_picked":["HollowMod:InfectedAttack","HollowMod:AbyssShriek"],"picked":"HollowMod:SoulEater","floor":10.0},{"not_picked":["HollowMod:SiblingsShadow","HollowMod:BaldurShell"],"picked":"HollowMod:SoulStrike","floor":10.0},{"not_picked":["HollowMod:TaintedHusks","HollowMod:SoulVessel"],"picked":"HollowMod:InfectedAttack","floor":12},{"not_picked":["HollowMod:TaintedHusks","HollowMod:SiblingsShadow"],"picked":"HollowMod:DungDefenderAura","floor":13},{"not_picked":["HollowMod:ShapeofUnn","HollowMod:ChannelNail"],"picked":"HollowMod:BlackTendrils","floor":13},{"not_picked":["HollowMod:ShadowDash","HollowMod:TaintedHusks"],"picked":"HollowMod:CoiledNail","floor":14},{"not_picked":["HollowMod:ElderbugsWisdom","HollowMod:NewInfectedGuardian"],"picked":"HollowMod:LifebloodCore","floor":16},{"not_picked":["HollowMod:LifebloodCocoon","HollowMod:SoulShaman"],"picked":"HollowMod:GrimmsGift","floor":17},{"not_picked":["HollowMod:VengefulVoid","HollowMod:ShadowDash"],"picked":"HollowMod:FallenFury","floor":18},{"not_picked":["HollowMod:PureNailStrike+1","HollowMod:ShadowDash"],"picked":"HollowMod:LifebloodCocoon","floor":18},{"not_picked":["HollowMod:NewJinnsSoul+1","HollowMod:DescendingDark"],"picked":"HollowMod:CycloneSlash","floor":20},{"not_picked":["HollowMod:FastStrike","HollowMod:DesolateDive+1","HollowMod:TaintedHusks+1"],"picked":"SKIP","floor":20}],"player_experience":64452,"relics_obtained":[{"floor":7.0,"key":"Shuriken"},{"floor":9.0,"key":"Ornamental Fan"},{"floor":12,"key":"Matryoshka"},{"floor":14,"key":"Calipers"}],"event_choices":[{"damage_healed":0.0,"max_hp_gain":0.0,"max_hp_loss":0.0,"gold_gain":0.0,"event_name":"Scrap Ooze","player_choice":"Success","floor":2.0,"gold_loss":0.0,"damage_taken":18.0,"relics_obtained":["Prayer Wheel"]},{"damage_healed":0.0,"max_hp_gain":0.0,"max_hp_loss":0.0,"gold_gain":0.0,"event_name":"The Woman in Blue","player_choice":"Bought 1 Potion","floor":4.0,"gold_loss":0.0,"damage_taken":0.0},{"damage_healed":0,"gold_gain":30,"player_choice":"Searched \u00273\u0027 times","damage_taken":0,"max_hp_gain":0,"max_hp_loss":0,"event_name":"Dead Adventurer","floor":14,"gold_loss":0},{"damage_healed":0,"gold_gain":0,"player_choice":"Ignored","damage_taken":0,"max_hp_gain":0,"max_hp_loss":0,"event_name":"Ghosts","floor":19,"gold_loss":0},{"damage_healed":0,"gold_gain":0,"player_choice":"Ignored","damage_taken":0,"max_hp_gain":0,"max_hp_loss":0,"event_name":"NoteForYourself","floor":21,"gold_loss":0}],"is_beta":false,"boss_relics":[{"not_picked":["Velvet Choker","Sozu"],"picked":"Tiny House"}],"items_purged_floors":[5],"is_endless":false,"potions_floor_spawned":[1,10,13,14,18],"killed_by":"Centurion and Healer","ascension_level":0}}