{"host":"8am31i0j9qpslrrv","time":1613267037,"event":{"mods":["BaseMod","Curses Come First","Minty Spire (QoL Compilation)","Quick Restart","Replay The Spire","StSLib"],"gold_per_floor":[13,13,32,32,32,32,32,49,49,49,66,91,116,135,135,208,208,228,228,153,169,169,169,184,196,277,277,277],"floor_reached":27,"language":"ENG","playtime":917,"items_purged":["Strike_B"],"score":405,"play_id":"f02446f3-e499-4c6d-be62-93e1261a4aec","local_time":"20210213204357","is_ascension_mode":true,"campfire_choices":[{"data":"Chaos","floor":6.0,"key":"SMITH"},{"data":"BasicCrystalCard","floor":10.0,"key":"SMITH"},{"floor":15.0,"key":"REST"},{"data":"Redo","floor":23.0,"key":"SMITH"}],"circlet_count":0,"master_deck":["AscendersBane","Strike_B","Defend_B","Defend_B","Defend_B","Zap","Dualcast","Chaos+1","Ball Lightning","Amnesia","Machine Learning","BasicCrystalCard+1","Redo+1","Consume+1","Electrodynamics","Biased Cognition"],"relics":["Cracked Core","ReplayTheSpireMod:Ring of Exchange","Ring of Shattering","Durian","Odd Mushroom","StrikeDummy","Replay:Bronze Core","Mummified Hand"],"acts_visited":["Exordium","TheCity"],"potions_floor_usage":[],"damage_taken":[{"damage":0.0,"enemies":"Small Slimes","floor":1.0,"turns":2.0},{"damage":2.0,"enemies":"2 Louse","floor":3.0,"turns":2.0},{"damage":2.0,"enemies":"Jaw Worm","floor":8.0,"turns":2.0},{"damage":8.0,"enemies":"Lots of Slimes","floor":11.0,"turns":4.0},{"damage":11.0,"enemies":"The Mushroom Lair","floor":12.0,"turns":2.0},{"damage":40.0,"enemies":"3 Sentries","floor":13.0,"turns":6.0},{"damage":0.0,"enemies":"2 Fungi Beasts","floor":14.0,"turns":2.0},{"damage":30.0,"enemies":"Fading Forest","floor":16.0,"turns":11.0},{"damage":0.0,"enemies":"3 Byrds","floor":18.0,"turns":1.0},{"damage":25.0,"enemies":"2 Thieves","floor":21.0,"turns":4.0},{"damage":0.0,"enemies":"Cultist and Chosen","floor":24.0,"turns":3.0},{"damage":31,"enemies":"Centurion and Healer","floor":25,"turns":4},{"damage":2,"enemies":"Snake Plant","floor":27,"turns":1}],"seed_played":"-5745179589965292246","potions_obtained":[{"floor":3.0,"key":"FocusPotion"},{"floor":12.0,"key":"SteroidPotion"},{"floor":14.0,"key":"DistilledChaos"},{"floor":21.0,"key":"ColorlessPotion"},{"floor":25,"key":"Strength Potion"}],"is_trial":false,"path_per_floor":["M","$","M","?","?","R","?","M","T","R","M","?","E","M","R","B",null,"M","?","$","M","?","R","M","M","T","M"],"character_chosen":"DEFECT","items_purchased":[],"campfire_rested":1,"item_purchase_floors":[],"current_hp_per_floor":[64,64,62,62,62,62,62,60,60,60,52,41,1,1,23,1,57,57,57,57,32,32,32,32,1,1,0,0],"gold":277,"neow_bonus":"TRANSFORM_TWO_CARDS","is_daily":false,"chose_seed":false,"campfire_upgraded":3,"win_rate":0.0,"timestamp":1613267037,"path_taken":["M","$","M","?","?","R","?","M","T","R","?","?","E","M","R","BOSS","M","?","$","?","?","R","M","M","T","M"],"items_purchased_type":[],"build_version":"2020-12-22","purchased_purges":1,"victory":false,"max_hp_per_floor":[71,71,71,71,76,76,76,76,76,76,76,76,76,76,76,76,76,76,76,76,76,76,76,76,76,76,76,76],"card_choices":[{"not_picked":["Streamline","BootSequence","Beam Cell"],"picked":"SKIP","floor":1.0},{"not_picked":["Stack","Sweeping Beam","Compile Driver"],"picked":"SKIP","floor":3.0},{"not_picked":["Rebound","Tempest"],"picked":"BasicCrystalCard","floor":8.0},{"not_picked":["Undo","ReplaySolidLightProjector","Genetic Algorithm"],"picked":"SKIP","floor":11.0},{"not_picked":["Sweeping Beam","Steam"],"picked":"Redo","floor":12.0},{"not_picked":["Steam","ReplaySort","ReplayTheSpireMod:Repulse"],"picked":"SKIP","floor":13.0},{"not_picked":["Self Repair","Auto Shields"],"picked":"Consume","floor":14.0},{"not_picked":["Seek","Echo Form"],"picked":"Electrodynamics","floor":16.0},{"not_picked":["Beam Cell+1","Rebound","Barrage"],"picked":"SKIP","floor":18.0},{"not_picked":["Hologram","Cold Snap","Turbo"],"picked":"SKIP","floor":21.0},{"not_picked":["Steam Power","Auto Shields"],"picked":"Biased Cognition","floor":24.0},{"not_picked":["Ball Lightning","Cold Snap","Steam Power"],"picked":"SKIP","floor":25}],"player_experience":789590,"relics_obtained":[{"floor":4.0,"key":"ReplayTheSpireMod:Ring of Exchange"},{"floor":4.0,"key":"Ring of Shattering"},{"floor":12.0,"key":"Odd Mushroom"},{"floor":13.0,"key":"StrikeDummy"},{"floor":26,"key":"Mummified Hand"}],"event_choices":[{"damage_healed":0.0,"max_hp_gain":0.0,"max_hp_loss":0.0,"gold_gain":0.0,"event_name":"Scrap Ooze","player_choice":"Success","floor":5.0,"gold_loss":0.0,"damage_taken":5.0,"relics_obtained":["Durian"]},{"damage_healed":0.0,"max_hp_gain":0.0,"max_hp_loss":0.0,"gold_gain":0.0,"event_name":"Match and Keep!","player_choice":"1 cards matched","floor":7.0,"gold_loss":0.0,"damage_taken":0.0,"cards_obtained":["Machine Learning"]},{"damage_healed":0.0,"max_hp_gain":0.0,"max_hp_loss":0.0,"gold_gain":0.0,"event_name":"Mushrooms","player_choice":"Fought Mushrooms","floor":12.0,"gold_loss":0.0,"damage_taken":0.0},{"damage_healed":0.0,"max_hp_gain":0.0,"max_hp_loss":0.0,"gold_gain":0.0,"event_name":"Accursed Blacksmith","player_choice":"Forge","floor":19.0,"gold_loss":0.0,"damage_taken":0.0,"cards_upgraded":["Consume"]},{"cards_removed":["Strike_B"],"damage_healed":0.0,"max_hp_gain":0.0,"max_hp_loss":0.0,"gold_gain":0.0,"event_name":"Bonfire Elementals","player_choice":"Offered Basic","floor":22.0,"gold_loss":0.0,"damage_taken":0.0}],"is_beta":false,"boss_relics":[{"not_picked":["Lee\u0027s Waffle","Orrery"],"picked":"Replay:Bronze Core"}],"items_purged_floors":[20],"is_endless":false,"potions_floor_spawned":[3,12,14,21,25],"killed_by":"Snake Plant","ascension_level":18}}