{"host":"jqkewjmybebgw3gd","time":1613309422,"event":{"mods":["AchievementEnabler","BaseMod","Colored Map","DeckTracker","Keyboard Shortcuts","Minty Spire (QoL Compilation)","StSLib","SuperFastMode"],"gold_per_floor":[110,125,125,142,157,157,190,210,235,254,254,280,280,308,308,403,403,423,112,125,143,158,190,190,222,222,137,155,155,180,180,180,284,284,294,308,322,44,57,57,89,89,113,127,197,197,197,208,208,208,208,208,63,88,88,88],"floor_reached":55,"language":"KOR","playtime":3675,"items_purged":["Strike_B"],"score":813,"play_id":"cf6084ec-35ad-42d5-9615-dd7f2be30c07","local_time":"20210214223022","is_ascension_mode":true,"campfire_choices":[{"data":"Glacier","floor":6.0,"key":"SMITH"},{"data":"Static Discharge","floor":13.0,"key":"SMITH"},{"floor":15.0,"key":"REST"},{"data":"Turbo","floor":24,"key":"SMITH"},{"floor":29,"key":"REST"},{"data":"Electrodynamics","floor":32,"key":"SMITH"},{"data":"Defragment","floor":40,"key":"SMITH"},{"floor":47,"key":"RECALL"},{"data":"Transmutation","floor":49,"key":"SMITH"},{"data":"Buffer","floor":52,"key":"SMITH"}],"circlet_count":0,"master_deck":["Defend_B","Zap","Dualcast+1","Hologram","Leap","Coolheaded","Glacier+1","Rip and Tear","Static Discharge+1","Undo","Melter","Turbo+1","Echo Form","Undo+1","Rip and Tear+1","Seek+1","Defragment+1","Chill","Electrodynamics+1","Buffer+1","Tempest","Turbo+1","Hologram+1","Storm","Chill","Consume+1","Stack","Beam Cell+1","Transmutation+1","Panacea","Dark Shackles"],"relics":["Cracked Core","Pear","Tiny Chest","Omamori","Odd Mushroom","Astrolabe","OrangePellets","Happy Flower","HornCleat","Bird Faced Urn","InkBottle","Oddly Smooth Stone","Empty Cage","Toolbox","Art of War","Mercury Hourglass","Symbiotic Virus"],"acts_visited":["Exordium","TheCity","TheBeyond","TheEnding"],"potions_floor_usage":[22,23,25,33,37,50,54,55,55,55],"damage_taken":[{"damage":11.0,"enemies":"2 Louse","floor":1.0,"turns":3.0},{"damage":3.0,"enemies":"Jaw Worm","floor":2.0,"turns":2.0},{"damage":5.0,"enemies":"Small Slimes","floor":4.0,"turns":3.0},{"damage":14.0,"enemies":"3 Louse","floor":5.0,"turns":3.0},{"damage":8.0,"enemies":"Lagavulin","floor":7.0,"turns":9.0},{"damage":0.0,"enemies":"Red Slaver","floor":8.0,"turns":3.0},{"damage":0.0,"enemies":"Blue Slaver","floor":10.0,"turns":4.0},{"damage":3.0,"enemies":"3 Sentries","floor":12.0,"turns":8.0},{"damage":17.0,"enemies":"The Mushroom Lair","floor":14.0,"turns":3.0},{"damage":22.0,"enemies":"Hexaghost","floor":16.0,"turns":14.0},{"damage":0.0,"enemies":"Shell Parasite","floor":18.0,"turns":4.0},{"damage":1.0,"enemies":"Chosen","floor":20.0,"turns":6.0},{"damage":2.0,"enemies":"Shelled Parasite and Fungi","floor":21.0,"turns":5.0},{"damage":7,"enemies":"Sentry and Sphere","floor":22,"turns":5},{"damage":20,"enemies":"Book of Stabbing","floor":23,"turns":3},{"damage":35,"enemies":"Slavers","floor":25,"turns":5},{"damage":3,"enemies":"Snake Plant","floor":28,"turns":4},{"damage":0,"enemies":"Collector","floor":33,"turns":10},{"damage":28,"enemies":"3 Shapes","floor":35,"turns":10},{"damage":1,"enemies":"3 Darklings","floor":36,"turns":3},{"damage":18,"enemies":"Maw","floor":37,"turns":7},{"damage":0,"enemies":"Transient","floor":39,"turns":5},{"damage":0,"enemies":"Reptomancer","floor":41,"turns":7},{"damage":1,"enemies":"4 Shapes","floor":44,"turns":2},{"damage":13,"enemies":"3 Darklings","floor":48,"turns":4},{"damage":68,"enemies":"Time Eater","floor":50,"turns":11},{"damage":22,"enemies":"Shield and Spear","floor":54,"turns":8},{"damage":97,"enemies":"The Heart","floor":55,"turns":8}],"seed_played":"2832692549601680008","potions_obtained":[{"floor":1.0,"key":"SteroidPotion"},{"floor":5.0,"key":"Swift Potion"},{"floor":7.0,"key":"DistilledChaos"},{"floor":12.0,"key":"ColorlessPotion"},{"floor":18.0,"key":"FocusPotion"},{"floor":21.0,"key":"FearPotion"},{"floor":23,"key":"PowerPotion"},{"floor":28,"key":"PowerPotion"},{"floor":36,"key":"Weak Potion"},{"floor":41,"key":"Strength Potion"},{"floor":54,"key":"Energy Potion"}],"is_trial":false,"path_per_floor":["M","M","?","M","M","R","E","M","T","M","?","E","R","?","R","B",null,"M","$","M","M","M","E","R","E","T","?","M","R","T","?","R","B",null,"M","M","M","$","M","R","E","?","T","M","T","?","R","M","R","B",null,"R","$","E","B"],"character_chosen":"DEFECT","items_purchased":["OrangePellets","Defragment","Storm","Toolbox","Explosive Potion","LiquidMemories","Regen Potion"],"campfire_rested":2,"item_purchase_floors":[19,19,38,38,38,53,53],"current_hp_per_floor":[64,61,61,56,42,42,44,44,44,44,44,41,41,24,49,27,85,85,85,84,82,75,55,55,20,20,20,23,48,48,48,48,60,85,61,66,58,58,70,70,84,84,84,85,85,75,75,66,66,14,85,85,85,75,0,0],"gold":88,"neow_bonus":"UPGRADE_CARD","is_daily":false,"chose_seed":false,"campfire_upgraded":7,"win_rate":0.0,"timestamp":1613309422,"path_taken":["M","M","?","M","M","R","E","M","T","M","?","E","R","?","R","BOSS","M","$","M","M","M","E","R","E","T","?","M","R","?","?","R","BOSS","M","M","M","$","M","R","E","?","T","?","?","?","R","M","R","BOSS","R","$","E","BOSS"],"items_purchased_type":["Relic","Card","Card","Relic","Potion","Potion","Potion"],"build_version":"2020-12-22","purchased_purges":1,"victory":false,"max_hp_per_floor":[75,75,75,75,75,75,85,85,85,85,85,85,85,85,85,85,85,85,85,85,85,85,85,85,85,85,85,85,85,85,85,85,85,85,85,85,85,85,85,85,85,85,85,85,85,85,85,85,85,85,85,85,85,85,85,85],"card_choices":[{"not_picked":["Undo","Rebound"],"picked":"Hologram","floor":1.0},{"not_picked":["Redo","Cold Snap"],"picked":"Leap","floor":2.0},{"not_picked":["Steam","Aggregate"],"picked":"Coolheaded","floor":4.0},{"not_picked":["Lockon","Go for the Eyes"],"picked":"Glacier","floor":5.0},{"not_picked":["Leap","Darkness"],"picked":"Rip and Tear","floor":7.0},{"not_picked":["Rebound","Steam"],"picked":"Static Discharge","floor":8.0},{"not_picked":["Hologram","Barrage"],"picked":"Undo","floor":10.0},{"not_picked":["Go for the Eyes","Rebound"],"picked":"Melter","floor":12.0},{"not_picked":["Streamline","Static Discharge"],"picked":"Turbo","floor":14.0},{"not_picked":["Fission","Rainbow"],"picked":"Echo Form","floor":16.0},{"not_picked":["Steam","Heatsinks+1","Auto Shields"],"picked":"SKIP","floor":18.0},{"not_picked":["Redo","Barrage"],"picked":"Chill","floor":20.0},{"not_picked":["Doom and Gloom","Stack+1","Gash+1"],"picked":"SKIP","floor":21.0},{"not_picked":["Rebound","Chill","Barrage"],"picked":"SKIP","floor":22},{"not_picked":["Gash","Cold Snap","Turbo"],"picked":"SKIP","floor":23},{"not_picked":["Ball Lightning","Compile Driver"],"picked":"Electrodynamics","floor":25},{"not_picked":["Force Field","Chill","Beam Cell"],"picked":"SKIP","floor":28},{"not_picked":["Echo Form","Hyperbeam"],"picked":"Buffer","floor":33},{"not_picked":["Compile Driver","Go for the Eyes"],"picked":"Tempest","floor":35},{"not_picked":["Darkness","Hello World"],"picked":"Turbo+1","floor":36},{"not_picked":["Cold Snap+1","Redo"],"picked":"Hologram+1","floor":37},{"not_picked":["Cold Snap+1","Capacitor+1"],"picked":"Chill","floor":39},{"not_picked":["Gash","Capacitor+1"],"picked":"Consume+1","floor":41},{"not_picked":["Hyperbeam","Leap+1"],"picked":"Beam Cell+1","floor":44},{"not_picked":["Discovery","Magnetism"],"picked":"Transmutation","floor":46},{"not_picked":["Chrysalis","Mayhem"],"picked":"Panacea","floor":46},{"not_picked":["Enlightenment","Impatience"],"picked":"Dark Shackles","floor":46},{"not_picked":["Beam Cell","Heatsinks+1","Barrage+1"],"picked":"SKIP","floor":48},{"not_picked":["Steam Power","Steam","Hello World+1"],"picked":"SKIP","floor":54}],"player_experience":535813,"relics_obtained":[{"floor":7.0,"key":"Pear"},{"floor":9.0,"key":"Tiny Chest"},{"floor":12.0,"key":"Omamori"},{"floor":14.0,"key":"Odd Mushroom"},{"floor":23,"key":"Happy Flower"},{"floor":25,"key":"HornCleat"},{"floor":26,"key":"Bird Faced Urn"},{"floor":30,"key":"Oddly Smooth Stone"},{"floor":41,"key":"Art of War"},{"floor":45,"key":"Mercury Hourglass"},{"floor":54,"key":"Symbiotic Virus"}],"event_choices":[{"damage_healed":0.0,"max_hp_gain":0.0,"max_hp_loss":0.0,"gold_gain":0.0,"event_name":"Liars Game","player_choice":"Ignored","floor":3.0,"gold_loss":0.0,"damage_taken":0.0},{"damage_healed":0.0,"max_hp_gain":0.0,"max_hp_loss":0.0,"gold_gain":0.0,"event_name":"Shining Light","player_choice":"Ignored","floor":11.0,"gold_loss":0.0,"damage_taken":0.0},{"damage_healed":0.0,"max_hp_gain":0.0,"max_hp_loss":0.0,"gold_gain":0.0,"event_name":"Mushrooms","player_choice":"Fought Mushrooms","floor":14.0,"gold_loss":0.0,"damage_taken":0.0},{"damage_healed":0,"gold_gain":0,"player_choice":"Obtained Relic","damage_taken":0,"relics_obtained":["InkBottle"],"max_hp_gain":0,"max_hp_loss":0,"event_name":"Addict","floor":27,"gold_loss":85},{"damage_healed":0,"gold_gain":0,"player_choice":"Ignored","damage_taken":0,"max_hp_gain":0,"max_hp_loss":0,"event_name":"Ghosts","floor":31,"gold_loss":0},{"damage_healed":0,"gold_gain":0,"cards_transformed":["Defend_B"],"player_choice":"Transformed","damage_taken":0,"max_hp_gain":0,"max_hp_loss":0,"event_name":"Transmorgrifier","floor":42,"gold_loss":0,"cards_obtained":["Stack"]},{"damage_healed":0,"gold_gain":0,"player_choice":"Memory 3","damage_taken":10,"max_hp_gain":0,"max_hp_loss":0,"event_name":"SensoryStone","floor":46,"gold_loss":0}],"is_beta":false,"boss_relics":[{"not_picked":["Runic Pyramid","Calling Bell"],"picked":"Astrolabe"},{"not_picked":["SacredBark","Fusion Hammer"],"picked":"Empty Cage"}],"items_purged_floors":[19],"is_endless":false,"potions_floor_spawned":[1,5,7,12,18,21,23,28,36,41,54],"killed_by":"The Heart","ascension_level":1}}