{"host":"n95r2z13dwkl182w","time":1613320193,"event":{"mods":["2.2 Compatiblity","AchievementEnabler","BaseMod","Colored Map","Hermit","Marisa£¨Ùöéë¡¡Øª×âÞÞ£©","Minty Spire (QoL Compilation)","StSLib","SuperFastMode","The Poker Player","everything is the same but u backflip on backflip"],"gold_per_floor":[117,117,136,136,311,343,268,268,315,315,315,344,360,373,373,373,373],"floor_reached":16,"language":"KOR","playtime":320,"items_purged":["Regret"],"score":183,"play_id":"8da72634-9668-4c86-9346-6d3b33e81815","local_time":"20210215012953","is_ascension_mode":false,"campfire_choices":[{"data":"MysteriousBeam","floor":8,"key":"SMITH"},{"data":"DoubleSpark","floor":10,"key":"SMITH"},{"floor":15,"key":"REST"}],"circlet_count":0,"master_deck":["Strike_MRS","Strike_MRS","Strike_MRS","Strike_MRS","Defend_MRS","Defend_MRS","Defend_MRS","Defend_MRS","MasterSpark","UpSweep","MysteriousBeam+1","WitchLeyline","DoubleSpark+1","Acceleration"],"relics":["MiniHakkero","NeowsBlessing","Sundial","Boot","Centennial Puzzle","Toy Ornithopter"],"acts_visited":["Exordium"],"potions_floor_usage":[16,16],"damage_taken":[{"damage":0,"enemies":"2 Louse","floor":1,"turns":1},{"damage":0,"enemies":"Jaw Worm","floor":3,"turns":1},{"damage":0,"enemies":"Gremlin Nob","floor":6,"turns":1},{"damage":37,"enemies":"Lagavulin","floor":12,"turns":4},{"damage":0,"enemies":"Small Slimes","floor":13,"turns":2},{"damage":9,"enemies":"3 Louse","floor":14,"turns":2}],"seed_played":"1741295678231857492","potions_obtained":[{"floor":1,"key":"Strength Potion"},{"floor":12,"key":"BlessingOfTheForge"},{"floor":13,"key":"FearPotion"}],"is_trial":false,"path_per_floor":["M","?","M","$","?","E","$","R","T","R","?","E","M","M","R","B"],"character_chosen":"MARISA","items_purchased":[],"campfire_rested":1,"item_purchase_floors":[],"current_hp_per_floor":[75,75,75,75,75,75,75,75,75,75,75,38,38,29,51,20,20],"gold":373,"neow_bonus":"THREE_ENEMY_KILL","is_daily":false,"chose_seed":false,"campfire_upgraded":2,"win_rate":0.0,"timestamp":1613320193,"path_taken":["M","?","M","$","?","E","$","R","T","R","?","E","M","M","R","BOSS"],"items_purchased_type":[],"build_version":"2020-12-22","purchased_purges":1,"victory":false,"max_hp_per_floor":[75,75,75,75,75,75,75,75,75,75,75,75,75,75,75,75,75],"card_choices":[{"not_picked":["RefractionSpark","AlicesGift"],"picked":"MysteriousBeam","floor":1},{"not_picked":["NonDirectionalLaser","AsteroidBelt"],"picked":"WitchLeyline","floor":3},{"not_picked":["Robbery","SuperNova"],"picked":"DoubleSpark","floor":6},{"not_picked":["EnergyRecoil","OneTimeOff","OortCloud"],"picked":"SKIP","floor":12},{"not_picked":["NonDirectionalLaser","WitchOfGreed","DarkMatter"],"picked":"SKIP","floor":13},{"not_picked":["OrrerysSun","GrandCross"],"picked":"Acceleration","floor":14}],"player_experience":80615,"relics_obtained":[{"floor":6,"key":"Boot"},{"floor":9,"key":"Centennial Puzzle"},{"floor":12,"key":"Toy Ornithopter"}],"event_choices":[{"damage_healed":0,"gold_gain":0,"player_choice":"Box","damage_taken":0,"relics_obtained":["Sundial"],"max_hp_gain":0,"max_hp_loss":0,"event_name":"Big Fish","floor":2,"gold_loss":0,"cards_obtained":["Regret"]},{"damage_healed":0,"gold_gain":175,"player_choice":"AGREE","damage_taken":0,"max_hp_gain":0,"max_hp_loss":0,"event_name":"Liars Game","floor":5,"gold_loss":0,"cards_obtained":["Doubt"]},{"cards_removed":["Doubt"],"damage_healed":0,"gold_gain":0,"player_choice":"Forget","damage_taken":0,"max_hp_gain":0,"max_hp_loss":0,"event_name":"Living Wall","floor":11,"gold_loss":0}],"is_beta":false,"boss_relics":[],"items_purged_floors":[7],"is_endless":false,"potions_floor_spawned":[1,12,13,14],"killed_by":"Slime Boss","ascension_level":0}}