{"host":"c42c28n64hdcaetz","time":1613263078,"event":{"mods":["BaseMod","Curses Come First","Dio Mod","Jedi Mod","Minty Spire (QoL Compilation)","StSLib","The Edgeheg","Uncapped"],"gold_per_floor":[119,134,151,169,169,195,195,222,222,277,289,305,305,59,59,157,157,169,268,149,169,90,117,117,127,127,139,158,158,177,177,177],"floor_reached":31,"language":"ENG","playtime":3014,"items_purged":["jedi:BattleThirst"],"score":269,"play_id":"fd377dc6-8fa1-4353-b346-cb28e5b1a34e","local_time":"20210213163758","is_ascension_mode":false,"campfire_choices":[{"floor":7,"key":"REST"},{"floor":15,"key":"REST"},{"floor":29,"key":"REST"}],"circlet_count":0,"master_deck":["Strike_B","Strike_B","Strike_B","Strike_B","Defend_B","Defend_B","Defend_B","Defend_B","Zap","Dualcast","jedi:darknesscall","Tempest","Auto Shields","Leap","Doom and Gloom","Doom and Gloom","Genetic Algorithm","Compile Driver+1","Redo","Redo","Rainbow","Leap","Cold Snap+1","Defragment","Undo+1","Sunder+1","Redo","Loop","Consume","Chill+1","jedi:markofdeath"],"relics":["FrozenCore","PreservedInsect","Lantern","Peace Pipe","Molten Egg 2","jedi:crownofsimplicity","jedi:fakemustache","jedi:HeartOfTheCards","Bottled Lightning","Kunai"],"acts_visited":["Exordium","TheCity"],"potions_floor_usage":[31],"damage_taken":[{"damage":0,"enemies":"Small Slimes","floor":1,"turns":2},{"damage":8,"enemies":"Jaw Worm","floor":2,"turns":3},{"damage":6,"enemies":"Cultist","floor":3,"turns":4},{"damage":4,"enemies":"3 Louse","floor":4,"turns":3},{"damage":17,"enemies":"Lagavulin","floor":6,"turns":5},{"damage":19,"enemies":"Gremlin Nob","floor":8,"turns":4},{"damage":10,"enemies":"Exordium Wildlife","floor":11,"turns":4},{"damage":10,"enemies":"Red Slaver","floor":12,"turns":2},{"damage":84,"enemies":"The Guardian","floor":16,"turns":11},{"damage":0,"enemies":"Chosen","floor":18,"turns":4},{"damage":5,"enemies":"3 Byrds","floor":21,"turns":4},{"damage":16,"enemies":"Slavers","floor":23,"turns":5},{"damage":21,"enemies":"Sentry and Sphere","floor":25,"turns":5},{"damage":25,"enemies":"Cultist and Chosen","floor":27,"turns":7},{"damage":7,"enemies":"Snecko","floor":28,"turns":6},{"damage":20,"enemies":"Shelled Parasite and Fungi","floor":30,"turns":7},{"damage":16,"enemies":"Book of Stabbing","floor":31,"turns":5}],"seed_played":"-8468224816502201678","potions_obtained":[{"floor":3,"key":"PowerPotion"},{"floor":4,"key":"FairyPotion"},{"floor":6,"key":"jedi:coolantleak"},{"floor":8,"key":"jedi:tentaclejuice"},{"floor":16,"key":"AttackPotion"}],"is_trial":false,"path_per_floor":["M","M","M","M","?","E","R","E","T","T","M","M","?","$","R","B",null,"M","?","$","M","$","E","T","M","T","M","M","R","M","E"],"character_chosen":"DEFECT","items_purchased":["Redo","jedi:fakemustache","Cold Snap+1","Defragment","Sunder+1"],"campfire_rested":3,"item_purchase_floors":[14,14,20,20,22],"current_hp_per_floor":[75,67,61,57,39,22,44,25,25,25,15,5,30,45,67,7,75,75,75,75,70,75,59,59,38,38,13,6,28,8,0,0],"gold":177,"neow_bonus":"THREE_RARE_CARDS","is_daily":false,"chose_seed":false,"campfire_upgraded":0,"win_rate":0.0,"timestamp":1613263078,"path_taken":["M","M","M","M","?","E","R","E","T","?","?","M","?","?","R","BOSS","M","?","$","M","$","E","?","?","T","M","M","R","M","E"],"items_purchased_type":["Card","Relic","Card","Card","Card"],"build_version":"2020-12-22","purchased_purges":1,"victory":false,"max_hp_per_floor":[75,75,75,75,75,75,75,75,75,75,75,75,75,75,75,75,75,75,75,75,75,75,75,75,75,75,75,75,75,75,75,75],"card_choices":[{"not_picked":["Reboot","Seek"],"picked":"jedi:darknesscall","floor":0},{"not_picked":["Streamline","BootSequence"],"picked":"Tempest","floor":1},{"not_picked":["Heatsinks","jedi:BurstFrost"],"picked":"Auto Shields","floor":2},{"not_picked":["Go for the Eyes","Stack"],"picked":"Leap","floor":3},{"not_picked":["Cold Snap","Hello World"],"picked":"Doom and Gloom","floor":4},{"not_picked":["Fission","Rebound"],"picked":"Doom and Gloom","floor":6},{"not_picked":["jedi:blockon","Ball Lightning"],"picked":"Genetic Algorithm","floor":8},{"not_picked":["Sweeping Beam+1","FTL+1"],"picked":"Compile Driver+1","floor":11},{"not_picked":["White Noise","jedi:spotbugs"],"picked":"Redo","floor":12},{"not_picked":["jedi:darknesscall","Buffer"],"picked":"Rainbow","floor":16},{"not_picked":["Redo","Scrape+1"],"picked":"Leap","floor":18},{"not_picked":["jedi:hex","Hello World+1"],"picked":"Undo+1","floor":21},{"not_picked":["jedi:blockon+1","Coolheaded"],"picked":"Redo","floor":23},{"not_picked":["Leap+1","Sweeping Beam+1"],"picked":"Loop","floor":25},{"not_picked":["jedi:spotbugs","jedi:blockon"],"picked":"Consume","floor":27},{"not_picked":["Sweeping Beam+1","Ball Lightning+1"],"picked":"Chill+1","floor":28},{"not_picked":["Stack","Reinforced Body"],"picked":"jedi:markofdeath","floor":30}],"player_experience":36431,"relics_obtained":[{"floor":6,"key":"Lantern"},{"floor":8,"key":"Peace Pipe"},{"floor":9,"key":"Molten Egg 2"},{"floor":10,"key":"jedi:crownofsimplicity"},{"floor":23,"key":"jedi:HeartOfTheCards"},{"floor":24,"key":"Bottled Lightning"},{"floor":26,"key":"Kunai"}],"event_choices":[{"damage_healed":0,"gold_gain":0,"player_choice":"Success","damage_taken":18,"relics_obtained":["PreservedInsect"],"max_hp_gain":0,"max_hp_loss":0,"event_name":"Scrap Ooze","floor":5,"gold_loss":0},{"damage_healed":25,"gold_gain":0,"player_choice":"Banana","damage_taken":0,"max_hp_gain":0,"max_hp_loss":0,"event_name":"Big Fish","floor":13,"gold_loss":0},{"damage_healed":0,"gold_gain":99,"player_choice":"Stole From Cult","damage_taken":0,"max_hp_gain":0,"max_hp_loss":0,"event_name":"Nest","floor":19,"gold_loss":0}],"is_beta":false,"boss_relics":[{"not_picked":["Sozu","Nuclear Battery"],"picked":"FrozenCore"}],"items_purged_floors":[14],"is_endless":false,"potions_floor_spawned":[3,4,6,8,16,18,28],"killed_by":"Book of Stabbing","ascension_level":0}}