{"host":"kda2p2afd6bvz6qo","time":1613267137,"event":{"mods":["BaseMod","Colored Map","Minty Spire (QoL Compilation)","Relic Stats"],"gold_per_floor":[119,132,132,151,151,194,194,218,244,256,286,319,331,356,368,380,380],"floor_reached":16,"language":"ENG","playtime":488,"items_purged":[],"score":140,"play_id":"b8033490-65c4-423a-b1e4-fc576c34aa14","local_time":"20210214014537","is_ascension_mode":true,"campfire_choices":[{"data":"Beam Cell","floor":7,"key":"SMITH"},{"data":"Streamline","floor":10,"key":"SMITH"},{"data":"Conserve Battery","floor":15,"key":"SMITH"}],"circlet_count":0,"master_deck":["Strike_B","Strike_B","Strike_B","Strike_B","Defend_B","Defend_B","Defend_B","Defend_B","Zap","Dualcast","Beam Cell+1","Streamline+1","Compile Driver","Gash","Beam Cell","Conserve Battery+1"],"relics":["Coffee Dripper","Golden Idol","Potion Belt","MawBank"],"acts_visited":["Exordium"],"potions_floor_usage":[6,16],"damage_taken":[{"damage":0,"enemies":"Small Slimes","floor":1,"turns":2},{"damage":2,"enemies":"Jaw Worm","floor":2,"turns":3},{"damage":0,"enemies":"Cultist","floor":4,"turns":2},{"damage":20,"enemies":"Lagavulin","floor":6,"turns":5},{"damage":0,"enemies":"2 Fungi Beasts","floor":8,"turns":3},{"damage":12,"enemies":"Large Slime","floor":11,"turns":2},{"damage":6,"enemies":"Blue Slaver","floor":12,"turns":3},{"damage":15,"enemies":"3 Louse","floor":14,"turns":4},{"damage":16,"enemies":"The Guardian","floor":16,"turns":5}],"seed_played":"9149917012506705648","potions_obtained":[{"floor":1,"key":"Energy Potion"},{"floor":2,"key":"Weak Potion"},{"floor":8,"key":"LiquidBronze"}],"is_trial":false,"path_per_floor":["M","M","?","M","?","E","R","M","T","R","M","M","?","M","R","B"],"character_chosen":"DEFECT","items_purchased":[],"campfire_rested":0,"item_purchase_floors":[],"current_hp_per_floor":[68,66,66,66,66,46,46,46,46,46,34,28,28,13,13,0,0],"gold":380,"neow_bonus":"BOSS_RELIC","is_daily":false,"chose_seed":false,"campfire_upgraded":3,"win_rate":0.0,"timestamp":1613267137,"path_taken":["M","M","?","M","?","E","R","?","T","R","M","M","?","M","R","BOSS"],"items_purchased_type":[],"build_version":"2020-12-22","purchased_purges":0,"victory":false,"max_hp_per_floor":[75,75,69,69,69,69,69,69,69,69,69,69,69,69,69,69,69],"relic_stats":{"counters":[9,29],"Golden Idol":29,"MawBank":84,"obtain_stats":[{"Potion Belt":6,"Golden Idol":3,"Coffee Dripper":0,"Cracked Core":0,"MawBank":9},{"Potion Belt":4,"Golden Idol":2,"Coffee Dripper":0,"Cracked Core":0,"MawBank":5},{"Potion Belt":12,"Golden Idol":5,"Coffee Dripper":0,"Cracked Core":0,"MawBank":15}]},"card_choices":[{"not_picked":["Melter","Rebound"],"picked":"Beam Cell","floor":1},{"not_picked":["Stack","Rebound"],"picked":"Streamline","floor":2},{"not_picked":["Leap","Fission"],"picked":"Compile Driver","floor":4},{"not_picked":["Self Repair","Defragment"],"picked":"Gash","floor":6},{"not_picked":["Static Discharge","Turbo"],"picked":"Beam Cell","floor":8},{"not_picked":["Turbo","Steam"],"picked":"Conserve Battery","floor":11},{"not_picked":["Doom and Gloom","Tempest","Consume"],"picked":"SKIP","floor":12},{"not_picked":["Coolheaded","Rainbow","Beam Cell"],"picked":"SKIP","floor":14}],"player_experience":256941,"relics_obtained":[{"floor":6,"key":"Potion Belt"},{"floor":9,"key":"MawBank"}],"event_choices":[{"damage_healed":0,"gold_gain":0,"player_choice":"Lose Max HP","damage_taken":0,"relics_obtained":["Golden Idol"],"max_hp_gain":0,"max_hp_loss":6,"event_name":"Golden Idol","floor":3,"gold_loss":0},{"damage_healed":0,"gold_gain":0,"player_choice":"Ignored","damage_taken":0,"max_hp_gain":0,"max_hp_loss":0,"event_name":"Liars Game","floor":5,"gold_loss":0},{"damage_healed":0,"gold_gain":0,"player_choice":"Fled","damage_taken":0,"max_hp_gain":0,"max_hp_loss":0,"event_name":"Scrap Ooze","floor":13,"gold_loss":0}],"is_beta":false,"boss_relics":[],"items_purged_floors":[],"is_endless":false,"potions_floor_spawned":[1,2,8],"killed_by":"The Guardian","ascension_level":7}}