{"host":"Krakhan","time":1613275624,"event":{"mods":["AchievementEnabler","BaseMod","Colored Map","Colored Powertips","Faster Ascension Climbing","Highlight Path","Minty Spire (QoL Compilation)","Rare Cards Sparkle","Relic Stats","StSLib"],"gold_per_floor":[117,117,133,74,90,117,117,134,134,134,168,168,184,204,204,281,281,299,249,280,280,25,50,67,97,97,97,97,110,110,54,54,54,54],"floor_reached":33,"language":"ENG","playtime":2845,"items_purged":[],"score":590,"play_id":"866f83c0-9175-4059-8ad7-ba6bd766f2c8","local_time":"20210213230704","is_ascension_mode":true,"campfire_choices":[{"data":"Dash","floor":7,"key":"SMITH"},{"data":"Dagger Spray","floor":10,"key":"SMITH"},{"data":"Blade Dance","floor":15,"key":"SMITH"},{"data":"Adrenaline","floor":28,"key":"SMITH"},{"data":"J.A.X.","floor":32,"key":"SMITH"}],"circlet_count":0,"master_deck":["AscendersBane","Strike_G","Strike_G+1","Strike_G+1","Defend_G","Defend_G","Defend_G","Defend_G","Survivor","Neutralize","Terror","Dash+1","Deadly Poison","Dagger Spray+1","Caltrops","Blade Dance+1","Dodge and Roll","Adrenaline+1","Riddle With Holes+1","Choke+1","Leg Sweep+1","PiercingWail","Footwork+1","Blade Dance","Backflip","Dodge and Roll+1","J.A.X.+1"],"relics":["Ring of the Snake","Whetstone","Eternal Feather","Mango","TungstenRod","Matryoshka","Meat on the Bone","Astrolabe","Red Mask","Sling","HornCleat","MealTicket","Mercury Hourglass","Ornamental Fan","Nloth\u0027s Gift"],"acts_visited":["Exordium","TheCity"],"potions_floor_usage":[6,11,16,20,25,25,33],"damage_taken":[{"damage":4,"enemies":"Jaw Worm","floor":1,"turns":5},{"damage":0,"enemies":"2 Louse","floor":3,"turns":4},{"damage":4,"enemies":"Cultist","floor":5,"turns":3},{"damage":29,"enemies":"Gremlin Nob","floor":6,"turns":4},{"damage":2,"enemies":"Looter","floor":8,"turns":4},{"damage":9,"enemies":"Lagavulin","floor":11,"turns":6},{"damage":2,"enemies":"3 Louse","floor":13,"turns":3},{"damage":4,"enemies":"Blue Slaver","floor":14,"turns":3},{"damage":24,"enemies":"Slime Boss","floor":16,"turns":7},{"damage":0,"enemies":"Chosen","floor":18,"turns":3},{"damage":13,"enemies":"2 Thieves","floor":19,"turns":5},{"damage":20,"enemies":"Masked Bandits","floor":20,"turns":6},{"damage":30,"enemies":"Gremlin Leader","floor":23,"turns":6},{"damage":21,"enemies":"3 Cultists","floor":24,"turns":6},{"damage":19,"enemies":"Slavers","floor":25,"turns":9},{"damage":0,"enemies":"Centurion and Healer","floor":29,"turns":7},{"damage":86,"enemies":"Collector","floor":33,"turns":8}],"seed_played":"-5194798951533520478","potions_obtained":[{"floor":1,"key":"GamblersBrew"},{"floor":8,"key":"SteroidPotion"},{"floor":14,"key":"AttackPotion"},{"floor":19,"key":"SpeedPotion"},{"floor":20,"key":"Dexterity Potion"},{"floor":24,"key":"Regen Potion"}],"is_trial":false,"path_per_floor":["M","?","M","?","M","E","R","M","T","R","E","T","M","M","R","B",null,"M","M","?","?","$","E","M","E","T","?","R","M","?","$","R","B"],"character_chosen":"THE_SILENT","items_purchased":["Sling","DuplicationPotion","PowerPotion"],"campfire_rested":0,"item_purchase_floors":[22,22,31],"current_hp_per_floor":[55,44,44,44,40,25,34,32,32,41,32,32,42,50,62,50,73,73,60,52,52,52,34,25,33,33,33,48,48,48,63,78,0,0],"gold":54,"neow_bonus":"RANDOM_COMMON_RELIC","is_daily":false,"chose_seed":false,"campfire_upgraded":5,"win_rate":0.0,"timestamp":1613275624,"path_taken":["M","?","M","?","M","E","R","M","T","R","E","?","M","M","R","BOSS","M","M","?","?","$","E","M","E","T","?","R","?","?","$","R","BOSS"],"items_purchased_type":["Relic","Potion","Potion"],"build_version":"2020-12-18","purchased_purges":0,"victory":false,"max_hp_per_floor":[66,66,66,66,66,80,80,80,80,80,80,80,80,80,80,80,80,80,80,80,80,80,80,80,80,80,80,80,80,80,80,80,80,80],"relic_stats":{"counters":[17,89],"Ornamental Fan":[36],"Astrolabe":["Riddle With Holes","Choke","Leg Sweep"],"Eternal Feather":60,"MealTicket":15,"Nloth\u0027s Gift":0,"Whetstone":["Strike_G","Strike_G"],"obtain_stats":[{"Astrolabe":17,"Eternal Feather":2,"Mango":6,"Whetstone":0,"Orichalcum":12,"Sling":22,"Mercury Hourglass":26,"Matryoshka":11,"HornCleat":23,"Ornamental Fan":26,"MealTicket":25,"Red Mask":20,"Nloth\u0027s Gift":27,"TungstenRod":9,"Ring of the Snake":0,"Meat on the Bone":12},{"Astrolabe":9,"Eternal Feather":1,"Mango":4,"Whetstone":0,"Orichalcum":6,"Sling":12,"Mercury Hourglass":15,"Matryoshka":6,"HornCleat":13,"Ornamental Fan":15,"MealTicket":15,"Red Mask":12,"Nloth\u0027s Gift":15,"TungstenRod":5,"Ring of the Snake":0,"Meat on the Bone":6},{"Astrolabe":39,"Eternal Feather":5,"Mango":16,"Whetstone":0,"Orichalcum":26,"Sling":53,"Mercury Hourglass":74,"Matryoshka":26,"HornCleat":59,"Ornamental Fan":74,"MealTicket":74,"Red Mask":53,"Nloth\u0027s Gift":74,"TungstenRod":20,"Ring of the Snake":0,"Meat on the Bone":26}],"TungstenRod":28,"Ring of the Snake":[34],"Meat on the Bone":84,"Mercury Hourglass":[78]},"card_choices":[{"not_picked":["Accuracy","Escape Plan"],"picked":"Terror","floor":1},{"not_picked":["Deadly Poison","Dagger Throw"],"picked":"Dash","floor":3},{"not_picked":["Bane","Outmaneuver","Deflect"],"picked":"SKIP","floor":5},{"not_picked":["Slice","Blur"],"picked":"Deadly Poison","floor":6},{"not_picked":["Prepared","Bane"],"picked":"Dagger Spray","floor":8},{"not_picked":["Expertise","Deadly Poison"],"picked":"Caltrops","floor":11},{"not_picked":["Finisher","Backflip"],"picked":"Blade Dance","floor":13},{"not_picked":["Blade Dance","Finisher"],"picked":"Dodge and Roll","floor":14},{"not_picked":["Burst","Wraith Form v2"],"picked":"Adrenaline","floor":16},{"not_picked":["Dodge and Roll+1","Slice"],"picked":"PiercingWail","floor":18},{"not_picked":["Acrobatics","Dodge and Roll+1"],"picked":"Footwork+1","floor":19},{"not_picked":["Deadly Poison","Doppelganger"],"picked":"Blade Dance","floor":20},{"not_picked":["Caltrops","Outmaneuver","Flying Knee"],"picked":"SKIP","floor":23},{"not_picked":["Distraction","Dagger Throw","Quick Slash"],"picked":"SKIP","floor":24},{"not_picked":["Distraction","Dagger Throw","Quick Slash"],"picked":"SKIP","floor":24},{"not_picked":["Endless Agony","Flying Knee"],"picked":"Backflip","floor":25},{"not_picked":["Masterful Stab","Tactician+1"],"picked":"Dodge and Roll+1","floor":29}],"player_experience":1391814,"relics_obtained":[{"floor":6,"key":"Mango"},{"floor":9,"key":"TungstenRod"},{"floor":11,"key":"Matryoshka"},{"floor":12,"key":"Meat on the Bone"},{"floor":12,"key":"Orichalcum"},{"floor":20,"key":"Red Mask"},{"floor":23,"key":"HornCleat"},{"floor":25,"key":"MealTicket"},{"floor":26,"key":"Mercury Hourglass"},{"floor":26,"key":"Ornamental Fan"}],"event_choices":[{"damage_healed":0,"gold_gain":0,"player_choice":"Success","damage_taken":11,"relics_obtained":["Eternal Feather"],"max_hp_gain":0,"max_hp_loss":0,"event_name":"Scrap Ooze","floor":2,"gold_loss":0},{"damage_healed":0,"gold_gain":0,"player_choice":"Left Gold","damage_taken":0,"max_hp_gain":0,"max_hp_loss":0,"event_name":"World of Goop","floor":4,"gold_loss":59},{"damage_healed":0,"gold_gain":0,"player_choice":"Fought Bandits","damage_taken":0,"max_hp_gain":0,"max_hp_loss":0,"event_name":"Masked Bandits","floor":20,"gold_loss":0},{"damage_healed":0,"gold_gain":0,"player_choice":"Ignored","damage_taken":0,"max_hp_gain":0,"max_hp_loss":0,"event_name":"Vampires","floor":21,"gold_loss":0},{"damage_healed":0,"gold_gain":0,"player_choice":"Traded Relic","damage_taken":0,"relics_obtained":["Nloth\u0027s Gift"],"max_hp_gain":0,"max_hp_loss":0,"event_name":"N\u0027loth","floor":27,"relics_lost":["Orichalcum"],"gold_loss":0},{"damage_healed":0,"gold_gain":0,"player_choice":"Obtain J.A.X.","damage_taken":0,"max_hp_gain":0,"max_hp_loss":0,"event_name":"Drug Dealer","floor":30,"gold_loss":0,"cards_obtained":["J.A.X."]}],"is_beta":true,"boss_relics":[{"not_picked":["Ectoplasm","Velvet Choker"],"picked":"Astrolabe"}],"items_purged_floors":[],"is_endless":false,"potions_floor_spawned":[1,8,14,19,20,24],"killed_by":"Collector","ascension_level":20}}