{"host":"8ztb9kwpjc2zof9s","time":1613285162,"event":{"mods":["BaseMod","Block Reminder","Curses Come First","Minty Spire (QoL Compilation)","Relic Stats","StSLib"],"gold_per_floor":[116,131,131,143,74,104,114,132,159,159,159,172,172,172,172,269,269,283,295,94,109,35,35,54,54,54,54,65,80,93,118,118,118,118],"floor_reached":33,"language":"ENG","playtime":1449,"items_purged":["Strike_G"],"score":420,"play_id":"9d7983be-3a75-459a-8c9f-b0e300e08f36","local_time":"20210213224602","is_ascension_mode":true,"campfire_choices":[{"floor":10,"key":"REST"},{"floor":15,"key":"REST"},{"floor":23,"key":"REST"},{"floor":32,"key":"REST"}],"circlet_count":0,"master_deck":["AscendersBane","Strike_G","Strike_G","Strike_G","Strike_G","Defend_G","Defend_G","Defend_G","Defend_G","Defend_G","Survivor","Neutralize","A Thousand Cuts+1","PiercingWail","Deadly Poison","Infinite Blades","Leg Sweep","Cloak And Dagger","Envenom+1","After Image","Accuracy","Outmaneuver+1","Dodge and Roll","Caltrops","Footwork","Underhanded Strike","Crippling Poison","Noxious Fumes+1","Dash","Choke+1"],"relics":["Ring of the Snake","Oddly Smooth Stone","Vajra","Snecko Eye","Mummified Hand","Prayer Wheel","Akabeko"],"acts_visited":["Exordium","TheCity"],"potions_floor_usage":[6,8,16,19,21,33,33],"damage_taken":[{"damage":4,"enemies":"Jaw Worm","floor":1,"turns":8},{"damage":9,"enemies":"2 Louse","floor":2,"turns":3},{"damage":6,"enemies":"Small Slimes","floor":4,"turns":4},{"damage":28,"enemies":"Gremlin Nob","floor":6,"turns":5},{"damage":1,"enemies":"Blue Slaver","floor":7,"turns":6},{"damage":9,"enemies":"Exordium Wildlife","floor":8,"turns":5},{"damage":7,"enemies":"3 Louse","floor":12,"turns":4},{"damage":16,"enemies":"The Guardian","floor":16,"turns":11},{"damage":4,"enemies":"Shell Parasite","floor":18,"turns":8},{"damage":21,"enemies":"3 Byrds","floor":19,"turns":5},{"damage":13,"enemies":"Shelled Parasite and Fungi","floor":21,"turns":6},{"damage":18,"enemies":"Centurion and Healer","floor":24,"turns":8},{"damage":5,"enemies":"Cultist and Chosen","floor":28,"turns":6},{"damage":6,"enemies":"Snecko","floor":29,"turns":4},{"damage":25,"enemies":"Shelled Parasite and Fungi","floor":30,"turns":5},{"damage":2,"enemies":"Book of Stabbing","floor":31,"turns":5},{"damage":55,"enemies":"Collector","floor":33,"turns":7}],"seed_played":"-1558869777593264780","potions_obtained":[{"floor":4,"key":"Poison Potion"},{"floor":7,"key":"PowerPotion"},{"floor":8,"key":"FairyPotion"},{"floor":12,"key":"Regen Potion"},{"floor":16,"key":"CunningPotion"},{"floor":19,"key":"LiquidMemories"},{"floor":28,"key":"Explosive Potion"},{"floor":30,"key":"BlessingOfTheForge"}],"is_trial":false,"path_per_floor":["M","M","?","M","$","E","M","M","T","R","?","M","?","?","R","B",null,"M","M","$","M","$","R","M","?","T","T","M","M","M","E","R","B"],"character_chosen":"THE_SILENT","items_purchased":["Infinite Blades","Dodge and Roll","Caltrops","Footwork"],"campfire_rested":4,"item_purchase_floors":[5,20,20,22],"current_hp_per_floor":[59,50,55,49,49,21,20,11,11,31,31,24,24,24,44,43,62,58,37,37,24,24,44,26,26,26,26,21,15,20,18,38,0,0],"gold":118,"neow_bonus":"THREE_RARE_CARDS","is_daily":false,"chose_seed":false,"campfire_upgraded":0,"win_rate":0.0,"timestamp":1613285162,"path_taken":["M","M","?","M","$","E","M","M","T","R","?","M","?","?","R","BOSS","M","M","$","M","?","R","M","?","T","?","M","M","M","E","R","BOSS"],"items_purchased_type":["Card","Card","Card","Card"],"build_version":"2020-12-22","purchased_purges":1,"victory":false,"max_hp_per_floor":[63,63,68,68,68,68,68,68,68,68,68,68,68,68,68,68,68,68,68,68,68,68,68,68,68,68,68,68,68,68,68,68,68,68],"relic_stats":{"counters":[17,100],"Mummified Hand":[70],"Snecko Eye":[112,80,99,90],"Prayer Wheel":3,"obtain_stats":[{"Mummified Hand":26,"Oddly Smooth Stone":6,"Vajra":9,"Snecko Eye":17,"Prayer Wheel":27,"Akabeko":31,"Ring of the Snake":0},{"Mummified Hand":12,"Oddly Smooth Stone":4,"Vajra":6,"Snecko Eye":8,"Prayer Wheel":12,"Akabeko":16,"Ring of the Snake":0},{"Mummified Hand":73,"Oddly Smooth Stone":20,"Vajra":31,"Snecko Eye":46,"Prayer Wheel":73,"Akabeko":93,"Ring of the Snake":0}],"Ring of the Snake":[34]},"card_choices":[{"not_picked":["Storm of Steel","Venomology"],"picked":"A Thousand Cuts","floor":0},{"not_picked":["Outmaneuver","Distraction"],"picked":"PiercingWail","floor":1},{"not_picked":["Flying Knee","Quick Slash"],"picked":"Deadly Poison","floor":2},{"not_picked":["Choke","Deflect","Sucker Punch"],"picked":"SKIP","floor":4},{"not_picked":["Dagger Spray","Deflect"],"picked":"Leg Sweep","floor":6},{"not_picked":["Slice","Dagger Spray","Deadly Poison"],"picked":"SKIP","floor":7},{"not_picked":["Dodge and Roll","Quick Slash"],"picked":"Cloak And Dagger","floor":8},{"not_picked":["Poisoned Stab","Predator"],"picked":"Envenom","floor":12},{"not_picked":["Malaise","Grand Finale"],"picked":"After Image","floor":16},{"not_picked":["Sucker Punch","Outmaneuver"],"picked":"Accuracy","floor":18},{"not_picked":["PiercingWail","Bane+1"],"picked":"Outmaneuver+1","floor":19},{"not_picked":["Dagger Throw","Prepared+1","Flying Knee"],"picked":"SKIP","floor":21},{"not_picked":["Blade Dance","Flying Knee"],"picked":"Underhanded Strike","floor":24},{"not_picked":["Flying Knee+1","Cloak And Dagger","Well Laid Plans+1"],"picked":"SKIP","floor":28},{"not_picked":["Cloak And Dagger","Bane","Distraction+1"],"picked":"SKIP","floor":28},{"not_picked":["Slice","Prepared"],"picked":"Crippling Poison","floor":29},{"not_picked":["Terror","Storm of Steel","Flying Knee+1"],"picked":"SKIP","floor":29},{"not_picked":["Heel Hook","Deadly Poison"],"picked":"Noxious Fumes+1","floor":30},{"not_picked":["Well Laid Plans","Cloak And Dagger+1"],"picked":"Dash","floor":30},{"not_picked":["Glass Knife","PiercingWail"],"picked":"Choke+1","floor":31}],"player_experience":332417,"relics_obtained":[{"floor":6,"key":"Oddly Smooth Stone"},{"floor":9,"key":"Vajra"},{"floor":26,"key":"Mummified Hand"},{"floor":27,"key":"Prayer Wheel"},{"floor":31,"key":"Akabeko"}],"event_choices":[{"damage_healed":0,"gold_gain":0,"player_choice":"Donut","damage_taken":0,"max_hp_gain":5,"max_hp_loss":0,"event_name":"Big Fish","floor":3,"gold_loss":0},{"damage_healed":0,"gold_gain":0,"player_choice":"Ignored","damage_taken":0,"max_hp_gain":0,"max_hp_loss":0,"event_name":"Shining Light","floor":11,"gold_loss":0},{"damage_healed":0,"gold_gain":0,"player_choice":"Grow","damage_taken":0,"max_hp_gain":0,"max_hp_loss":0,"event_name":"Living Wall","floor":13,"gold_loss":0,"cards_upgraded":["Envenom"]},{"damage_healed":0,"gold_gain":0,"player_choice":"Forge","damage_taken":0,"max_hp_gain":0,"max_hp_loss":0,"event_name":"Accursed Blacksmith","floor":14,"gold_loss":0,"cards_upgraded":["A Thousand Cuts"]},{"damage_healed":0,"gold_gain":0,"player_choice":"Ignored","damage_taken":0,"max_hp_gain":0,"max_hp_loss":0,"event_name":"Cursed Tome","floor":25,"gold_loss":0}],"is_beta":false,"boss_relics":[{"not_picked":["SlaversCollar","Runic Dome"],"picked":"Snecko Eye"}],"items_purged_floors":[20],"is_endless":false,"potions_floor_spawned":[4,7,8,12,16,19,28,30],"killed_by":"Collector","ascension_level":11}}