{"host":"grpjhwjd167m6b3a","time":1613280034,"event":{"mods":["BaseMod","Bossed Relics","LagranYue(拉格朗・月)","Minty Spire (QoL Compilation)","Prisma Mod","Reliquary","SOS（斯巴达之子）","StSLib","The Alterego","The Saiyan","The Senshi"],"gold_per_floor":[144,189,189,364,364,364,462,511,511,560,609,658,758,856,856,1181,1181,1230,247,247,296,345,443,492,492,542,591,689,738,738,787,787,1112,1112,1161,137,137,137,186,284,333,431,506,506,506,506,604,665,677,689],"floor_reached":51,"language":"ZHS","playtime":2187,"items_purged":[],"score":1514,"play_id":"5e736e15-efe7-4b69-b53e-b22f0fd4e39e","local_time":"20210214152034","daily_mods":["Draft","Hoarder","Midas"],"is_ascension_mode":false,"campfire_choices":[{"floor":6,"key":"REST"},{"floor":15,"key":"REST"},{"floor":25,"key":"REST"},{"floor":32,"key":"REST"},{"floor":44,"key":"REST"},{"floor":46,"key":"REST"},{"floor":49,"key":"REST"}],"circlet_count":0,"master_deck":["LagranYue:AttackRubyCard+1","LagranYue:AttackRubyCard+1","LagranYue:AttackRubyCard+1","LagranYue:RoseCard+1","LagranYue:RoseCard+1","LagranYue:RoseCard+1","LagranYue:AttackFaithCard+1","LagranYue:AttackFaithCard+1","LagranYue:AttackFaithCard+1","LagranYue:SkillKadeboSwordCard+1","LagranYue:SkillKadeboSwordCard+1","LagranYue:SkillKadeboSwordCard+1","LagranYue:SkillDeathBolgCard+1","LagranYue:SkillDeathBolgCard+1","LagranYue:SkillDeathBolgCard+1","LagranYue:SkillDeathBolgCard+1","LagranYue:SkillDeathBolgCard+1","LagranYue:SkillDeathBolgCard+1","LagranYue:RubyDefendCard+1","LagranYue:RubyDefendCard+1","LagranYue:RubyDefendCard+1","LagranYue:SkillFalseAerialAceCard+1","LagranYue:SkillFalseAerialAceCard+1","LagranYue:SkillFalseAerialAceCard+1","LagranYue:AttackFaithCard+1","LagranYue:AttackFaithCard+1","LagranYue:AttackFaithCard+1","LagranYue:PhysicalFitnessCard+1","LagranYue:PhysicalFitnessCard+1","LagranYue:PhysicalFitnessCard+1","LagranYue:LifeForgingCard+1","LagranYue:LifeForgingCard+1","LagranYue:LifeForgingCard+1","LagranYue:AttackFaithCard+1","LagranYue:AttackFaithCard+1","LagranYue:AttackFaithCard+1","LagranYue:AttackTopazCard+1","LagranYue:AttackTopazCard+1","LagranYue:AttackTopazCard+1","LagranYue:AttackDevilCard+1","LagranYue:AttackDevilCard+1","LagranYue:AttackDevilCard+1","LagranYue:AttackMagicStarsCard+1","LagranYue:AttackMagicStarsCard+1","LagranYue:AttackMagicStarsCard+1","LagranYue:AttackFireCard+1","LagranYue:AttackFireCard+1","LagranYue:AttackFireCard+1","LagranYue:PrematureBurialCard+1","LagranYue:PrematureBurialCard+1","LagranYue:PrematureBurialCard+1","LagranYue:SkillLegendPaladinCard+1","LagranYue:SkillLegendPaladinCard+1","LagranYue:SkillLegendPaladinCard+1","LagranYue:AttackFaithCard+1","LagranYue:AttackFaithCard+1","LagranYue:AttackFaithCard+1","LagranYue:AttackSummerCard+1","LagranYue:AttackSummerCard+1","LagranYue:AttackSummerCard+1","LagranYue:PowerDarkTempleCard+1","LagranYue:PowerDarkTempleCard+1","LagranYue:PowerDarkTempleCard+1","LagranYue:AttackPurpleCard+1","LagranYue:AttackPurpleCard+1","LagranYue:AttackPurpleCard+1","LagranYue:AttackFireCard+1","LagranYue:AttackFireCard+1","LagranYue:AttackFireCard+1","LagranYue:PowerDoubleArmsCard+1","LagranYue:PowerDoubleArmsCard+1","LagranYue:PowerDoubleArmsCard+1","LagranYue:EmeraldRemorseCard+1","LagranYue:EmeraldRemorseCard+1","LagranYue:EmeraldRemorseCard+1","Apotheosis+1","Apotheosis+1","Apotheosis+1","LagranYue:PowerRemoveArmorCard+1","LagranYue:PowerRemoveArmorCard+1","LagranYue:PowerRemoveArmorCard+1","LagranYue:AttackFutureCard+1","LagranYue:AttackFutureCard+1","LagranYue:AttackFutureCard+1","LagranYue:PowerTwelveTrialsCard+1","LagranYue:PowerTwelveTrialsCard+1","LagranYue:PowerTwelveTrialsCard+1","LagranYue:AttackMagicStarsCard+1","LagranYue:AttackMagicStarsCard+1","LagranYue:AttackMagicStarsCard+1","LagranYue:PowerTwelveTrialsCard+1","LagranYue:PowerTwelveTrialsCard+1","LagranYue:PowerTwelveTrialsCard+1","LagranYue:AttackFutureCard+1","LagranYue:AttackFutureCard+1","LagranYue:AttackFutureCard+1","LagranYue:SkillGanJiangMoYeSwordCard+1","LagranYue:SkillGanJiangMoYeSwordCard+1","LagranYue:SkillGanJiangMoYeSwordCard+1","LagranYue:RoseCard+1","LagranYue:RoseCard+1","LagranYue:RoseCard+1","LagranYue:SapphirePrayerCard+1","LagranYue:SapphirePrayerCard+1","LagranYue:SapphirePrayerCard+1","LagranYue:AttackGodArchCard+1","LagranYue:AttackGodArchCard+1","LagranYue:AttackGodArchCard+1","LagranYue:PowerBloodyTempleCard+1","LagranYue:PowerBloodyTempleCard+1","LagranYue:PowerBloodyTempleCard+1","LagranYue:SkillVictorySwordCard+1","LagranYue:SkillVictorySwordCard+1","LagranYue:SkillVictorySwordCard+1","LagranYue:MultipleThornsCard+1","LagranYue:MultipleThornsCard+1","LagranYue:MultipleThornsCard+1","LagranYue:AttackFaithCard+1","LagranYue:AttackFaithCard+1","LagranYue:AttackFaithCard+1","LagranYue:PowerDarkTempleCard+1","LagranYue:PowerDarkTempleCard+1","LagranYue:PowerDarkTempleCard+1","LagranYue:SkillGanJiangMoYeSwordCard+1","LagranYue:SkillGanJiangMoYeSwordCard+1","LagranYue:SkillGanJiangMoYeSwordCard+1","Mind Blast+1","Mind Blast+1","Mind Blast+1","LagranYue:SkillEightFeetJadeCard+1","LagranYue:SkillEightFeetJadeCard+1","LagranYue:SkillEightFeetJadeCard+1","LagranYue:SkillGaeBolgCard+1","LagranYue:SkillGaeBolgCard+1","LagranYue:SkillGaeBolgCard+1","LagranYue:PowerBloodyTempleCard","LagranYue:PowerBloodyTempleCard","LagranYue:PowerBloodyTempleCard","LagranYue:AttackGoldCard+1","LagranYue:AttackGoldCard+1","LagranYue:AttackGoldCard+1","Pain","Pain","Pain","LagranYue:SkillGanJiangMoYeSwordCard","LagranYue:SkillGanJiangMoYeSwordCard","LagranYue:SkillGanJiangMoYeSwordCard","LagranYue:AttackEnchantmentCard+1","LagranYue:AttackEnchantmentCard+1","LagranYue:AttackEnchantmentCard+1"],"relics":["LagranYue:ArmsProficiencyRelics","LagranYue:RandomDrawCardRelic","Golden Idol","LagranYue:LuEnSwordRelics","LagranYue:RuleBreakerRelics","Gremlin Horn","reliquary:SharkskinSheath","Empty Cage","Potion Belt","reliquary:BrokenClock","Bag of Marbles","Bottled Flame","Bronze Scales","Blood Vial","Regal Pillow","reliquary:PrincelyHelmet","MutagenicStrength","SlaversCollar","LagranYue:LuEnRelics","Calipers","DollysMirror","Mark of the Bloom","Orichalcum","Juzu Bracelet","Ornamental Fan","WarpedTongs","MawBank"],"acts_visited":["Exordium","TheCity","TheBeyond"],"potions_floor_usage":[41],"damage_taken":[{"damage":12,"enemies":"Jaw Worm","floor":1,"turns":3},{"damage":0,"enemies":"Cultist","floor":2,"turns":2},{"damage":2,"enemies":"Lagavulin","floor":7,"turns":3},{"damage":0,"enemies":"2 Louse","floor":8,"turns":2},{"damage":0,"enemies":"Red Slaver","floor":10,"turns":1},{"damage":0,"enemies":"Large Slime","floor":11,"turns":2},{"damage":0,"enemies":"Exordium Wildlife","floor":12,"turns":1},{"damage":0,"enemies":"3 Sentries","floor":14,"turns":1},{"damage":0,"enemies":"Hexaghost","floor":16,"turns":2},{"damage":22,"enemies":"2 Thieves","floor":18,"turns":2},{"damage":0,"enemies":"3 Byrds","floor":21,"turns":1},{"damage":12,"enemies":"Cultist and Chosen","floor":22,"turns":4},{"damage":0,"enemies":"Book of Stabbing","floor":23,"turns":1},{"damage":0,"enemies":"Shelled Parasite and Fungi","floor":24,"turns":1},{"damage":0,"enemies":"Centurion and Healer","floor":27,"turns":1},{"damage":0,"enemies":"Slavers","floor":28,"turns":2},{"damage":2,"enemies":"Snecko","floor":29,"turns":2},{"damage":0,"enemies":"Shelled Parasite and Fungi","floor":31,"turns":2},{"damage":1,"enemies":"Automaton","floor":33,"turns":2},{"damage":0,"enemies":"3 Darklings","floor":35,"turns":2},{"damage":0,"enemies":"Orb Walker","floor":39,"turns":2},{"damage":14,"enemies":"Giant Head","floor":40,"turns":2},{"damage":24,"enemies":"Writhing Mass","floor":41,"turns":4},{"damage":0,"enemies":"Reptomancer","floor":42,"turns":1},{"damage":13,"enemies":"Nemesis","floor":47,"turns":3},{"damage":3,"enemies":"4 Shapes","floor":48,"turns":1},{"damage":54,"enemies":"Donu and Deca","floor":50,"turns":4}],"seed_played":"-463004689936713651","potions_obtained":[{"floor":1,"key":"DistilledChaos"},{"floor":8,"key":"EssenceOfSteel"},{"floor":10,"key":"PowerPotion"},{"floor":42,"key":"LiquidBronze"}],"is_trial":false,"path_per_floor":["M","M","?","?","?","R","E","M","T","M","M","M","?","E","R","B",null,"M","$","?","M","M","E","M","R","T","M","E","M","?","M","R","B",null,"M","$","?","$","M","E","M","E","T","R","?","R","E","M","R","B",null],"character_chosen":"LagranYueCharacter","items_purchased":["Apotheosis","reliquary:BrokenClock","Bag of Marbles","Bottled Flame","LagranYue:PowerRemoveArmorCard","BlessingOfTheForge","LiquidMemories","LagranYue:AttackFutureCard","LagranYue:LuEnRelics","Calipers","DollysMirror","LagranYue:PowerDarkTempleCard","LagranYue:SkillGanJiangMoYeSwordCard","Mind Blast"],"campfire_rested":7,"item_purchase_floors":[19,19,19,19,19,19,19,19,36,36,36,36,36,36],"current_hp_per_floor":[66,69,49,49,49,73,81,85,85,90,97,103,103,109,118,128,128,106,106,106,114,120,130,141,164,164,173,177,175,175,187,187,196,197,197,197,197,197,197,183,159,159,159,159,159,159,146,143,143,89],"gold":701,"neow_bonus":"","is_daily":true,"chose_seed":false,"campfire_upgraded":0,"win_rate":0.0,"timestamp":1613280034,"path_taken":["M","M","?","?","?","R","E","M","T","M","?","?","?","E","R","BOSS","M","$","?","M","M","E","M","R","T","M","E","M","?","M","R","BOSS","M","$","?","$","M","E","M","E","T","R","?","R","E","M","R","BOSS"],"items_purchased_type":["Card","Relic","Relic","Relic","Card","Potion","Potion","Card","Relic","Relic","Relic","Card","Card","Card"],"build_version":"2020-12-22","purchased_purges":0,"victory":true,"max_hp_per_floor":[78,81,81,81,81,81,91,95,95,100,106,112,112,118,118,128,128,128,128,128,136,145,155,164,164,164,173,177,177,177,187,187,197,197,197,197,197,197,197,204,209,209,209,209,209,209,215,215,215,223],"card_choices":[{"not_picked":["LagranYue:MagicSkyrocketCard","LagranYue:SkillTestamentCard"],"picked":"LagranYue:AttackRubyCard","floor":0},{"not_picked":["LagranYue:AttackIceCard","LagranYue:AttackBetterCard"],"picked":"LagranYue:RoseCard","floor":0},{"not_picked":["LagranYue:PowerRemoveArmorCard","LagranYue:AttackIceCard"],"picked":"LagranYue:AttackFaithCard","floor":0},{"not_picked":["LagranYue:AttackIceCard","LagranYue:MagicSkyrocketCard"],"picked":"LagranYue:SkillKadeboSwordCard","floor":0},{"not_picked":["LagranYue:SkillTestamentCard","LagranYue:AttackMagicMoonCard"],"picked":"LagranYue:SkillDeathBolgCard","floor":0},{"not_picked":["LagranYue:SkillGaeBolgCard","LagranYue:DefendBetterCard"],"picked":"LagranYue:SkillDeathBolgCard","floor":0},{"not_picked":["LagranYue:SkillIncompleteArchCard","LagranYue:EatTigerCard"],"picked":"LagranYue:RubyDefendCard","floor":0},{"not_picked":["LagranYue:PowerTwelveTrialsCard","LagranYue:AttackRavagedCard"],"picked":"LagranYue:SkillFalseAerialAceCard","floor":0},{"not_picked":["LagranYue:SkillBrokenShieldCard","LagranYue:AttackIceCard"],"picked":"LagranYue:AttackFaithCard","floor":0},{"not_picked":["LagranYue:SkillWoodSpearCard","LagranYue:SkillIncompleteArchCard"],"picked":"LagranYue:PhysicalFitnessCard","floor":0},{"not_picked":["LagranYue:DefendBetterCard","LagranYue:SkillTestamentCard"],"picked":"LagranYue:LifeForgingCard","floor":0},{"not_picked":["LagranYue:AttackAerCard","LagranYue:SkillBrokenSwordCard"],"picked":"LagranYue:AttackFaithCard","floor":0},{"not_picked":["LagranYue:AttackAerCard","LagranYue:AttackRubyCard"],"picked":"LagranYue:AttackTopazCard","floor":0},{"not_picked":["LagranYue:SkillIncompleteArchCard","LagranYue:SkillBrokenShieldCard"],"picked":"LagranYue:AttackDevilCard","floor":0},{"not_picked":["LagranYue:EatTigerCard","LagranYue:ForgingCard"],"picked":"LagranYue:AttackMagicStarsCard","floor":0},{"not_picked":["LagranYue:SkillTestamentCard","LagranYue:SkillBrokenShieldCard"],"picked":"LagranYue:AttackFireCard","floor":1},{"not_picked":["LagranYue:AttackIceCard","LagranYue:SkillBrokenSwordCard"],"picked":"LagranYue:PrematureBurialCard","floor":2},{"not_picked":["LagranYue:PowerDarkTempleCard","LagranYue:AttackDivineGuidanceCard"],"picked":"LagranYue:SkillLegendPaladinCard","floor":7},{"not_picked":["LagranYue:BraveTemperamentCard","LagranYue:PrematureBurialCard"],"picked":"LagranYue:AttackFaithCard","floor":8},{"not_picked":["LagranYue:AttackMagicMoonCard","LagranYue:SkillDevilKissCard"],"picked":"LagranYue:AttackSummerCard","floor":10},{"not_picked":["LagranYue:RoseCard","LagranYue:EmeraldRemorseCard"],"picked":"LagranYue:PowerDarkTempleCard","floor":11},{"not_picked":["LagranYue:AttackRubyCard","LagranYue:AttackGoldCard"],"picked":"LagranYue:AttackPurpleCard","floor":12},{"not_picked":["LagranYue:SkillKadeboSwordCard","LagranYue:SkillWoodSpearCard"],"picked":"LagranYue:AttackFireCard","floor":14},{"not_picked":["LagranYue:PowerWindKingEnchantmentCard","LagranYue:SkillGanJiangMoYeSwordCard"],"picked":"LagranYue:PowerDoubleArmsCard","floor":16},{"not_picked":["LagranYue:ForgingCard","LagranYue:AttackRubyCard"],"picked":"LagranYue:EmeraldRemorseCard","floor":18},{"not_picked":["LagranYue:TestChooseCard","LagranYue:SkillTestamentCard"],"picked":"LagranYue:AttackMagicStarsCard+1","floor":21},{"not_picked":["LagranYue:MagicSkyrocketCard+1","LagranYue:SkillDeadlyBloomCard"],"picked":"LagranYue:PowerTwelveTrialsCard","floor":22},{"not_picked":["LagranYue:MultipleThornsCard","LagranYue:PurpleNightmareCard"],"picked":"LagranYue:AttackFutureCard+1","floor":23},{"not_picked":["LagranYue:AttackKillerCard","LagranYue:AttackGoldCard"],"picked":"LagranYue:SkillGanJiangMoYeSwordCard","floor":24},{"not_picked":["LagranYue:SkillTestamentCard+1","LagranYue:AttackFaithCard+1"],"picked":"LagranYue:RoseCard","floor":27},{"not_picked":["LagranYue:AttackIceCard","LagranYue:AttackPurpleCard"],"picked":"LagranYue:SapphirePrayerCard","floor":28},{"not_picked":["LagranYue:BraveTemperamentCard","LagranYue:SkillIncompleteArchCard"],"picked":"LagranYue:AttackGodArchCard","floor":29},{"not_picked":["LagranYue:FantasyCard+1","LagranYue:SkillWoodSpearCard"],"picked":"LagranYue:PowerBloodyTempleCard","floor":31},{"not_picked":["LagranYue:PowerWindKingEnchantmentCard","LagranYue:AttackCellGodCard"],"picked":"LagranYue:SkillVictorySwordCard","floor":33},{"not_picked":["LagranYue:AttackKillerCard","LagranYue:EatTigerCard"],"picked":"LagranYue:MultipleThornsCard+1","floor":35},{"not_picked":["LagranYue:AttackMagicMoonCard+1","LagranYue:AttackEngravingRoseCard+1"],"picked":"LagranYue:SkillEightFeetJadeCard+1","floor":39},{"not_picked":["LagranYue:DefendBetterCard+1","LagranYue:EatTigerCard+1"],"picked":"LagranYue:SkillGaeBolgCard+1","floor":40},{"not_picked":["LagranYue:SkillBrokenSwordCard+1","LagranYue:AttackWaltzCard+1"],"picked":"LagranYue:PowerBloodyTempleCard","floor":41},{"not_picked":["LagranYue:AttackTopazCard+1","LagranYue:SkillDevilKissCard+1"],"picked":"LagranYue:AttackGoldCard+1","floor":42},{"not_picked":["LagranYue:SkillWoodSpearCard","LagranYue:AttackIceCard"],"picked":"LagranYue:SkillGanJiangMoYeSwordCard","floor":47},{"not_picked":["LagranYue:AttackSapphireCard+1","LagranYue:SkillChiharaHoundCard+1","LagranYue:AttackKillerCard"],"picked":"SKIP","floor":47},{"not_picked":["LagranYue:SkillTestamentCard+1","LagranYue:AttackEngravingRoseCard+1"],"picked":"LagranYue:AttackEnchantmentCard+1","floor":48}],"player_experience":305470,"relics_obtained":[{"floor":7,"key":"LagranYue:LuEnSwordRelics"},{"floor":9,"key":"LagranYue:RuleBreakerRelics"},{"floor":14,"key":"Gremlin Horn"},{"floor":16,"key":"reliquary:SharkskinSheath"},{"floor":18,"key":"Potion Belt"},{"floor":22,"key":"Bronze Scales"},{"floor":23,"key":"Blood Vial"},{"floor":26,"key":"Regal Pillow"},{"floor":28,"key":"reliquary:PrincelyHelmet"},{"floor":40,"key":"Orichalcum"},{"floor":42,"key":"Juzu Bracelet"},{"floor":43,"key":"Ornamental Fan"},{"floor":47,"key":"MawBank"}],"event_choices":[{"damage_healed":0,"gold_gain":0,"player_choice":"Take Damage","damage_taken":20,"relics_obtained":["Golden Idol"],"max_hp_gain":0,"max_hp_loss":0,"event_name":"Golden Idol","floor":3,"gold_loss":0},{"damage_healed":0,"gold_gain":175,"player_choice":"AGREE","damage_taken":0,"max_hp_gain":0,"max_hp_loss":0,"event_name":"Liars Game","floor":4,"gold_loss":0,"cards_obtained":["Doubt"]},{"cards_removed":["Doubt"],"damage_healed":0,"gold_gain":0,"player_choice":"Forget","damage_taken":0,"max_hp_gain":0,"max_hp_loss":0,"event_name":"Living Wall","floor":5,"gold_loss":0},{"damage_healed":0,"gold_gain":100,"player_choice":"Pray","damage_taken":0,"max_hp_gain":0,"max_hp_loss":0,"event_name":"Golden Shrine","floor":13,"gold_loss":0},{"damage_healed":0,"gold_gain":0,"player_choice":"Read","damage_taken":0,"max_hp_gain":0,"max_hp_loss":0,"event_name":"The Library","floor":20,"gold_loss":0,"cards_obtained":["LagranYue:PowerTwelveTrialsCard"]},{"damage_healed":0,"gold_gain":0,"player_choice":"Inject Mutagens","damage_taken":0,"relics_obtained":["MutagenicStrength"],"max_hp_gain":0,"max_hp_loss":0,"event_name":"Drug Dealer","floor":30,"gold_loss":0},{"damage_healed":0,"gold_gain":0,"player_choice":"Upgrade","damage_taken":0,"relics_obtained":["Mark of the Bloom"],"max_hp_gain":0,"max_hp_loss":0,"event_name":"MindBloom","floor":37,"gold_loss":0,"cards_upgraded":["LagranYue:AttackRubyCard","LagranYue:AttackRubyCard","LagranYue:AttackRubyCard","LagranYue:RoseCard","LagranYue:RoseCard","LagranYue:RoseCard","LagranYue:AttackFaithCard","LagranYue:AttackFaithCard","LagranYue:AttackFaithCard","LagranYue:SkillKadeboSwordCard","LagranYue:SkillKadeboSwordCard","LagranYue:SkillKadeboSwordCard","LagranYue:SkillDeathBolgCard","LagranYue:SkillDeathBolgCard","LagranYue:SkillDeathBolgCard","LagranYue:SkillDeathBolgCard","LagranYue:SkillDeathBolgCard","LagranYue:SkillDeathBolgCard","LagranYue:RubyDefendCard","LagranYue:RubyDefendCard","LagranYue:RubyDefendCard","LagranYue:SkillFalseAerialAceCard","LagranYue:SkillFalseAerialAceCard","LagranYue:SkillFalseAerialAceCard","LagranYue:AttackFaithCard","LagranYue:AttackFaithCard","LagranYue:AttackFaithCard","LagranYue:PhysicalFitnessCard","LagranYue:PhysicalFitnessCard","LagranYue:PhysicalFitnessCard","LagranYue:LifeForgingCard","LagranYue:LifeForgingCard","LagranYue:LifeForgingCard","LagranYue:AttackFaithCard","LagranYue:AttackFaithCard","LagranYue:AttackFaithCard","LagranYue:AttackTopazCard","LagranYue:AttackTopazCard","LagranYue:AttackTopazCard","LagranYue:AttackDevilCard","LagranYue:AttackDevilCard","LagranYue:AttackDevilCard","LagranYue:AttackMagicStarsCard","LagranYue:AttackMagicStarsCard","LagranYue:AttackMagicStarsCard","LagranYue:AttackFireCard","LagranYue:AttackFireCard","LagranYue:AttackFireCard","LagranYue:PrematureBurialCard","LagranYue:PrematureBurialCard","LagranYue:PrematureBurialCard","LagranYue:SkillLegendPaladinCard","LagranYue:SkillLegendPaladinCard","LagranYue:SkillLegendPaladinCard","LagranYue:AttackFaithCard","LagranYue:AttackFaithCard","LagranYue:AttackFaithCard","LagranYue:AttackSummerCard","LagranYue:AttackSummerCard","LagranYue:AttackSummerCard","LagranYue:PowerDarkTempleCard","LagranYue:PowerDarkTempleCard","LagranYue:PowerDarkTempleCard","LagranYue:AttackPurpleCard","LagranYue:AttackPurpleCard","LagranYue:AttackPurpleCard","LagranYue:AttackFireCard","LagranYue:AttackFireCard","LagranYue:AttackFireCard","LagranYue:PowerDoubleArmsCard","LagranYue:PowerDoubleArmsCard","LagranYue:PowerDoubleArmsCard","LagranYue:EmeraldRemorseCard","LagranYue:EmeraldRemorseCard","LagranYue:EmeraldRemorseCard","Apotheosis","Apotheosis","Apotheosis","LagranYue:PowerRemoveArmorCard","LagranYue:PowerRemoveArmorCard","LagranYue:PowerRemoveArmorCard","LagranYue:AttackFutureCard","LagranYue:AttackFutureCard","LagranYue:AttackFutureCard","LagranYue:PowerTwelveTrialsCard","LagranYue:PowerTwelveTrialsCard","LagranYue:PowerTwelveTrialsCard","LagranYue:PowerTwelveTrialsCard","LagranYue:PowerTwelveTrialsCard","LagranYue:PowerTwelveTrialsCard","LagranYue:SkillGanJiangMoYeSwordCard","LagranYue:SkillGanJiangMoYeSwordCard","LagranYue:SkillGanJiangMoYeSwordCard","LagranYue:RoseCard","LagranYue:RoseCard","LagranYue:RoseCard","LagranYue:SapphirePrayerCard","LagranYue:SapphirePrayerCard","LagranYue:SapphirePrayerCard","LagranYue:AttackGodArchCard","LagranYue:AttackGodArchCard","LagranYue:AttackGodArchCard","LagranYue:PowerBloodyTempleCard","LagranYue:PowerBloodyTempleCard","LagranYue:PowerBloodyTempleCard","LagranYue:SkillVictorySwordCard","LagranYue:SkillVictorySwordCard","LagranYue:SkillVictorySwordCard","LagranYue:AttackFaithCard","LagranYue:AttackFaithCard","LagranYue:AttackFaithCard","LagranYue:PowerDarkTempleCard","LagranYue:PowerDarkTempleCard","LagranYue:PowerDarkTempleCard","LagranYue:SkillGanJiangMoYeSwordCard","LagranYue:SkillGanJiangMoYeSwordCard","LagranYue:SkillGanJiangMoYeSwordCard","Mind Blast","Mind Blast","Mind Blast"]},{"damage_healed":0,"gold_gain":0,"player_choice":"Rummage","damage_taken":0,"relics_obtained":["WarpedTongs"],"max_hp_gain":0,"max_hp_loss":0,"event_name":"Accursed Blacksmith","floor":45,"gold_loss":0,"cards_obtained":["Pain"]}],"is_beta":false,"boss_relics":[{"not_picked":["Busted Crown","reliquary:Ember"],"picked":"Empty Cage"},{"not_picked":["SacredBark","Tiny House"],"picked":"SlaversCollar"}],"items_purged_floors":[],"is_endless":false,"potions_floor_spawned":[1,8,10,16,22,24,28,29,31,40,42],"ascension_level":0}}