{"host":"x4954lblgztusody","time":1613289028,"event":{"mods":["BaseMod","Clockwork Mod","Colored Map","Curses Come First","Googly Eyes","Koishi","Minty Spire (QoL Compilation)","Rare Cards Sparkle","Shop Mod","StSLib","The Administrix","The Animator","The Disciple","The Servant 0.9.4","Waifu the Spire","WarShipGirlsR/战舰少女R mod","Yuyuko"],"gold_per_floor":[13,113,38,38,51,51,68,102,128,60,60,76,88,102,102,204,204,220,234,234,149,149,149,149],"floor_reached":23,"language":"ENG","playtime":2767,"items_purged":["Clockwork:Strike"],"score":191,"play_id":"6e0109eb-e7e3-4a8d-b7aa-14c68b8b93f1","local_time":"20210213235028","is_ascension_mode":false,"campfire_choices":[{"data":"Clockwork:Improve","floor":6.0,"key":"SMITH"},{"data":"Clockwork:OccamsRazor","floor":11.0,"key":"SMITH"},{"data":"Clockwork:WarmUp","floor":15.0,"key":"SMITH"}],"circlet_count":0,"master_deck":["Clockwork:Strike","Clockwork:Shield+1","Clockwork:Tinker+1","Clockwork:WarmUp+1","Clockwork:Improve+1","Clockwork:RevUp","Clockwork:OccamsRazor+1","Clockwork:SearingStrike","Clockwork:PerfectForm","Clockwork:Roundhouse"],"relics":["Clockwork:MomentumEngine","Nunchaku","Bronze Scales","Clockwork:Varja","Empty Cage","MealTicket","Enchiridion"],"acts_visited":["Exordium","TheCity"],"potions_floor_usage":[],"damage_taken":[{"damage":3.0,"enemies":"Jaw Worm","floor":1.0,"turns":7.0},{"damage":4.0,"enemies":"Cultist","floor":5.0,"turns":7.0},{"damage":3.0,"enemies":"Small Slimes","floor":7.0,"turns":6.0},{"damage":33.0,"enemies":"3 Sentries","floor":8.0,"turns":17.0},{"damage":14.0,"enemies":"Gremlin Gang","floor":12.0,"turns":8.0},{"damage":4.0,"enemies":"Exordium Thugs","floor":13.0,"turns":6.0},{"damage":0.0,"enemies":"Blue Slaver","floor":14.0,"turns":6.0},{"damage":8.0,"enemies":"Slime Boss","floor":16.0,"turns":9.0},{"damage":11.0,"enemies":"3 Byrds","floor":18.0,"turns":4.0},{"damage":15,"enemies":"2 Thieves","floor":19,"turns":5},{"damage":45,"enemies":"Slavers","floor":23,"turns":4}],"seed_played":"-7137763146986268097","potions_obtained":[{"floor":5.0,"key":"Ancient Potion"},{"floor":7.0,"key":"SpeedPotion"},{"floor":8.0,"key":"Swift Potion"},{"floor":14.0,"key":"PowerPotion"},{"floor":16.0,"key":"Block Potion"},{"floor":18.0,"key":"Fire Potion"}],"is_trial":false,"path_per_floor":["M","?","$","?","M","R","M","E","T","$","R","M","M","M","R","B",null,"M","M","?","?","?","E"],"character_chosen":"CLOCKWORK","items_purchased":["Clockwork:OccamsRazor"],"campfire_rested":0,"item_purchase_floors":[10],"current_hp_per_floor":[82,82,82,82,78,78,75,42,42,42,42,28,24,24,24,16,85,74,59,59,59,43,0,0],"gold":149,"neow_bonus":"REMOVE_TWO","is_daily":false,"chose_seed":false,"campfire_upgraded":3,"win_rate":0.0,"timestamp":1613289028,"path_taken":["M","?","?","?","M","R","M","E","T","$","R","M","M","M","R","BOSS","M","?","?","?","?","E"],"items_purchased_type":["Card"],"build_version":"2020-12-22","purchased_purges":1,"victory":false,"max_hp_per_floor":[85,85,85,85,85,85,85,85,85,85,85,85,85,85,85,85,85,85,85,85,85,85,85,85],"card_choices":[{"not_picked":["Clockwork:Minimalism","Clockwork:TestingEnvironment"],"picked":"Clockwork:CraftVarja","floor":1.0},{"not_picked":["Clockwork:SystemHardening","Clockwork:Minimalism"],"picked":"Clockwork:Improve","floor":5.0},{"not_picked":["Clockwork:Enhance","Clockwork:ReserveSystems"],"picked":"Clockwork:RevUp","floor":7.0},{"not_picked":["Clockwork:LiteraryArmor","Clockwork:CogToss"],"picked":"Clockwork:SmithsMallet","floor":8.0},{"not_picked":["Clockwork:SearchingStrike","Clockwork:HoardingStrike","Clockwork:Friction"],"picked":"SKIP","floor":12.0},{"not_picked":["Clockwork:SystemHardening","Clockwork:ChargingBlade","Clockwork:DefectiveParts"],"picked":"SKIP","floor":13.0},{"not_picked":["Clockwork:PerfectedStrike","Clockwork:Clone"],"picked":"Clockwork:SearingStrike","floor":14.0},{"not_picked":["Clockwork:Randomization","Clockwork:UnlimitedCogworks"],"picked":"Clockwork:PerfectForm","floor":16.0},{"not_picked":["Clockwork:ChargingBlade","Clockwork:Pluck"],"picked":"Clockwork:Roundhouse","floor":18.0},{"not_picked":["Clockwork:Enhance","Clockwork:Redundancy","Clockwork:AdaptiveCannon+1"],"picked":"SKIP","floor":19}],"player_experience":29907,"relics_obtained":[{"floor":8.0,"key":"Nunchaku"},{"floor":9.0,"key":"Bronze Scales"},{"floor":22,"key":"Enchiridion"}],"event_choices":[{"damage_healed":0.0,"max_hp_gain":0.0,"max_hp_loss":0.0,"gold_gain":100.0,"event_name":"Golden Shrine","player_choice":"Pray","floor":2.0,"gold_loss":0.0,"damage_taken":0.0},{"cards_removed":["Clockwork:Strike"],"damage_healed":0.0,"max_hp_gain":0.0,"max_hp_loss":0.0,"gold_gain":0.0,"event_name":"Bonfire Elementals","player_choice":"Offered Basic","floor":4.0,"gold_loss":0.0,"damage_taken":0.0},{"damage_healed":0,"gold_gain":0,"player_choice":"Ignored","damage_taken":0,"max_hp_gain":0,"max_hp_loss":0,"event_name":"The Mausoleum","floor":20,"gold_loss":0},{"damage_healed":0,"gold_gain":0,"player_choice":"Obtained Relic","damage_taken":0,"relics_obtained":["MealTicket"],"max_hp_gain":0,"max_hp_loss":0,"event_name":"Addict","floor":21,"gold_loss":85},{"damage_healed":0,"gold_gain":0,"player_choice":"Obtained Book","damage_taken":16,"max_hp_gain":0,"max_hp_loss":0,"event_name":"Cursed Tome","floor":22,"gold_loss":0}],"is_beta":false,"boss_relics":[{"not_picked":["Snecko Eye","SacredBark"],"picked":"Empty Cage"}],"items_purged_floors":[3],"is_endless":false,"potions_floor_spawned":[5,7,8,14,16,18],"killed_by":"Slavers","ascension_level":0}}