{"host":"2mb887pelv9ua2b0","time":1613314933,"event":{"mods":["AchievementEnabler","BaseMod","Colored Map","Keyboard Shortcuts","Minty Spire (QoL Compilation)","Quick Restart","Relic Stats","StSLib","SuperFastMode","everything is the same but u backflip on backflip"],"gold_per_floor":[114,128,142,154,169,169,180,197,222,222,222],"floor_reached":10,"language":"KOR","playtime":352,"items_purged":[],"score":128,"play_id":"ced3f54e-f0b2-4f90-ab9e-005719fdda36","local_time":"20210215000213","is_ascension_mode":true,"campfire_choices":[{"data":"Tactician","floor":6,"key":"SMITH"}],"circlet_count":0,"master_deck":["AscendersBane","Strike_G","Strike_G","Strike_G","Strike_G","Defend_G","Defend_G","Defend_G","Defend_G","Defend_G","Survivor","Neutralize","Dagger Throw","Backflip","Tactician+1","Endless Agony","A Thousand Cuts","Blade Dance"],"relics":["Ring of the Snake","Toy Ornithopter"],"acts_visited":["Exordium"],"potions_floor_usage":[10,10],"damage_taken":[{"damage":3,"enemies":"Cultist","floor":1,"turns":4},{"damage":3,"enemies":"Jaw Worm","floor":2,"turns":4},{"damage":9,"enemies":"Small Slimes","floor":3,"turns":4},{"damage":17,"enemies":"Blue Slaver","floor":4,"turns":5},{"damage":6,"enemies":"Looter","floor":5,"turns":4},{"damage":9,"enemies":"Lots of Slimes","floor":7,"turns":7},{"damage":2,"enemies":"3 Louse","floor":8,"turns":3},{"damage":37,"enemies":"Lagavulin","floor":10,"turns":5}],"seed_played":"6550020954980095137","potions_obtained":[{"floor":3,"key":"Fruit Juice"},{"floor":7,"key":"DuplicationPotion"}],"is_trial":false,"path_per_floor":["M","M","M","M","M","R","M","M","T","E"],"character_chosen":"THE_SILENT","items_purchased":[],"campfire_rested":0,"item_purchase_floors":[],"current_hp_per_floor":[56,53,44,27,21,21,12,10,10,0,0],"gold":222,"neow_bonus":"REMOVE_CARD","is_daily":false,"chose_seed":false,"campfire_upgraded":1,"win_rate":0.0,"timestamp":1613314933,"path_taken":["M","M","M","M","M","R","M","M","T","E"],"items_purchased_type":[],"build_version":"2020-12-22","purchased_purges":0,"victory":false,"max_hp_per_floor":[66,66,66,66,66,66,66,66,66,71,71],"relic_stats":{"counters":[8,36],"obtain_stats":[{"Toy Ornithopter":9,"Ring of the Snake":0},{"Toy Ornithopter":7,"Ring of the Snake":0},{"Toy Ornithopter":31,"Ring of the Snake":0}],"Toy Ornithopter":10,"Ring of the Snake":[16]},"card_choices":[{"not_picked":["Cloak And Dagger","Calculated Gamble"],"picked":"Dagger Throw","floor":1},{"not_picked":["Underhanded Strike","Infinite Blades","Caltrops"],"picked":"SKIP","floor":2},{"not_picked":["Sucker Punch","Prepared"],"picked":"Backflip","floor":3},{"not_picked":["Dagger Throw","Dagger Spray"],"picked":"Tactician","floor":4},{"not_picked":["Cloak And Dagger","Backflip"],"picked":"Endless Agony","floor":5},{"not_picked":["Sucker Punch","Dagger Throw"],"picked":"A Thousand Cuts","floor":7},{"not_picked":["Cloak And Dagger","Setup"],"picked":"Blade Dance","floor":8}],"player_experience":627137,"relics_obtained":[{"floor":9,"key":"Toy Ornithopter"}],"event_choices":[],"is_beta":false,"boss_relics":[],"items_purged_floors":[],"is_endless":false,"potions_floor_spawned":[3,7],"killed_by":"Lagavulin","ascension_level":20}}