{"host":"mydft8i2zzydgggw","time":1613298093,"event":{"mods":["AchievementEnabler","BaseMod","Colored Map","Colored Powertips","DeckTracker","Keyboard Shortcuts","Minty Spire (QoL Compilation)","Rare Cards Sparkle","StSLib","SuperFastMode","everything is the same but u backflip on backflip"],"gold_per_floor":[113,131,147,147,165,198,214,214,237,252,177,177,252,271,271,345,345,357,627,42,0,0],"floor_reached":21,"language":"KOR","playtime":317,"items_purged":["Reprogram+1"],"score":335,"play_id":"a986b799-9544-4d5c-9453-fcb21d18dc41","local_time":"20210214192133","is_ascension_mode":true,"campfire_choices":[{"data":"Go for the Eyes","floor":8,"key":"SMITH"},{"floor":12,"key":"REST"},{"data":"Static Discharge","floor":15,"key":"SMITH"}],"circlet_count":0,"master_deck":["AscendersBane","Defend_B","Defend_B","Defend_B","Defend_B","Zap+1","Dualcast","Go for the Eyes+1","Streamline","Heatsinks","Storm","Static Discharge+1","Buffer","Barrage+1","Steam+1","Sweeping Beam+1","FTL"],"relics":["Cracked Core","Smiling Mask","Strawberry","Astrolabe","Pen Nib","Blue Candle"],"acts_visited":["Exordium","TheCity"],"potions_floor_usage":[5,6,16,21],"damage_taken":[{"damage":0,"enemies":"2 Louse","floor":1,"turns":1},{"damage":7,"enemies":"Jaw Worm","floor":2,"turns":3},{"damage":1,"enemies":"Small Slimes","floor":3,"turns":3},{"damage":3,"enemies":"3 Louse","floor":5,"turns":2},{"damage":25,"enemies":"Lagavulin","floor":6,"turns":6},{"damage":4,"enemies":"Exordium Thugs","floor":7,"turns":4},{"damage":7,"enemies":"Blue Slaver","floor":10,"turns":3},{"damage":7,"enemies":"3 Louse","floor":14,"turns":3},{"damage":19,"enemies":"Hexaghost","floor":16,"turns":7},{"damage":22,"enemies":"Spheric Guardian","floor":18,"turns":4},{"damage":21,"enemies":"2 Thieves","floor":21,"turns":2}],"seed_played":"-6653484472618916575","potions_obtained":[{"floor":1,"key":"Explosive Potion"},{"floor":5,"key":"Fire Potion"},{"floor":6,"key":"LiquidBronze"},{"floor":14,"key":"GamblersBrew"}],"is_trial":false,"path_per_floor":["M","M","M","?","M","E","M","R","T","M","?","R","?","M","R","B",null,"M","?","$","M"],"character_chosen":"DEFECT","items_purchased":["Pen Nib","Blue Candle","FTL"],"campfire_rested":1,"item_purchase_floors":[20,20,20],"current_hp_per_floor":[64,57,56,61,58,33,29,29,36,29,29,53,42,35,35,16,66,44,17,17,0,0],"gold":0,"neow_bonus":"UPGRADE_CARD","is_daily":false,"chose_seed":false,"campfire_upgraded":2,"win_rate":0.0,"timestamp":1613298093,"path_taken":["M","M","M","?","M","E","M","R","T","M","?","R","?","M","R","BOSS","M","?","$","M"],"items_purchased_type":["Relic","Relic","Card"],"build_version":"2020-12-22","purchased_purges":1,"victory":false,"max_hp_per_floor":[71,71,71,76,76,76,76,76,83,83,83,83,83,83,83,83,83,83,83,83,83,83],"card_choices":[{"not_picked":["Conserve Battery","Compile Driver"],"picked":"Go for the Eyes","floor":1},{"not_picked":["Leap","Turbo"],"picked":"Streamline","floor":2},{"not_picked":["Rip and Tear","Leap"],"picked":"Heatsinks","floor":3},{"not_picked":["Sunder","Gash","Rip and Tear"],"picked":"SKIP","floor":5},{"not_picked":["Compile Driver","Doom and Gloom"],"picked":"Storm","floor":6},{"not_picked":["Force Field","Steam"],"picked":"Static Discharge","floor":7},{"not_picked":["Steam Power","Streamline","Double Energy"],"picked":"SKIP","floor":10},{"not_picked":["Lockon","Fusion","Go for the Eyes"],"picked":"SKIP","floor":14},{"not_picked":["Creative AI","Amplify"],"picked":"Buffer","floor":16},{"not_picked":["Stack+1","Leap"],"picked":"Sweeping Beam+1","floor":18}],"player_experience":267393,"relics_obtained":[{"floor":6,"key":"Smiling Mask"},{"floor":9,"key":"Strawberry"}],"event_choices":[{"damage_healed":0,"gold_gain":0,"player_choice":"Donut","damage_taken":0,"max_hp_gain":5,"max_hp_loss":0,"event_name":"Big Fish","floor":4,"gold_loss":0},{"cards_removed":["Strike_B"],"damage_healed":0,"gold_gain":0,"player_choice":"Card Removal","damage_taken":0,"max_hp_gain":0,"max_hp_loss":0,"event_name":"The Cleric","floor":11,"gold_loss":75},{"damage_healed":0,"gold_gain":75,"player_choice":"Gather Gold","damage_taken":11,"max_hp_gain":0,"max_hp_loss":0,"event_name":"World of Goop","floor":13,"gold_loss":0},{"damage_healed":0,"gold_gain":270,"player_choice":"GOLD GOLD GOLD ","damage_taken":27,"max_hp_gain":0,"max_hp_loss":0,"event_name":"Knowing Skull","floor":19,"potions_obtained":[],"gold_loss":0,"cards_obtained":[]}],"is_beta":false,"boss_relics":[{"not_picked":["Black Star","FrozenCore"],"picked":"Astrolabe"}],"items_purged_floors":[20],"is_endless":false,"potions_floor_spawned":[1,5,6,14],"killed_by":"2 Thieves","ascension_level":17}}