{"host":"CarrotHands","time":1613302894,"event":{"mods":["BaseMod","Minty Spire (QoL Compilation)","Relic Stats","StSLib"],"gold_per_floor":[115,133,183,11,28,28,28,28,28,28,28,58,93,108,108,185,185,198,217,217,231,231,231,265,285,340,352,364,68,136,147,147,225,275,286,286,303,25,45,45,0,29,105,105,132,22,33,44,44,44,44,44],"floor_reached":51,"language":"ENG","playtime":4941,"items_purged":["Normality","Hello World","Strike_B+1"],"score":1521,"play_id":"3dc76885-fa61-42da-bcd0-b8cbc6363de8","local_time":"20210214034134","is_ascension_mode":true,"campfire_choices":[{"data":"Scrape","floor":6,"key":"SMITH"},{"data":"Cold Snap","floor":8,"key":"SMITH"},{"data":"Zap","floor":11,"key":"SMITH"},{"data":"Consume","floor":15,"key":"SMITH"},{"data":"Creative AI","floor":23,"key":"SMITH"},{"data":"Hologram","floor":32,"key":"SMITH"},{"data":"Coolheaded","floor":40,"key":"SMITH"},{"floor":49,"key":"RECALL"}],"circlet_count":0,"master_deck":["AscendersBane","Defend_B+1","Defend_B+1","Defend_B+1","Zap+1","Seek","Cold Snap+1","Conserve Battery","Skim","Scrape+1","Force Field","Gash+1","Coolheaded","Consume+1","Creative AI+1","Leap+1","Hologram","Gash+1","Hologram+1","Chill+1","Recycle","Ghostly","Ghostly","Ghostly","Echo Form+1","FTL","Multi-Cast","Meteor Strike","Go for the Eyes","Dark Shackles","Undo+1","Barrage","Coolheaded+1","Static Discharge+1"],"relics":["Cracked Core","Mummified Hand","Odd Mushroom","DataDisk","Coffee Dripper","Whetstone","MawBank","Membership Card","Ornamental Fan","Tiny House","Runic Capacitor","Strawberry","Red Mask","Bronze Scales","Vajra"],"acts_visited":["Exordium","TheCity","TheBeyond"],"potions_floor_usage":[16,19,24,42,42,48,51],"damage_taken":[{"damage":0,"enemies":"Small Slimes","floor":1,"turns":3},{"damage":0,"enemies":"Cultist","floor":2,"turns":3},{"damage":0,"enemies":"2 Louse","floor":5,"turns":2},{"damage":0,"enemies":"The Mushroom Lair","floor":12,"turns":3},{"damage":4,"enemies":"Lagavulin","floor":13,"turns":5},{"damage":0,"enemies":"2 Fungi Beasts","floor":14,"turns":2},{"damage":40,"enemies":"Hexaghost","floor":16,"turns":12},{"damage":7,"enemies":"Spheric Guardian","floor":18,"turns":4},{"damage":4,"enemies":"Shell Parasite","floor":19,"turns":5},{"damage":8,"enemies":"Centurion and Healer","floor":21,"turns":7},{"damage":42,"enemies":"Gremlin Leader","floor":24,"turns":7},{"damage":0,"enemies":"Sentry and Sphere","floor":25,"turns":5},{"damage":0,"enemies":"Snake Plant","floor":31,"turns":5},{"damage":0,"enemies":"Champ","floor":33,"turns":13},{"damage":0,"enemies":"3 Shapes","floor":35,"turns":10},{"damage":0,"enemies":"Orb Walker","floor":37,"turns":4},{"damage":5,"enemies":"Jaw Worm Horde","floor":39,"turns":7},{"damage":0,"enemies":"Reptomancer","floor":42,"turns":9},{"damage":15,"enemies":"Giant Head","floor":45,"turns":9},{"damage":6,"enemies":"Maw","floor":47,"turns":8},{"damage":0,"enemies":"4 Shapes","floor":48,"turns":7},{"damage":8,"enemies":"Time Eater","floor":50,"turns":7},{"damage":27,"enemies":"Donu and Deca","floor":51,"turns":8}],"seed_played":"977245367128832815","potions_obtained":[{"floor":2,"key":"Energy Potion"},{"floor":12,"key":"Ancient Potion"},{"floor":14,"key":"Fire Potion"},{"floor":16,"key":"Weak Potion"},{"floor":21,"key":"FairyPotion"},{"floor":33,"key":"Block Potion"},{"floor":34,"key":"Dexterity Potion"},{"floor":35,"key":"Explosive Potion"},{"floor":47,"key":"Regen Potion"},{"floor":48,"key":"ColorlessPotion"}],"is_trial":false,"path_per_floor":["M","M","?","$","M","R","?","R","T","?","R","?","E","M","R","B",null,"M","M","?","M","?","R","E","M","T","?","?","$","T","M","R","B",null,"M","?","M","$","M","R","?","E","T","?","E","?","M","M","R","B","B"],"character_chosen":"DEFECT","items_purchased":["Skim","Block Potion","Membership Card","Echo Form","FTL","Runic Capacitor","Strawberry","Undo","Barrage"],"campfire_rested":0,"item_purchase_floors":[4,4,29,29,29,38,38,38,38],"current_hp_per_floor":[64,64,57,57,57,57,57,57,57,50,50,50,46,46,46,6,55,48,44,44,36,36,36,21,21,21,21,21,21,21,21,21,21,37,37,32,32,39,34,34,34,34,34,34,19,19,13,28,28,20,0,0],"gold":44,"neow_bonus":"THREE_RARE_CARDS","is_daily":false,"chose_seed":false,"campfire_upgraded":7,"win_rate":0.0,"timestamp":1613302894,"path_taken":["M","M","?","$","?","R","?","R","T","?","R","?","E","M","R","BOSS","M","M","?","M","?","R","E","M","T","?","?","?","?","M","R","BOSS","M","?","M","$","M","R","?","E","T","?","E","?","M","M","R","BOSS","BOSS"],"items_purchased_type":["Card","Potion","Relic","Card","Card","Relic","Relic","Card","Card"],"build_version":"2020-12-18","purchased_purges":3,"victory":false,"max_hp_per_floor":[71,71,71,71,71,71,71,71,71,71,71,71,71,71,71,71,71,71,71,71,71,71,71,71,71,71,71,35,35,35,35,35,35,40,40,40,40,47,47,47,47,47,47,45,45,45,45,45,45,45,45,45],"relic_stats":{"counters":[23,145],"Mummified Hand":[178],"Ornamental Fan":[120],"Bronze Scales":[117],"Whetstone":["Gash","Gash"],"MawBank":36,"obtain_stats":[{"Tiny House":34,"Vajra":45,"Runic Capacitor":38,"Whetstone":24,"Odd Mushroom":12,"MawBank":26,"DataDisk":13,"Mummified Hand":9,"Ornamental Fan":30,"Strawberry":38,"Bronze Scales":42,"Coffee Dripper":17,"Red Mask":41,"Membership Card":29,"Cracked Core":0},{"Tiny House":14,"Vajra":19,"Runic Capacitor":16,"Whetstone":11,"Odd Mushroom":4,"MawBank":12,"DataDisk":5,"Mummified Hand":3,"Ornamental Fan":12,"Strawberry":16,"Bronze Scales":18,"Coffee Dripper":7,"Red Mask":17,"Membership Card":12,"Cracked Core":0},{"Tiny House":76,"Vajra":115,"Runic Capacitor":90,"Whetstone":53,"Odd Mushroom":11,"MawBank":58,"DataDisk":16,"Mummified Hand":8,"Ornamental Fan":58,"Strawberry":90,"Bronze Scales":106,"Coffee Dripper":30,"Red Mask":97,"Membership Card":58,"Cracked Core":0}]},"card_choices":[{"not_picked":["Rainbow","Thunder Strike"],"picked":"Seek","floor":0},{"not_picked":["Turbo","Blizzard"],"picked":"Cold Snap","floor":1},{"not_picked":["Coolheaded","Redo"],"picked":"Conserve Battery","floor":2},{"not_picked":["Turbo","Coolheaded"],"picked":"Scrape","floor":5},{"not_picked":["Conserve Battery","Lockon"],"picked":"Gash","floor":12},{"not_picked":["Storm","Fission"],"picked":"Coolheaded","floor":13},{"not_picked":["Stack","BootSequence"],"picked":"Consume","floor":14},{"not_picked":["Buffer","Seek"],"picked":"Creative AI","floor":16},{"not_picked":["Sweeping Beam","Go for the Eyes"],"picked":"Leap+1","floor":18},{"not_picked":["Streamline","Ball Lightning"],"picked":"Hologram","floor":19},{"not_picked":["Beam Cell","Sweeping Beam"],"picked":"Gash","floor":21},{"not_picked":["Consume","Lockon"],"picked":"Hologram","floor":24},{"not_picked":["Conserve Battery","Blizzard"],"picked":"Chill+1","floor":25},{"not_picked":["Stack","Consume"],"picked":"Multi-Cast","floor":31},{"not_picked":["Thunder Strike","Multi-Cast"],"picked":"Meteor Strike","floor":33},{"not_picked":["Static Discharge","Auto Shields"],"picked":"Go for the Eyes","floor":34},{"not_picked":["Genetic Algorithm","Double Energy","Steam"],"picked":"SKIP","floor":35},{"not_picked":["Panacea","Forethought"],"picked":"Dark Shackles","floor":36},{"not_picked":["Streamline+1","Conserve Battery","Loop"],"picked":"SKIP","floor":37},{"not_picked":["Go for the Eyes","Redo+1"],"picked":"Coolheaded","floor":39},{"not_picked":["Rip and Tear","Stack","White Noise"],"picked":"SKIP","floor":42},{"not_picked":["Ball Lightning","Aggregate","Beam Cell+1"],"picked":"SKIP","floor":45},{"not_picked":["Melter","Compile Driver","Streamline+1"],"picked":"SKIP","floor":47},{"not_picked":["White Noise","Barrage"],"picked":"Static Discharge+1","floor":48}],"player_experience":3148152,"relics_obtained":[{"floor":9,"key":"Mummified Hand"},{"floor":12,"key":"Odd Mushroom"},{"floor":13,"key":"DataDisk"},{"floor":24,"key":"Whetstone"},{"floor":26,"key":"MawBank"},{"floor":30,"key":"Ornamental Fan"},{"floor":42,"key":"Bronze Scales"},{"floor":45,"key":"Vajra"}],"event_choices":[{"damage_healed":0,"gold_gain":50,"player_choice":"Touch","damage_taken":7,"max_hp_gain":0,"max_hp_loss":0,"event_name":"FaceTrader","floor":3,"gold_loss":0},{"damage_healed":0,"gold_gain":0,"cards_transformed":["Strike_B"],"player_choice":"Change","damage_taken":0,"max_hp_gain":0,"max_hp_loss":0,"event_name":"Living Wall","floor":7,"gold_loss":0,"cards_obtained":["Force Field"]},{"cards_removed":["Defend_B"],"damage_healed":0,"gold_gain":0,"player_choice":"Card Removal","damage_taken":7,"max_hp_gain":0,"max_hp_loss":0,"event_name":"Golden Wing","floor":10,"gold_loss":0},{"damage_healed":0,"gold_gain":0,"player_choice":"Fought Mushrooms","damage_taken":0,"max_hp_gain":0,"max_hp_loss":0,"event_name":"Mushrooms","floor":12,"gold_loss":0},{"damage_healed":0,"gold_gain":0,"player_choice":"Simplicity","damage_taken":0,"max_hp_gain":0,"max_hp_loss":0,"event_name":"Back to Basics","floor":20,"gold_loss":0,"cards_upgraded":["Strike_B","Strike_B","Strike_B","Defend_B","Defend_B","Defend_B"]},{"damage_healed":0,"gold_gain":0,"player_choice":"Ignored","damage_taken":0,"max_hp_gain":0,"max_hp_loss":0,"event_name":"The Mausoleum","floor":22,"gold_loss":0},{"damage_healed":0,"gold_gain":0,"cards_transformed":["Strike_B","Strike_B"],"player_choice":"Became Test Subject","damage_taken":0,"max_hp_gain":0,"max_hp_loss":0,"event_name":"Drug Dealer","floor":27,"gold_loss":0,"cards_obtained":["Hello World","Recycle"]},{"damage_healed":0,"gold_gain":0,"player_choice":"Became a Ghost","damage_taken":0,"max_hp_gain":0,"max_hp_loss":36,"event_name":"Ghosts","floor":28,"gold_loss":0,"cards_obtained":["Ghostly","Ghostly","Ghostly"]},{"damage_healed":0,"gold_gain":0,"player_choice":"Memory 2","damage_taken":5,"max_hp_gain":0,"max_hp_loss":0,"event_name":"SensoryStone","floor":36,"gold_loss":0},{"damage_healed":0,"gold_gain":0,"player_choice":"Paid","damage_taken":0,"relics_obtained":["Red Mask"],"max_hp_gain":0,"max_hp_loss":0,"event_name":"Tomb of Lord Red Mask","floor":41,"gold_loss":45},{"damage_healed":0,"gold_gain":0,"player_choice":"Max HP","damage_taken":0,"max_hp_gain":0,"max_hp_loss":2,"event_name":"Winding Halls","floor":44,"gold_loss":0},{"cards_removed":["Dualcast"],"damage_healed":0,"gold_gain":0,"player_choice":"Upgrade and Remove","damage_taken":0,"max_hp_gain":0,"max_hp_loss":0,"event_name":"Designer","floor":46,"gold_loss":110,"cards_upgraded":["Undo"]}],"is_beta":true,"boss_relics":[{"not_picked":["Fusion Hammer","Calling Bell"],"picked":"Coffee Dripper"},{"not_picked":["SlaversCollar","Astrolabe"],"picked":"Tiny House"}],"items_purged_floors":[4,29,38],"is_endless":false,"potions_floor_spawned":[2,5,12,14,16,18,21,33,35,47,48],"killed_by":"Donu and Deca","ascension_level":20}}