{"host":"1zjc08c6hob33401","time":1613342537,"event":{"mods":["AchievementEnabler","Act Like it!","Aspiration","BaseMod","Downfall","Elementarium","Energized Spire","Evolution","Friendly Minions","Gensokyo","GifTheSpireLib","Hubris","Infinite Spire","Jedi Mod","Menagerie","Minty Spire (QoL Compilation)","Pale of the Ancients","Quick Restart","Reliquary","Replay The Spire","Retaliation","Shop Mod","Spicy Shops","Spire Arcade","StS++","StSLib","Stuff the Spire","The Blue Laboratory","Wandering Minibosses","??????REMEMod"],"gold_per_floor":[109,123,123,140,63,63,54,54,79,79,92,98,108,121,121,213,213,157,82,82,98,103,103,118,125,152,152,152,159,159,181,181,270,270,278,87,98,104,105,125,125,125,125,932,932,966,966,984,984,984],"floor_reached":51,"language":"RUS","playtime":2596,"items_purged":["Amnesia","Decay"],"score":1549,"play_id":"f5613566-3bf6-4b81-8017-dfd99fef257c","local_time":"20210215004217","is_ascension_mode":true,"campfire_choices":[{"data":"REME_LeechingPoison","floor":6.0,"key":"SMITH"},{"data":"jedi:collectorstrike","floor":10.0,"key":"SMITH"},{"data":"Perfected Strike","floor":15.0,"key":"SMITH"},{"data":"Meteor Strike","floor":23.0,"key":"SMITH"},{"data":"Malaise","floor":32,"key":"SMITH"},{"data":"Ghostly Armor","floor":41,"key":"SMITH"},{"data":"StuffTheSpire:Rapture","floor":45,"key":"SMITH"},{"data":"Strike_R","floor":49,"key":"SMITH"}],"circlet_count":0,"master_deck":["Strike_R","Strike_R","Strike_R","Strike_R+1","Strike_R+1","Meteor Strike+1","Perfected Strike+1","REME_LeechingPoison+1","Malaise+1","jedi:collectorstrike+1","REME_TheLastStrike+1","Ghostly Armor+1","Seeing Red+1","ReplayTheSpireMod:Muscle Training+1","StuffTheSpire:Rapture+1"],"relics":["Burning Blood","EVO:Axolotl","REME_ComplimentaryCards","Happy Flower","Pet Ghost","reliquary:WeakTea","Painkiller Herb","aspiration:Nostalgia","m_SlimeRing","Ring of Panic","hubris:ToyBattleship","Lantern","StoneCalendar","Durian","Replay:Drink Me","reliquary:PartyBalloon","reliquary:FeatherDuster","wanderingMiniBosses:MasterThiefsPresence","jedi:cryingmask"],"acts_visited":["Menagerie:Menagerie","TheCity","TheBeyond"],"potions_floor_usage":[33,33],"damage_taken":[{"damage":16.0,"enemies":"Menagerie:MonstrousExperiment","floor":1.0,"turns":4.0},{"damage":3.0,"enemies":"Menagerie:WhisperingWraith","floor":2.0,"turns":4.0},{"damage":2.0,"enemies":"Menagerie:StygianBoar","floor":4.0,"turns":2.0},{"damage":13.0,"enemies":"Menagerie:BEAST_MAGE_AND_PROWLING_AMALGAM","floor":7.0,"turns":6.0},{"damage":13.0,"enemies":"Menagerie:STYGIAN_BOAR_AND_RABBIT","floor":11.0,"turns":4.0},{"damage":15.0,"enemies":"Menagerie:STYGIAN_BOAR_AND_WHISPERING_WRAITH","floor":12.0,"turns":6.0},{"damage":12.0,"enemies":"Menagerie:KEEPER_AND_YOUNG_SUNEATER","floor":13.0,"turns":4.0},{"damage":22.0,"enemies":"Menagerie:BEAST_MAGE_AND_PROWLING_AMALGAM","floor":14.0,"turns":4.0},{"damage":40.0,"enemies":"Menagerie:AVATARS","floor":16.0,"turns":6.0},{"damage":16.0,"enemies":"Chosen","floor":18.0,"turns":5.0},{"damage":0.0,"enemies":"Spheric Guardian","floor":21.0,"turns":1.0},{"damage":6.0,"enemies":"Centurion and Healer","floor":22.0,"turns":3.0},{"damage":21.0,"enemies":"Nightmare","floor":24.0,"turns":4.0},{"damage":11.0,"enemies":"Sentry and Sphere","floor":25.0,"turns":3.0},{"damage":16.0,"enemies":"3 Cultists","floor":29.0,"turns":4.0},{"damage":0,"enemies":"REME_1_Revenger","floor":31,"turns":2},{"damage":36,"enemies":"Pondfish","floor":33,"turns":6},{"damage":25,"enemies":"3 Shapes","floor":35,"turns":2},{"damage":0,"enemies":"Orb Walker","floor":37,"turns":1},{"damage":11,"enemies":"Sphere and 2 Shapes","floor":38,"turns":3},{"damage":0,"enemies":"Transient","floor":39,"turns":5},{"damage":0,"enemies":"R_Hoarder","floor":40,"turns":7},{"damage":0,"enemies":"Maw","floor":44,"turns":4},{"damage":5,"enemies":"Nemesis","floor":46,"turns":3},{"damage":0,"enemies":"4 Shapes","floor":48,"turns":2},{"damage":0,"enemies":"hubris:GrandSnecko","floor":50,"turns":3}],"seed_played":"-1582990543356797838","potions_obtained":[{"floor":1.0,"key":"BlessingOfTheForge"},{"floor":2.0,"key":"SteroidPotion"},{"floor":11.0,"key":"blueLaboratory:PhilterOfMotion"},{"floor":13.0,"key":"Elixir"},{"floor":21.0,"key":"SteroidPotion"},{"floor":24.0,"key":"BlessingOfTheForge"},{"floor":25.0,"key":"AttackPotion"},{"floor":29.0,"key":"blueLaboratory:FrostheartPotion"},{"floor":35,"key":"Strength Potion"},{"floor":40,"key":"LiquidBronze"}],"is_trial":false,"path_per_floor":["M","M","?","M","$","R","M","?","T","R","M","M","M","M","R","B",null,"?","T","?","?","?","T","NM","?","T","?","?","?","AVR","E","T","B",null,"?","T","?","?","?","E","T","?","T","?","T","E","?","?","T","B",null],"character_chosen":"IRONCLAD","items_purchased":["Pet Ghost","aspiration:Nostalgia","Whetstone","Seeing Red+1"],"campfire_rested":0,"item_purchase_floors":[5,19,36,36],"current_hp_per_floor":[62,65,65,69,69,69,68,68,68,68,69,61,62,67,67,48,72,70,70,70,80,80,80,74,79,79,79,79,76,76,85,85,67,64,64,64,64,59,64,64,64,64,64,64,64,64,64,64,64,64],"gold":984,"neow_bonus":"RANDOM_COMMON_RELIC","is_daily":false,"chose_seed":false,"campfire_upgraded":8,"win_rate":0.0,"timestamp":1613342537,"path_taken":["M","M","?","?","$","R","M","?","T","R","?","M","M","M","R","BOSS","?","T","?","?","?","T","NM","?","T","?","?","?","AVR","E","T","BOSS","?","T","?","?","?","E","T","?","T","?","T","E","?","?","T","BOSS"],"items_purchased_type":["Relic","Relic","Relic","Card"],"build_version":"2020-12-22","purchased_purges":2,"victory":true,"max_hp_per_floor":[80,80,80,80,80,80,80,80,80,80,80,80,80,80,80,80,80,80,80,80,80,80,80,80,80,80,80,80,80,80,85,85,85,64,64,64,64,64,64,64,64,64,64,64,64,64,64,64,64,64],"card_choices":[{"not_picked":["Armaments","Power Through"],"picked":"Replay:Undeath\u0027s Touch","floor":1.0},{"not_picked":["Anger","Shrug It Off"],"picked":"Perfected Strike","floor":2.0},{"not_picked":["Run Through","Thunderclap"],"picked":"Replay:Undeath\u0027s Touch","floor":4.0},{"not_picked":["Havoc","True Grit"],"picked":"jedi:collectorstrike","floor":7.0},{"not_picked":["StuffTheSpire:BloodClot","jedi:fear"],"picked":"jedi:collectorstrike+1","floor":11.0},{"not_picked":["Rupture","jedi:hate"],"picked":"Pummel","floor":12.0},{"not_picked":["Twin Strike","Perfected Strike"],"picked":"jedi:collectorstrike+1","floor":13.0},{"not_picked":["Hemogenesis","DDmod:SpikeInjectionSkill"],"picked":"jedi:collectorstrike+1","floor":14.0},{"not_picked":["jedi:collectorstrike+1","hubris:StunningStrike"],"picked":"REME_TheLastStrike","floor":16.0},{"not_picked":["hubris:SharpeningStone+1","DDmod:EasePowerCard"],"picked":"jedi:collectorstrike+1","floor":18.0},{"not_picked":["jedi:fear+1","Life Link"],"picked":"jedi:collectorstrike+1","floor":21.0},{"not_picked":["jedi:fear","Slimebound:SlimeSpikes"],"picked":"jedi:collectorstrike+1","floor":22.0},{"not_picked":["Storm of Steel","Havoc"],"picked":"jedi:collectorstrike+1","floor":24.0},{"not_picked":["StuffTheSpire:RockThrow","Slimebound:Nibble"],"picked":"jedi:collectorstrike+1","floor":25.0},{"not_picked":["Slimebound:Prepare+1","StSpp:Succumb"],"picked":"Ghostly Armor","floor":29.0},{"not_picked":["ReplayTheSpireMod:Strike From Hell","Offering"],"picked":"jedi:collectorstrike+1","floor":31},{"not_picked":["Storm of Steel","Limit Break"],"picked":"jedi:collectorstrike+1","floor":33},{"not_picked":["Armaments","Body Slam"],"picked":"jedi:collectorstrike+1","floor":35},{"not_picked":["Warcry+1","Armaments+1"],"picked":"jedi:collectorstrike+1","floor":37},{"not_picked":["hubris:ReadiedAction+1","StuffTheSpire:BloodClot"],"picked":"ReplayTheSpireMod:Muscle Training+1","floor":38},{"not_picked":["Armaments+1","Warcry+1"],"picked":"jedi:collectorstrike+1","floor":39},{"not_picked":["Sever Soul+1","Heavy Blade"],"picked":"jedi:collectorstrike+1","floor":40},{"not_picked":["StuffTheSpire:Harmony","StuffTheSpire:Innocence"],"picked":"StuffTheSpire:Rapture","floor":42},{"not_picked":["ReplayTheSpireMod:LeadingStrike+1","Impervious"],"picked":"jedi:collectorstrike+1","floor":44},{"not_picked":["Havoc+1","Warcry"],"picked":"jedi:collectorstrike+1","floor":46},{"not_picked":["DDmod:UnstoppableAttack","StuffTheSpire:Slingshot"],"picked":"jedi:collectorstrike+1","floor":48}],"player_experience":770834,"relics_obtained":[{"floor":9.0,"key":"reliquary:WeakTea"},{"floor":20.0,"key":"Ring of Panic"},{"floor":24.0,"key":"hubris:ToyBattleship"},{"floor":26.0,"key":"Lantern"},{"floor":31,"key":"Durian"},{"floor":40,"key":"reliquary:PartyBalloon"},{"floor":43,"key":"reliquary:FeatherDuster"},{"floor":44,"key":"wanderingMiniBosses:MasterThiefsPresence"},{"floor":46,"key":"jedi:cryingmask"}],"event_choices":[{"damage_healed":0.0,"max_hp_gain":0.0,"max_hp_loss":0.0,"gold_gain":0.0,"event_name":"Menagerie:StasisChamber","player_choice":"Ignored","floor":8.0,"gold_loss":0.0,"damage_taken":0.0},{"damage_healed":0.0,"max_hp_gain":0.0,"max_hp_loss":0.0,"gold_gain":0.0,"event_name":"Vampires","player_choice":"Ignored","floor":27.0,"gold_loss":0.0,"damage_taken":0.0},{"damage_healed":0,"gold_gain":0,"player_choice":"0 cards matched","damage_taken":0,"max_hp_gain":0,"max_hp_loss":0,"event_name":"Match and Keep!","floor":47,"gold_loss":0,"cards_obtained":[]}],"is_beta":false,"boss_relics":[{"not_picked":["REME_DuelDisc","hubris:CrackedHourglass"],"picked":"Painkiller Herb"},{"not_picked":["ReplayTheSpireMod:SealedPack","Pandora\u0027s Box"],"picked":"Replay:Drink Me"}],"items_purged_floors":[30,36],"is_endless":false,"potions_floor_spawned":[1,2,11,13,21,24,25,29,35,40,46],"ascension_level":7}}