{"host":"KYO","time":1613301088,"event":{"mods":["BaseMod","BetterRewards","Minty Spire (QoL Compilation)","Permanent Neow","Shop Mod","StSLib","SuperFastMode","TestMod","[IsaacMod]ÒÔÈö¼âËþ"],"gold_per_floor":[114,134,59,156,171,199,216,249,249,249,268,268,268],"floor_reached":12,"language":"ZHS","playtime":566,"items_purged":["Strike_B"],"score":230,"play_id":"90459951-d455-47f9-9911-1334e0da44a7","local_time":"20210214191128","is_ascension_mode":true,"campfire_choices":[],"circlet_count":0,"master_deck":["AscendersBane","Strike_B","Strike_B","Strike_B","Defend_B","Defend_B","Defend_B","Defend_B","Zap","Dualcast","Finesse","Chaos","Fusion","Echo Form","Redo","Pulse","Reboot"],"relics":["Cracked Core","HushsDoor","testmod-TestBox","testmod-Maize","TheBible","MerchantsRug","BookofShadows","PreservedInsect","Bottled Lightning"],"acts_visited":["Exordium"],"potions_floor_usage":[8],"damage_taken":[{"damage":0.0,"enemies":"Cultist","floor":1.0,"turns":3.0},{"damage":7.0,"enemies":"Jaw Worm","floor":2.0,"turns":3.0},{"damage":4.0,"enemies":"2 Louse","floor":5.0,"turns":3.0},{"damage":0.0,"enemies":"Lagavulin","floor":6.0,"turns":6.0},{"damage":23.0,"enemies":"Large Slime","floor":7.0,"turns":6.0},{"damage":11,"enemies":"Gremlin Nob","floor":8,"turns":3},{"damage":5,"enemies":"3 Louse","floor":11,"turns":4},{"damage":0,"enemies":"3 Sentries","floor":12,"turns":2}],"seed_played":"-8836340750896341864","potions_obtained":[{"floor":1.0,"key":"Fruit Juice"},{"floor":2.0,"key":"Ancient Potion"},{"floor":6.0,"key":"Dexterity Potion"},{"floor":7.0,"key":"BlessingOfTheForge"}],"is_trial":false,"path_per_floor":["M","M","$","?","M","E","M","E","T","?","M","E"],"character_chosen":"DEFECT","items_purchased":["MerchantsRug","BookofShadows","PreservedInsect","Finesse","Chaos","Fusion"],"campfire_rested":0,"item_purchase_floors":[0,0,0,0,0,0],"current_hp_per_floor":[69,62,62,47,43,43,20,9,9,9,4,4,4],"gold":268,"neow_bonus":"","is_daily":false,"chose_seed":false,"campfire_upgraded":0,"win_rate":0.0,"timestamp":1613301088,"path_taken":["M","M","?","?","M","E","M","E","T","?","M","E"],"items_purchased_type":["Relic","Relic","Relic","Card","Card","Card"],"build_version":"2020-12-18","purchased_purges":1,"victory":false,"max_hp_per_floor":[76,76,76,76,76,76,76,76,76,76,76,76,76],"card_choices":[{"not_picked":["Heatsinks","Go for the Eyes","Cold Snap"],"picked":"SKIP","floor":1.0},{"not_picked":["Bomb","Doom and Gloom"],"picked":"Echo Form","floor":2.0},{"not_picked":["Bomb","Sweeping Beam"],"picked":"Redo","floor":5.0},{"not_picked":["Force Field","Buffer","Conserve Battery"],"picked":"SKIP","floor":6.0},{"not_picked":["Streamline","Cold Snap"],"picked":"Pulse","floor":7.0},{"not_picked":["Redo","Steam","Ball Lightning"],"picked":"SKIP","floor":8},{"not_picked":["Cancel","Conserve Battery"],"picked":"Reboot","floor":11}],"player_experience":780044,"relics_obtained":[{"floor":6.0,"key":"Bottled Lightning"}],"event_choices":[{"damage_healed":0,"gold_gain":0,"player_choice":"Fled","damage_taken":0,"max_hp_gain":0,"max_hp_loss":0,"event_name":"Scrap Ooze","floor":10,"gold_loss":0}],"is_beta":true,"boss_relics":[],"items_purged_floors":[3],"is_endless":false,"potions_floor_spawned":[1,2,6,7],"killed_by":"3 Sentries","ascension_level":20}}