{"host":"p0hktren06injwdf","time":1613320732,"event":{"mods":["AchievementEnabler","BaseMod","Colored Map","DeckTracker","Minty Spire (QoL Compilation)","Permanent Neow","StSLib","SuperFastMode"],"gold_per_floor":[112,123,123,133,133,164,164,176,200,214,225,225,300,180,180,180,180],"floor_reached":16,"language":"KOR","playtime":160,"items_purged":["Strike_R"],"score":102,"play_id":"d2834e22-3021-4cc5-84ed-24bb402a5958","local_time":"20210215013852","is_ascension_mode":false,"campfire_choices":[{"data":"Thunderclap","floor":7,"key":"SMITH"},{"data":"Wild Strike","floor":15,"key":"SMITH"}],"circlet_count":0,"master_deck":["Strike_R","Strike_R","Strike_R","Strike_R","Defend_R","Defend_R","Bash","Thunderclap+1","Pommel Strike","Pommel Strike","Wild Strike+1"],"relics":["Burning Blood","Bag of Marbles","Toy Ornithopter"],"acts_visited":["Exordium"],"potions_floor_usage":[6,10],"damage_taken":[{"damage":7,"enemies":"Small Slimes","floor":1,"turns":3},{"damage":8,"enemies":"2 Louse","floor":2,"turns":2},{"damage":6,"enemies":"Cultist","floor":4,"turns":3},{"damage":28,"enemies":"Gremlin Nob","floor":6,"turns":4},{"damage":10,"enemies":"Gremlin Gang","floor":8,"turns":3},{"damage":17,"enemies":"Exordium Wildlife","floor":10,"turns":4},{"damage":9,"enemies":"2 Fungi Beasts","floor":11,"turns":2},{"damage":14,"enemies":"Hexaghost","floor":16,"turns":5}],"seed_played":"-3820282771390026778","potions_obtained":[{"floor":1,"key":"FearPotion"},{"floor":6,"key":"BloodPotion"},{"floor":10,"key":"Swift Potion"},{"floor":11,"key":"EssenceOfSteel"}],"is_trial":false,"path_per_floor":["M","M","?","M","$","E","R","M","T","M","M","?","?","$","R","B"],"character_chosen":"IRONCLAD","items_purchased":["Wild Strike"],"campfire_rested":0,"item_purchase_floors":[14],"current_hp_per_floor":[55,53,53,53,53,31,31,27,27,37,34,39,28,28,28,14,14],"gold":180,"neow_bonus":"REMOVE_TWO","is_daily":false,"chose_seed":false,"campfire_upgraded":2,"win_rate":0.0,"timestamp":1613320732,"path_taken":["M","M","?","M","$","E","R","M","T","M","M","?","?","$","R","BOSS"],"items_purchased_type":["Card"],"build_version":"2020-12-22","purchased_purges":1,"victory":false,"max_hp_per_floor":[80,80,80,80,80,80,80,80,80,80,80,85,85,85,85,85,85],"card_choices":[{"not_picked":["Inflame","Anger","True Grit"],"picked":"SKIP","floor":1},{"not_picked":["Immolate","Havoc"],"picked":"Thunderclap","floor":2},{"not_picked":["Bloodletting","Anger","Blood for Blood"],"picked":"SKIP","floor":4},{"not_picked":["Anger","Pummel","Rupture"],"picked":"SKIP","floor":6},{"not_picked":["True Grit","Headbutt"],"picked":"Pommel Strike","floor":8},{"not_picked":["Rupture","Flex"],"picked":"Pommel Strike","floor":10},{"not_picked":["Thunderclap","True Grit","Havoc"],"picked":"SKIP","floor":11}],"player_experience":1057842,"relics_obtained":[{"floor":6,"key":"Bag of Marbles"},{"floor":9,"key":"Toy Ornithopter"}],"event_choices":[{"damage_healed":0,"gold_gain":0,"player_choice":"Ignored","damage_taken":0,"max_hp_gain":0,"max_hp_loss":0,"event_name":"Shining Light","floor":3,"gold_loss":0},{"damage_healed":0,"gold_gain":0,"player_choice":"Donut","damage_taken":0,"max_hp_gain":5,"max_hp_loss":0,"event_name":"Big Fish","floor":12,"gold_loss":0},{"damage_healed":0,"gold_gain":75,"player_choice":"Gather Gold","damage_taken":11,"max_hp_gain":0,"max_hp_loss":0,"event_name":"World of Goop","floor":13,"gold_loss":0}],"is_beta":false,"boss_relics":[],"items_purged_floors":[14],"is_endless":false,"potions_floor_spawned":[1,6,10,11],"killed_by":"Hexaghost","ascension_level":0}}