{"host":"1ftto2vaskemldx8","time":1613329159,"event":{"mods":["BaseMod","Minty Spire (QoL Compilation)","Replay The Spire","StSLib","Together in Spire","[功能]功能增强和修复MOD"],"gold_per_floor":[109,109,39,60,76,76,112,40,40,61,61,61,61,77,77,201,201,171,171],"floor_reached":18,"language":"ZHS","playtime":1168,"items_purged":["Strike_B","Defend_B","CommonCold"],"score":168,"play_id":"f9cd9c47-8898-459e-afea-0de8031ccd59","local_time":"20210215025919","is_ascension_mode":true,"campfire_choices":[{"floor":11,"key":"RECALL"},{"data":"ReplayGash","floor":15,"key":"SMITH"}],"circlet_count":0,"master_deck":["Strike_B","Strike_B+1","Strike_B","Defend_B","Defend_B","Defend_B","Zap","Dualcast","Turbo","ReplayGash+1","Steam Power","Reinforced Body","Panic Button+1","Double Energy","Parasite","Steam","Reboot","CurseOfTheBell"],"relics":["Coffee Dripper","Golden Idol","Sling","Prayer Wheel","Ring of Fury","Centennial Puzzle","BargainBundle","Replay:Antivirus Software","Calling Bell","Art of War","Carrot","Torii"],"acts_visited":["Exordium","TheCity"],"potions_floor_usage":[10,10,16,16,16,18],"damage_taken":[{"damage":11.0,"enemies":"Jaw Worm","floor":1.0,"turns":4.0},{"damage":7.0,"enemies":"2 Louse","floor":4.0,"turns":3.0},{"damage":0.0,"enemies":"Small Slimes","floor":5.0,"turns":4.0},{"damage":22,"enemies":"Gremlin Nob","floor":7,"turns":5},{"damage":0,"enemies":"Exordium Wildlife","floor":10,"turns":3},{"damage":14,"enemies":"Exordium Thugs","floor":14,"turns":4},{"damage":4,"enemies":"Hexaghost","floor":16,"turns":8},{"damage":0,"enemies":"2 Thieves","floor":18,"turns":2}],"seed_played":"5793124003767857801","potions_obtained":[{"floor":4.0,"key":"PowerPotion"},{"floor":5.0,"key":"Ancient Potion"},{"floor":7,"key":"ColorlessPotion"},{"floor":7,"key":"FocusPotion"},{"floor":10,"key":"FocusPotion"},{"floor":10,"key":"Strength Potion"},{"floor":14,"key":"AttackPotion"},{"floor":16,"key":"DuplicationPotion"}],"is_trial":false,"path_per_floor":["M","?","$","M","M","?","E","$","T","M","R","?","?","M","R","B",null,"M"],"character_chosen":"DEFECT","items_purchased":["Sling","ReplayGash","Steam Power","BargainBundle","Replay:Antivirus Software"],"campfire_rested":0,"item_purchase_floors":[3,3,3,8,8],"current_hp_per_floor":[64,46,46,39,39,39,17,17,17,17,17,35,20,6,6,2,75,75,75],"gold":171,"neow_bonus":"BOSS_RELIC","is_daily":false,"chose_seed":false,"campfire_upgraded":1,"win_rate":0.0,"timestamp":1613329159,"path_taken":["M","?","$","M","M","?","E","$","T","M","R","?","?","M","R","BOSS","M"],"items_purchased_type":["Relic","Card","Card","Relic","Relic"],"build_version":"2020-12-22","purchased_purges":3,"victory":false,"max_hp_per_floor":[75,75,75,75,75,75,75,75,75,75,75,75,75,75,75,75,75,75,75],"card_choices":[{"not_picked":["Streamline","Redo"],"picked":"Turbo","floor":1.0},{"not_picked":["Cold Snap","Leap"],"picked":"ReplayTheSpireMod:Fabricate Wheel","floor":4.0},{"not_picked":["Compile Driver","Darkness"],"picked":"Reinforced Body","floor":5.0},{"not_picked":["Consume","Stack"],"picked":"Panic Button","floor":5.0},{"not_picked":["Reinforced Body","Darkness","ReplayGash"],"picked":"SKIP","floor":7},{"not_picked":["Stack","Leap"],"picked":"Double Energy","floor":10},{"not_picked":["Time Bomb","Barrage","Lockon"],"picked":"SKIP","floor":10},{"not_picked":["Time Bomb","Doom and Gloom"],"picked":"Steam","floor":14},{"not_picked":["ReplayGash","ReplayTheSpireMod:Omega Cannon","Coolheaded"],"picked":"SKIP","floor":14},{"not_picked":["Machine Learning","Biased Cognition"],"picked":"Reboot","floor":16}],"player_experience":98752,"relics_obtained":[{"floor":6,"key":"Ring of Fury"},{"floor":7,"key":"Centennial Puzzle"},{"floor":17,"key":"Art of War"},{"floor":17,"key":"Carrot"},{"floor":17,"key":"Torii"}],"event_choices":[{"damage_healed":0.0,"max_hp_gain":0.0,"max_hp_loss":0.0,"gold_gain":0.0,"event_name":"Golden Idol","player_choice":"Take Damage","floor":2.0,"gold_loss":0.0,"damage_taken":18.0,"relics_obtained":["Golden Idol"]},{"damage_healed":18,"gold_gain":0,"player_choice":"Healed and dodged fight","damage_taken":0,"max_hp_gain":0,"max_hp_loss":0,"event_name":"Mushrooms","floor":12,"gold_loss":0,"cards_obtained":["Parasite"]},{"damage_healed":0,"gold_gain":0,"player_choice":"Entered Light","damage_taken":15,"max_hp_gain":0,"max_hp_loss":0,"event_name":"Shining Light","floor":13,"gold_loss":0,"cards_upgraded":["Strike_B","Panic Button"]}],"is_beta":false,"boss_relics":[{"not_picked":["Philosopher\u0027s Stone","Cursed Key"],"picked":"Calling Bell"}],"items_purged_floors":[3,3,8],"is_endless":false,"potions_floor_spawned":[4,5,7,7,10,10,14,14,16],"killed_by":"2 Thieves","ascension_level":1}}