{"host":"0mk07bycsqo1qk03","time":1613326042,"event":{"mods":["BaseMod","Downfall","Hermit","Hubris","Minty Spire (QoL Compilation)","Reliquary","Replay The Spire","StSLib","The Cursed"],"gold_per_floor":[99,117,117,180,200,200,226,267,294,335,361,371,271,297,325,431,440,440,56,65,82,91,128,128,157,157,157,157],"floor_reached":26,"language":"ENG","playtime":1310,"items_purged":[],"score":302,"play_id":"2589b50e-9c39-4d53-89f7-1c1a8ea7ca62","local_time":"20210214190722","is_ascension_mode":true,"campfire_choices":[{"data":"champ:Taunt","floor":1,"key":"SMITH"},{"data":"champ:ShieldWall","floor":13,"key":"SMITH"},{"data":"champ:Strike","floor":18,"key":"PURGE"}],"circlet_count":0,"master_deck":["champ:Strike","champ:Strike","champ:Defend","champ:Defend","champ:Defend","champ:Defend","champ:Execute","champ:Taunt+1","champ:ShieldWall","champ:SwordSigil","champ:FlashCut","champ:CalledShot","champ:BringItOn","champ:ShieldWall+1","champ:SkillfulDodge","champ:DefensiveShout","champ:ArenaPreparation","champ:SteelEdge","CurseOfTheBell","champ:ShieldWall","champ:Parry","RitualDagger","champ:BringItOn","champ:DefensiveShout"],"relics":["champ:ChampionCrown","hubris:TenFootPole","Replay:Kaleidoscope","hubris:Icosahedron","CeramicFish","ReplayFunnel","reliquary:QuartzCube","downfall:HeartBlessingGreen","Calling Bell","Smiling Mask","Replay:Accelerometer","Dead Branch","hubris:Potato","Girya","Durian"],"acts_visited":["Exordium","TheCity"],"potions_floor_usage":[8,8,12,15,23,26],"damage_taken":[{"damage":24,"enemies":"Jaw Worm","floor":2,"turns":3},{"damage":38,"enemies":"Lagavulin Event","floor":4,"turns":8},{"damage":11,"enemies":"2 Louse","floor":5,"turns":2},{"damage":23,"enemies":"Gremlin Nob","floor":8,"turns":4},{"damage":10,"enemies":"Small Slimes","floor":9,"turns":4},{"damage":10,"enemies":"Lagavulin","floor":10,"turns":7},{"damage":24,"enemies":"3 Louse","floor":11,"turns":3},{"damage":10,"enemies":"Lots of Slimes","floor":12,"turns":4},{"damage":10,"enemies":"Red Slaver","floor":14,"turns":2},{"damage":10,"enemies":"Blue Slaver","floor":15,"turns":2},{"damage":33,"enemies":"IC_STATUS_ARCHETYPE","floor":16,"turns":6},{"damage":30,"enemies":"downfall:FleeingMerchant","floor":19,"turns":4},{"damage":20,"enemies":"downfall:LooterAlt2","floor":21,"turns":4},{"damage":22,"enemies":"Slavers","floor":23,"turns":8},{"damage":32,"enemies":"Chosen","floor":25,"turns":6},{"damage":31,"enemies":"Centurion and Healer","floor":26,"turns":6}],"seed_played":"3714046113181841115","potions_obtained":[{"floor":2,"key":"Elixir"},{"floor":5,"key":"Slimebound:ThreeZeroPotion"},{"floor":9,"key":"Slimebound:ThreeZeroPotion"},{"floor":10,"key":"champ:CounterPotion"},{"floor":12,"key":"Flashbang"},{"floor":23,"key":"Reflective Coating"},{"floor":25,"key":"LifebloodPotion"}],"is_trial":false,"path_per_floor":["R","M","?","?","M","?","T","E","M","E","M","M","R","M","M","B",null,"R","$","?","M","?","E","T","M","M"],"character_chosen":"THE_CHAMP","items_purchased":["hubris:Potato","champ:ShieldWall"],"campfire_rested":0,"item_purchase_floors":[19,19],"current_hp_per_floor":[90,86,86,78,77,77,77,64,64,54,40,40,40,40,30,17,90,90,90,90,70,67,55,60,28,0,0,0],"gold":157,"neow_bonus":"RANDOM_COMMON_RELIC","is_daily":false,"chose_seed":false,"campfire_upgraded":2,"win_rate":0.0,"timestamp":1613326042,"path_taken":["R","M","?","?","M","?","T","E","M","E","M","M","R","?","M","BOSS","R","$","?","M","?","E","T","M","M"],"items_purchased_type":["Relic","Card"],"build_version":"2020-12-22","purchased_purges":0,"victory":false,"max_hp_per_floor":[90,90,90,90,90,90,90,90,90,90,90,90,90,90,90,90,90,90,90,90,90,90,90,95,95,95,95,95],"card_choices":[{"not_picked":["champ:ShieldSigil","champ:CalledShot"],"picked":"champ:ShieldWall","floor":2},{"not_picked":["champ:AdrenalArmor","champ:BerserkersShout"],"picked":"champ:SwordSigil","floor":4},{"not_picked":["champ:Backstep","champ:RisingSlash"],"picked":"champ:FlashCut","floor":5},{"not_picked":["champ:CrookedStrike","champ:BladeFlurry"],"picked":"champ:CalledShot","floor":8},{"not_picked":["champ:Haymaker","champ:FanOfKnives"],"picked":"champ:BringItOn","floor":9},{"not_picked":["champ:SetATrap","champ:StrikeOfGenius"],"picked":"champ:ShieldWall","floor":10},{"not_picked":["champ:EnragedBash","champ:TornadoPunch"],"picked":"champ:SkillfulDodge","floor":11},{"not_picked":["champ:CrownThrow","champ:Shatter","champ:AdrenalArmor"],"picked":"SKIP","floor":12},{"not_picked":["champ:GutPunch","champ:Backstep"],"picked":"champ:DefensiveShout","floor":14},{"not_picked":["champ:PreemptiveStrike","champ:EnGarde"],"picked":"champ:ArenaPreparation","floor":15},{"not_picked":["champ:UltimateStance","champ:SwordThrow"],"picked":"champ:SteelEdge","floor":16},{"not_picked":["champ:Shatter","champ:IronFortress","champ:FaceSlap+1"],"picked":"SKIP","floor":19},{"not_picked":["champ:CrownThrow","champ:Haymaker","champ:BerserkersShout"],"picked":"SKIP","floor":21},{"not_picked":["champ:GutPunch+1","champ:EnGarde+1"],"picked":"champ:BringItOn","floor":23},{"not_picked":["champ:ViciousMockery","champ:BladeFlurry"],"picked":"champ:DefensiveShout","floor":25}],"player_experience":1051896,"relics_obtained":[{"floor":4,"key":"Replay:Kaleidoscope"},{"floor":7,"key":"CeramicFish"},{"floor":8,"key":"ReplayFunnel"},{"floor":10,"key":"reliquary:QuartzCube"},{"floor":17,"key":"Smiling Mask"},{"floor":17,"key":"Replay:Accelerometer"},{"floor":17,"key":"Dead Branch"},{"floor":23,"key":"Girya"},{"floor":24,"key":"Durian"}],"event_choices":[],"is_beta":false,"boss_relics":[{"not_picked":["reliquary:Ember","hubris:CrackedHourglass"],"picked":"Calling Bell"}],"items_purged_floors":[],"is_endless":false,"potions_floor_spawned":[2,5,9,10,12,14,23,25],"killed_by":"Centurion and Healer","ascension_level":3}}