{"host":"tcdxiwht2vajk3tk","time":1613293074,"event":{"mods":["AchievementEnabler","BaseMod","Beaked The Cultist","Colored Powertips","Conspire","Defuse TimeMaze Blight","Downfall","Halation","Hermit","Hubris","Infinite Spire","Lobotomy","LobotomyExtend","Minty Spire (QoL Compilation)","Replay The Spire","Shop Mod","StSLib","The Cursed","The Disciple"],"gold_per_floor":[109,109,9,28,28,55,69,69,115,115,135,135,168,168,168,13,13,115,115,115,133,52,70,88,88,120,120,146,146,173,173,173,193,193,290,290,301,275,275,275],"floor_reached":39,"language":"ENG","playtime":4690,"items_purged":[],"score":544,"play_id":"ef44b53f-1602-405d-8abd-739bae635426","local_time":"20210214035754","is_ascension_mode":true,"campfire_choices":[{"data":"Ghostly","floor":8.0,"key":"SMITH"},{"data":"TheCursedMod:DemonicPact","floor":10.0,"key":"SMITH"},{"floor":12.0,"key":"REST"},{"floor":17.0,"key":"REST"},{"floor":25.0,"key":"REST"},{"floor":31.0,"key":"REST"},{"floor":34.0,"key":"REST"}],"circlet_count":0,"master_deck":["TheCursedMod:Strike_TheCursed","TheCursedMod:Strike_TheCursed+1","TheCursedMod:Strike_TheCursed+1","TheCursedMod:Strike_TheCursed","TheCursedMod:Defend_TheCursed","TheCursedMod:Defend_TheCursed","TheCursedMod:Defend_TheCursed","TheCursedMod:Defend_TheCursed","TheCursedMod:CursedWand","TheCursedMod:CleanUpWorkshop","TheCursedMod:Dregs","TheCursedMod:RavingStaff","Ghostly+1","TheCursedMod:LuckyCharm","TheCursedMod:DemonicPact+1","TheCursedMod:CursedMace+1","TheCursedMod:CursedBlade","TheCursedMod:FleshFromBone","TheCursedMod:OutForBlood","TheCursedMod:SoulReap+1","TheCursedMod:Grudge","TheCursedMod:Stretching+1","TheCursedMod:BlessingInDisguise","TheCursedMod:ReleasedStrength+1","TheCursedMod:HellsGateOpen","TheCursedMod:FleshFromBone","TheCursedMod:CollectTribute","TheCursedMod:SurpriseAttack"],"relics":["TheCursedMod:BlackMagic101","NeowsBlessing","hubris:Towel","ReplayFunnel","Replay:Wax Seal","Meat on the Bone","Gremlin Food","Honey Jar","Strawberry","Enchiridion","Pen Nib","Potion Belt","MerchantsRug"],"acts_visited":["Exordium","TheCity","TheBeyond"],"potions_floor_usage":[],"damage_taken":[{"damage":0.0,"enemies":"Cultist","floor":1.0,"turns":1.0},{"damage":0.0,"enemies":"Small Slimes","floor":4.0,"turns":1.0},{"damage":0.0,"enemies":"Gremlin Nob","floor":6.0,"turns":1.0},{"damage":3.0,"enemies":"2 Louse","floor":7.0,"turns":2.0},{"damage":4.0,"enemies":"Red Slaver","floor":11.0,"turns":4.0},{"damage":17.0,"enemies":"3 Sentries","floor":13.0,"turns":7.0},{"damage":52.0,"enemies":"Slime Boss","floor":18.0,"turns":14.0},{"damage":10.0,"enemies":"Shell Parasite","floor":21.0,"turns":11.0},{"damage":9.0,"enemies":"2 Thieves","floor":23.0,"turns":4.0},{"damage":27.0,"enemies":"Snake Plant","floor":24.0,"turns":6.0},{"damage":32.0,"enemies":"Nightmare","floor":26.0,"turns":17.0},{"damage":18.0,"enemies":"Replay:Snechameleon","floor":30.0,"turns":8.0},{"damage":9.0,"enemies":"conspire:HollyBat","floor":33.0,"turns":8.0},{"damage":63.0,"enemies":"Collector","floor":35.0,"turns":11.0},{"damage":0.0,"enemies":"Orb Walker","floor":37.0,"turns":2.0}],"seed_played":"-1040080783647434221","potions_obtained":[{"floor":4.0,"key":"SneckoOil"},{"floor":5.0,"key":"infinitespire:BlackPotion"},{"floor":5.0,"key":"Guardian:BlockOnCardUsePotion"},{"floor":5.0,"key":"Death Potion"},{"floor":21.0,"key":"Adrenaline Potion"},{"floor":24.0,"key":"champ:CounterPotion"},{"floor":30.0,"key":"Doom Potion"},{"floor":33.0,"key":"AttackPotion"},{"floor":35.0,"key":"Explosive Potion"}],"is_trial":false,"path_per_floor":["M","?","?","M","?","E","M","R","T","R","M","R","E","PTL","PTL","$","R","B",null,"M","M","$","M","M","R","NM","?","T","?","E","R","?","M","R","B",null,"M","$","?"],"character_chosen":"THE_CURSED","items_purchased":["Gremlin Food","TheCursedMod:Grudge","MerchantsRug"],"campfire_rested":5,"item_purchase_floors":[16,22,38],"current_hp_per_floor":[75,75,75,75,75,75,72,72,72,72,68,75,58,58,58,58,75,35,75,75,65,65,66,46,68,49,33,33,33,43,67,67,65,82,41,82,82,82,1,1],"gold":275,"neow_bonus":"THREE_ENEMY_KILL","is_daily":false,"chose_seed":false,"campfire_upgraded":2,"win_rate":0.0,"timestamp":1613293074,"path_taken":["M","?","?","M","?","E","M","R","T","R","M","R","E","PTL","PTL","$","R","BOSS","M","M","$","M","M","R","NM","?","T","?","E","R","?","M","R","BOSS","M","?","?"],"items_purchased_type":["Relic","Card","Relic"],"build_version":"2020-12-22","purchased_purges":0,"victory":false,"max_hp_per_floor":[75,75,75,75,75,75,75,75,75,75,75,75,75,75,75,75,75,75,75,75,75,75,75,75,75,82,82,82,82,82,82,82,82,82,82,82,82,82,1,1],"card_choices":[{"not_picked":["TheCursedMod:SaltUponWound","TheCursedMod:CursedAmulet"],"picked":"TheCursedMod:RavingStaff","floor":1.0},{"not_picked":["TheCursedMod:SmokeScreen","TheCursedMod:SurpriseAttack"],"picked":"TheCursedMod:LuckyCharm","floor":4.0},{"not_picked":["TheCursedMod:SoulCrush","TheCursedMod:SmokeScreen"],"picked":"TheCursedMod:DemonicPact","floor":6.0},{"not_picked":["TheCursedMod:ReleasedKnowledge","TheCursedMod:TroublousMinions"],"picked":"TheCursedMod:CursedMace","floor":7.0},{"not_picked":["TheCursedMod:LuckyCharm","TheCursedMod:RapidMovement"],"picked":"TheCursedMod:CursedBlade","floor":11.0},{"not_picked":["TheCursedMod:CircleOfAmplification","TheCursedMod:CircleOfFocus"],"picked":"TheCursedMod:FleshFromBone","floor":13.0},{"not_picked":["TheCursedMod:VoidForm","TheCursedMod:CursedRelics"],"picked":"TheCursedMod:OutForBlood","floor":18.0},{"not_picked":["TheCursedMod:RavingStaff+1","TheCursedMod:CursedStaff+1","TheCursedMod:CircleOfCorruption"],"picked":"TheCursedMod:SoulReap+1","floor":21.0},{"not_picked":["TheCursedMod:Mangle","TheCursedMod:Torture+1","TheCursedMod:CircleOfAmplification"],"picked":"TheCursedMod:Stretching+1","floor":23.0},{"not_picked":["TheCursedMod:AbyssShockwave","TheCursedMod:CursedSpellbook","TheCursedMod:ReleasedKnowledge"],"picked":"TheCursedMod:BlessingInDisguise","floor":24.0},{"not_picked":["TheCursedMod:SoulCrush","TheCursedMod:RavingStaff","TheCursedMod:HellsGateOpen"],"picked":"TheCursedMod:ReleasedStrength","floor":26.0},{"not_picked":["TheCursedMod:Grudge","TheCursedMod:RavingStaff","TheCursedMod:RapidMovement"],"picked":"TheCursedMod:HellsGateOpen","floor":30.0},{"not_picked":["TheCursedMod:CursedBlade","TheCursedMod:SpitefulPlan+1","TheCursedMod:Torture+1"],"picked":"TheCursedMod:FleshFromBone","floor":33.0},{"not_picked":["TheCursedMod:OutForBlood","TheCursedMod:VoidForm","TheCursedMod:ShockAndAwe"],"picked":"TheCursedMod:CollectTribute","floor":35.0},{"not_picked":["TheCursedMod:CursedAmulet","TheCursedMod:CircleOfCorruption","TheCursedMod:ParallelWorld"],"picked":"TheCursedMod:SurpriseAttack","floor":37.0}],"player_experience":1758752,"relics_obtained":[{"floor":1.0,"key":"LetterFromLob"},{"floor":6.0,"key":"ReplayFunnel"},{"floor":9.0,"key":"Replay:Wax Seal"},{"floor":13.0,"key":"Meat on the Bone"},{"floor":26.0,"key":"Strawberry"},{"floor":27.0,"key":"Enchiridion"},{"floor":28.0,"key":"Pen Nib"},{"floor":30.0,"key":"Potion Belt"}],"event_choices":[{"damage_healed":0.0,"max_hp_gain":0.0,"max_hp_loss":0.0,"gold_gain":0.0,"event_name":"conspire:LoneGhost","player_choice":"Argue","floor":3.0,"gold_loss":0.0,"damage_taken":0.0},{"damage_healed":0.0,"max_hp_gain":0.0,"max_hp_loss":0.0,"gold_gain":0.0,"event_name":"Lab","player_choice":"Got Potions","floor":5.0,"gold_loss":0.0,"damage_taken":0.0},{"damage_healed":0.0,"max_hp_gain":0.0,"max_hp_loss":0.0,"gold_gain":0.0,"event_name":"Cursed Tome","player_choice":"Obtained Book","floor":27.0,"gold_loss":0.0,"damage_taken":16.0},{"damage_healed":0.0,"max_hp_gain":0.0,"max_hp_loss":0.0,"gold_gain":0.0,"event_name":"FaceTrader","player_choice":"Leave","floor":32.0,"gold_loss":0.0,"damage_taken":0.0}],"is_beta":false,"boss_relics":[{"not_picked":["halation:SmartPhone","Runic Dome"],"picked":"Honey Jar"},{"not_picked":["halation:ForbiddenBikini","Busted Crown"],"picked":"halation:LoveArrow"}],"items_purged_floors":[],"is_endless":true,"potions_floor_spawned":[4,11,21,24,30,33,35],"ascension_level":3}}