{"host":"jwpp8hxpigr0nknu","time":1613285963,"event":{"mods":["BaseMod","BetterRewards","Colored Map","Colored Powertips","Minty Spire (QoL Compilation)","Rare Cards Sparkle","Shop Mod","StSLib"],"gold_per_floor":[118,130,80,80,80,118,118,149,149,149,149],"floor_reached":10,"language":"ENG","playtime":426,"items_purged":[],"score":126,"play_id":"c3947b1d-9936-455a-91e7-2760ba081ee1","local_time":"20210214005923","daily_mods":["Draft","Blue Cards","Heirloom","Flight","DeadlyEvents","Elite Swarm"],"is_ascension_mode":true,"campfire_choices":[{"data":"Blizzard","floor":7,"key":"SMITH"}],"circlet_count":0,"master_deck":["AscendersBane","Cold Snap","Defragment","Recycle","Darkness","Blizzard","Chaos","Blizzard+1","Conserve Battery","Capacitor","Doom and Gloom","Double Energy","Coolheaded","Conserve Battery","Coolheaded","Coolheaded","Fission","Reboot"],"relics":["Cracked Core","Torii","Golden Idol","Matryoshka","Calipers","Blue Candle","MealTicket"],"acts_visited":["Exordium"],"potions_floor_usage":[6,10],"damage_taken":[{"damage":13.0,"enemies":"Small Slimes","floor":1.0,"turns":3.0},{"damage":8.0,"enemies":"2 Louse","floor":2.0,"turns":2.0},{"damage":7,"enemies":"Gremlin Nob","floor":6,"turns":6},{"damage":1,"enemies":"3 Sentries","floor":8,"turns":7},{"damage":68,"enemies":"Gremlin Nob","floor":10,"turns":5}],"seed_played":"4326918190976010952","potions_obtained":[{"floor":2.0,"key":"GamblersBrew"},{"floor":6,"key":"Fire Potion"},{"floor":8,"key":"PowerPotion"}],"is_trial":true,"path_per_floor":["M","M","?","?","?","E","R","E","T","E"],"character_chosen":"DEFECT","items_purchased":[],"campfire_rested":0,"item_purchase_floors":[],"current_hp_per_floor":[51,43,43,26,49,42,42,41,41,0,0],"gold":149,"neow_bonus":"","is_daily":false,"chose_seed":false,"campfire_upgraded":1,"win_rate":0.0,"timestamp":1613285963,"path_taken":["M","M","?","?","?","E","R","E","T","E"],"items_purchased_type":[],"build_version":"2020-12-22","purchased_purges":0,"victory":false,"max_hp_per_floor":[71,71,71,71,71,71,71,71,71,71,71],"card_choices":[{"not_picked":["Compile Driver","Darkness"],"picked":"Cold Snap","floor":0.0},{"not_picked":["Fusion","Beam Cell"],"picked":"Defragment","floor":0.0},{"not_picked":["Barrage","Turbo"],"picked":"Recycle","floor":0.0},{"not_picked":["Stack","Steam Power"],"picked":"Darkness","floor":0.0},{"not_picked":["Hologram","Streamline"],"picked":"Blizzard","floor":0.0},{"not_picked":["Ball Lightning","Beam Cell"],"picked":"Chaos","floor":0.0},{"not_picked":["Steam","Hologram"],"picked":"Blizzard","floor":0.0},{"not_picked":["Fusion","Sweeping Beam"],"picked":"Conserve Battery","floor":0.0},{"not_picked":["Streamline","Stack"],"picked":"Capacitor","floor":0.0},{"not_picked":["Reprogram","Rip and Tear"],"picked":"Doom and Gloom","floor":0.0},{"not_picked":["Rebound","Stack"],"picked":"Double Energy","floor":0.0},{"not_picked":["Sunder","Compile Driver"],"picked":"Rebound","floor":0.0},{"not_picked":["BootSequence","Undo"],"picked":"Coolheaded","floor":0.0},{"not_picked":["Undo","Blizzard"],"picked":"Conserve Battery","floor":0.0},{"not_picked":["Defragment","Conserve Battery"],"picked":"Coolheaded","floor":0.0},{"not_picked":["Redo","Barrage","Conserve Battery"],"picked":"SKIP","floor":1.0},{"not_picked":["Stack","Rebound"],"picked":"Coolheaded","floor":2.0},{"not_picked":["Reboot","Electrodynamics"],"picked":"Fission","floor":6},{"not_picked":["Machine Learning","Amplify"],"picked":"Reboot","floor":8}],"player_experience":356001,"relics_obtained":[{"floor":6,"key":"Matryoshka"},{"floor":8,"key":"Calipers"},{"floor":9,"key":"Blue Candle"},{"floor":9,"key":"MealTicket"}],"event_choices":[{"cards_removed":["Rebound"],"damage_healed":0.0,"max_hp_gain":0.0,"max_hp_loss":0.0,"gold_gain":0.0,"event_name":"The Cleric","player_choice":"Card Removal","floor":3.0,"gold_loss":50.0,"damage_taken":0.0},{"damage_healed":0.0,"max_hp_gain":0.0,"max_hp_loss":0.0,"gold_gain":0.0,"event_name":"Golden Idol","player_choice":"Take Damage","floor":4.0,"gold_loss":0.0,"damage_taken":17.0,"relics_obtained":["Golden Idol"]},{"damage_healed":23.0,"max_hp_gain":0.0,"max_hp_loss":0.0,"gold_gain":0.0,"event_name":"Big Fish","player_choice":"Banana","floor":5.0,"gold_loss":0.0,"damage_taken":0.0}],"is_beta":false,"boss_relics":[],"items_purged_floors":[],"is_endless":true,"potions_floor_spawned":[2,6,8],"killed_by":"Gremlin Nob","ascension_level":14}}