{"host":"i8x3uekhioq8aaet","time":1613293475,"event":{"mods":["AchievementEnabler","BaseMod","Colored Map","Colored Powertips","DeckTracker","Minty Spire (QoL Compilation)","Relic Sorter","StSLib"],"gold_per_floor":[111,131,5,5,5,5,5,37,37,57,57,69,84,146,146,248,248,268,280,280,26,38,38,72,72,148,163,71,91,23,38,38,133,133,148,148,164,164,182,182,25,25,50,60,60,60,60,60,60,60,60],"floor_reached":50,"language":"ZHT","playtime":1559,"items_purged":["Strike_G"],"score":536,"play_id":"ea40139c-3f2f-462a-954d-2682a702b1fd","local_time":"20210214170435","is_ascension_mode":true,"campfire_choices":[{"data":"Bane","floor":6.0,"key":"SMITH"},{"floor":11.0,"key":"REST"},{"floor":15.0,"key":"REST"},{"floor":23.0,"key":"REST"},{"floor":25.0,"key":"REST"},{"data":"Wraith Form v2","floor":32.0,"key":"SMITH"},{"floor":40.0,"key":"REST"},{"floor":45.0,"key":"REST"},{"data":"Infinite Blades","floor":47.0,"key":"SMITH"},{"data":"Footwork","floor":49.0,"key":"SMITH"}],"circlet_count":0,"master_deck":["Survivor","Neutralize","Accuracy+1","Backstab+1","Endless Agony+1","Deadly Poison","Bane+1","Poisoned Stab","Infinite Blades+1","Cloak And Dagger+1","Endless Agony","Die Die Die","Deflect","Backstab+1","Blade Dance","Cloak And Dagger","Distraction+1","Footwork+1","Deflect","Wraith Form v2+1","Footwork+1","Burst","After Image","Flechettes","Deflect","Cloak And Dagger","Flying Knee","Poisoned Stab+1","Writhe","PiercingWail+1","Accuracy+1","Enlightenment"],"relics":["Astrolabe","Ancient Tea Set","Lantern","StrikeDummy","Nunchaku","WristBlade","Toolbox","War Paint","Bottled Lightning","Centennial Puzzle","Pandora\u0027s Box","TwistedFunnel","Dream Catcher"],"acts_visited":["Exordium","TheCity","TheBeyond"],"potions_floor_usage":[50,50,50],"damage_taken":[{"damage":0.0,"enemies":"2 Louse","floor":1.0,"turns":2.0},{"damage":0.0,"enemies":"Cultist","floor":2.0,"turns":4.0},{"damage":32.0,"enemies":"Gremlin Nob","floor":8.0,"turns":5.0},{"damage":0.0,"enemies":"Small Slimes","floor":10.0,"turns":2.0},{"damage":10.0,"enemies":"2 Fungi Beasts","floor":12.0,"turns":3.0},{"damage":5.0,"enemies":"Lots of Slimes","floor":13.0,"turns":4.0},{"damage":15.0,"enemies":"Lagavulin Event","floor":14.0,"turns":4.0},{"damage":6.0,"enemies":"Hexaghost","floor":16.0,"turns":8.0},{"damage":16.0,"enemies":"Shell Parasite","floor":18.0,"turns":4.0},{"damage":4.0,"enemies":"Chosen","floor":19.0,"turns":2.0},{"damage":15.0,"enemies":"Shelled Parasite and Fungi","floor":22.0,"turns":3.0},{"damage":0.0,"enemies":"Slavers","floor":24.0,"turns":2.0},{"damage":0.0,"enemies":"Sentry and Sphere","floor":27.0,"turns":3.0},{"damage":0.0,"enemies":"Snecko","floor":29.0,"turns":1.0},{"damage":4.0,"enemies":"Cultist and Chosen","floor":31.0,"turns":4.0},{"damage":7.0,"enemies":"Collector","floor":33.0,"turns":9.0},{"damage":13.0,"enemies":"3 Darklings","floor":35.0,"turns":5.0},{"damage":17.0,"enemies":"3 Shapes","floor":37.0,"turns":3.0},{"damage":0.0,"enemies":"Spire Growth","floor":38.0,"turns":1.0},{"damage":4.0,"enemies":"Jaw Worm Horde","floor":39.0,"turns":4.0},{"damage":11.0,"enemies":"Sphere and 2 Shapes","floor":44.0,"turns":3.0},{"damage":71,"enemies":"Time Eater","floor":50,"turns":8}],"seed_played":"-8962340155029711703","potions_obtained":[{"floor":10.0,"key":"GhostInAJar"},{"floor":12.0,"key":"FearPotion"},{"floor":16.0,"key":"Swift Potion"},{"floor":18.0,"key":"Strength Potion"},{"floor":22.0,"key":"CunningPotion"},{"floor":31.0,"key":"SmokeBomb"},{"floor":37.0,"key":"Strength Potion"},{"floor":39.0,"key":"LiquidBronze"},{"floor":44.0,"key":"PowerPotion"}],"is_trial":false,"path_per_floor":["M","M","$","?","?","R","?","E","T","M","R","M","M","?","R","B",null,"M","M","?","$","M","R","E","R","T","M","?","M","$","M","R","B",null,"M","?","M","M","M","R","$","?","T","M","R","?","R","?","R","B"],"character_chosen":"THE_SILENT","items_purchased":["Bane","Blade Dance","Cloak And Dagger","Toolbox","Wraith Form v2","TwistedFunnel"],"campfire_rested":6,"item_purchase_floors":[3,21,21,21,30,41],"current_hp_per_floor":[70,70,70,70,67,67,67,35,35,35,56,46,41,26,47,41,70,54,50,50,50,35,56,56,70,70,70,70,70,70,66,66,59,70,57,57,40,40,36,57,57,70,70,59,70,70,70,70,70,0,0],"gold":60,"neow_bonus":"BOSS_RELIC","is_daily":false,"chose_seed":false,"campfire_upgraded":4,"win_rate":0.0,"timestamp":1613293475,"path_taken":["M","M","$","?","?","R","?","E","T","?","R","?","M","?","R","BOSS","M","M","?","$","M","R","E","R","T","?","?","M","$","M","R","BOSS","M","?","M","M","M","R","$","?","T","M","R","?","R","?","R","BOSS"],"items_purchased_type":["Card","Card","Card","Relic","Card","Relic"],"build_version":"2020-12-22","purchased_purges":1,"victory":false,"max_hp_per_floor":[70,70,70,70,70,70,70,70,70,70,70,70,70,70,70,70,70,70,70,70,70,70,70,70,70,70,70,70,70,70,70,70,70,70,70,70,70,70,70,70,70,70,70,70,70,70,70,70,70,70,70],"card_choices":[{"not_picked":["Prepared","Underhanded Strike","Outmaneuver"],"picked":"SKIP","floor":1.0},{"not_picked":["Catalyst","Acrobatics"],"picked":"Deadly Poison","floor":2.0},{"not_picked":["Setup","Dodge and Roll"],"picked":"Poisoned Stab","floor":8.0},{"not_picked":["All Out Attack","Blur"],"picked":"Infinite Blades","floor":10.0},{"not_picked":["Outmaneuver","Poisoned Stab"],"picked":"Endless Agony","floor":12.0},{"not_picked":["Accuracy","Setup"],"picked":"Cloak And Dagger","floor":13.0},{"not_picked":["Poisoned Stab","Choke"],"picked":"Endless Agony","floor":14.0},{"not_picked":["Malaise","Doppelganger"],"picked":"Die Die Die","floor":16.0},{"not_picked":["Outmaneuver","Infinite Blades"],"picked":"Deflect","floor":18.0},{"not_picked":["Heel Hook","Bane","Underhanded Strike"],"picked":"SKIP","floor":19.0},{"not_picked":["Outmaneuver","Sucker Punch","Bane"],"picked":"SKIP","floor":22.0},{"not_picked":["Underhanded Strike","Riddle With Holes+1"],"picked":"Distraction+1","floor":24.0},{"not_picked":["Quick Slash","Dagger Spray"],"picked":"Footwork","floor":27.0},{"not_picked":["Well Laid Plans+1","Terror"],"picked":"Deflect","floor":29.0},{"not_picked":["Choke+1","Blade Dance"],"picked":"Footwork+1","floor":31.0},{"not_picked":["Envenom","Glass Knife"],"picked":"Burst","floor":33.0},{"not_picked":["Acrobatics","Quick Slash+1","Flying Knee"],"picked":"SKIP","floor":35.0},{"not_picked":["Sucker Punch","Dagger Spray+1"],"picked":"Poisoned Stab+1","floor":37.0},{"not_picked":["Outmaneuver","Deadly Poison+1","Slice+1"],"picked":"SKIP","floor":39.0},{"not_picked":["Sucker Punch","Noxious Fumes"],"picked":"PiercingWail+1","floor":44.0},{"not_picked":["PiercingWail+1","Dagger Spray+1"],"picked":"Accuracy+1","floor":45.0},{"not_picked":["Dramatic Entrance","Impatience"],"picked":"Enlightenment","floor":48.0}],"player_experience":332914,"relics_obtained":[{"floor":8.0,"key":"Lantern"},{"floor":9.0,"key":"StrikeDummy"},{"floor":14.0,"key":"Nunchaku"},{"floor":24.0,"key":"War Paint"},{"floor":26.0,"key":"Bottled Lightning"},{"floor":43.0,"key":"Dream Catcher"}],"event_choices":[{"damage_healed":0.0,"max_hp_gain":0.0,"max_hp_loss":0.0,"gold_gain":0.0,"event_name":"Liars Game","player_choice":"Ignored","floor":4.0,"gold_loss":0.0,"damage_taken":0.0},{"damage_healed":0.0,"max_hp_gain":0.0,"max_hp_loss":0.0,"gold_gain":0.0,"event_name":"Scrap Ooze","player_choice":"Success","floor":5.0,"gold_loss":0.0,"damage_taken":3.0,"relics_obtained":["Ancient Tea Set"]},{"cards_removed":["Strike_G"],"damage_healed":0.0,"max_hp_gain":0.0,"max_hp_loss":0.0,"gold_gain":0.0,"event_name":"Purifier","player_choice":"Purged","floor":7.0,"gold_loss":0.0,"damage_taken":0.0},{"damage_healed":0.0,"max_hp_gain":0.0,"max_hp_loss":0.0,"gold_gain":0.0,"event_name":"Dead Adventurer","player_choice":"Searched \u00271\u0027 times","floor":14.0,"gold_loss":0.0,"damage_taken":0.0},{"damage_healed":0.0,"max_hp_gain":0.0,"max_hp_loss":0.0,"gold_gain":0.0,"event_name":"Duplicator","player_choice":"Copied","floor":20.0,"gold_loss":0.0,"damage_taken":0.0,"cards_obtained":["Backstab"]},{"damage_healed":0.0,"max_hp_gain":0.0,"max_hp_loss":0.0,"gold_gain":0.0,"event_name":"WeMeetAgain","player_choice":"Paid Gold","floor":28.0,"gold_loss":92.0,"damage_taken":0.0,"relics_obtained":["Centennial Puzzle"]},{"cards_removed":["Endless Agony"],"damage_healed":0.0,"max_hp_gain":0.0,"max_hp_loss":0.0,"gold_gain":0.0,"event_name":"Falling","player_choice":"Removed Attack","floor":36.0,"gold_loss":0.0,"damage_taken":0.0},{"damage_healed":18.0,"max_hp_gain":0.0,"max_hp_loss":0.0,"gold_gain":0.0,"event_name":"Winding Halls","player_choice":"Writhe","floor":42.0,"gold_loss":0.0,"damage_taken":0.0,"cards_obtained":["Writhe"]},{"damage_healed":0.0,"max_hp_gain":0.0,"max_hp_loss":0.0,"gold_gain":0.0,"event_name":"Mysterious Sphere","player_choice":"Ignored","floor":46.0,"gold_loss":0.0,"damage_taken":0.0},{"damage_healed":0.0,"max_hp_gain":0.0,"max_hp_loss":0.0,"gold_gain":0.0,"event_name":"SensoryStone","player_choice":"Memory 1","floor":48.0,"gold_loss":0.0,"damage_taken":0.0}],"is_beta":false,"boss_relics":[{"not_picked":["Cursed Key","Tiny House"],"picked":"WristBlade"},{"not_picked":["Philosopher\u0027s Stone","Black Star"],"picked":"Pandora\u0027s Box"}],"items_purged_floors":[3],"is_endless":false,"potions_floor_spawned":[10,12,16,18,22,31,37,39,44],"killed_by":"Time Eater","ascension_level":2}}