{"host":"32dedufnxebqtmo3","time":1613277345,"event":{"mods":["AchievementEnabler","BaseMod","Better Third Choice","Card Filter","Colored Powertips","Defuse TimeMaze Blight","GifTheSpireLib","Minty Spire (QoL Compilation)","Permanent Neow","Relic Filter","Relic Stats","Remove Card Discount Mod","Shop Mod","StSLib","The Cursed","The Marked","Unceasing Turn Reminder"],"gold_per_floor":[114,125,145,89,108,133,133,133,133,151,180,192,211,224,224,326,326,343,37,50,50,62,62,62,62,62,62,62,82,101,16,16,115,115,127,45,60,60,75,75,75],"floor_reached":40,"language":"ENG","playtime":2507,"items_purged":["theMarked:Strike","theMarked:Strike","theMarked:Strike","theMarked:Strike","theMarked:ElectricStrings+1","Shame","theMarked:Aftermath","theMarked:TurnInvisible","theMarked:BiggerThanFate","theMarked:Improvise+1"],"score":392,"play_id":"00d7e5e6-f59d-458a-8407-373e63106637","local_time":"20210213203545","is_ascension_mode":false,"campfire_choices":[{"data":"theMarked:SoldierOfQuellstein","floor":7,"key":"SMITH"},{"floor":15,"key":"REST"},{"data":"theMarked:EmpowerWeapon","floor":23,"key":"SMITH"},{"floor":25,"key":"REST"},{"data":"theMarked:Improvise","floor":28,"key":"SMITH"},{"data":"theMarked:ParalyzingBlade","floor":32,"key":"SMITH"}],"circlet_count":0,"master_deck":["theMarked:Defend","theMarked:Defend","theMarked:Defend+1","theMarked:Defend+1","theMarked:SoldierOfQuellstein+1","theMarked:WardOff+1","theMarked:EmpowerWeapon+1","theMarked:ParalyzingBlade+1","theMarked:BanishingStrike","theMarked:Toughness+1","theMarked:BindingBlade","theMarked:WardOff","theMarked:StartUp+1","theMarked:Pokerface","theMarked:HeightenedSenses","theMarked:Overthink+1","theMarked:StartUp","theMarked:Determination+1","theMarked:RogueSparks+1","theMarked:RepellingDischarge+1"],"relics":["theMarked:ArtifactOfAir","Frozen Egg 2","StrikeDummy","Odd Mushroom","theMarked:Eyepatch","War Paint","Eternal Feather","Matryoshka","Runic Pyramid"],"acts_visited":["Exordium","TheCity","TheBeyond"],"potions_floor_usage":[11,13,16,16,37],"damage_taken":[{"damage":0,"enemies":"Small Slimes","floor":1,"turns":5},{"damage":1,"enemies":"Jaw Worm","floor":2,"turns":3},{"damage":0,"enemies":"2 Louse","floor":3,"turns":3},{"damage":1,"enemies":"2 Fungi Beasts","floor":5,"turns":3},{"damage":25,"enemies":"Lagavulin","floor":6,"turns":9},{"damage":0,"enemies":"Looter","floor":10,"turns":3},{"damage":4,"enemies":"The Mushroom Lair","floor":11,"turns":4},{"damage":15,"enemies":"Exordium Thugs","floor":12,"turns":4},{"damage":3,"enemies":"Red Slaver","floor":13,"turns":2},{"damage":0,"enemies":"Looter","floor":14,"turns":3},{"damage":10,"enemies":"Hexaghost","floor":16,"turns":9},{"damage":14,"enemies":"Spheric Guardian","floor":18,"turns":4},{"damage":15,"enemies":"Shell Parasite","floor":20,"turns":7},{"damage":24,"enemies":"Sentry and Sphere","floor":22,"turns":7},{"damage":10,"enemies":"Snake Plant","floor":29,"turns":4},{"damage":6,"enemies":"Cultist and Chosen","floor":30,"turns":7},{"damage":8,"enemies":"Champ","floor":33,"turns":10},{"damage":4,"enemies":"3 Darklings","floor":35,"turns":9},{"damage":5,"enemies":"3 Shapes","floor":37,"turns":6},{"damage":0,"enemies":"Maw","floor":39,"turns":9},{"damage":0,"enemies":"Giant Head","floor":40,"turns":7}],"seed_played":"2233469482222053043","potions_obtained":[{"floor":1,"key":"Energy Potion"},{"floor":2,"key":"DistilledChaos"},{"floor":12,"key":"SteroidPotion"},{"floor":14,"key":"Explosive Potion"},{"floor":20,"key":"Swift Potion"},{"floor":22,"key":"Ancient Potion"},{"floor":30,"key":"Block Potion"},{"floor":37,"key":"SkillPotion"}],"is_trial":false,"path_per_floor":["M","M","M","$","M","E","R","?","T","M","?","M","M","M","R","B",null,"M","$","M","?","M","R","?","R","T","?","R","M","M","$","R","B",null,"M","$","M","?","M","E"],"character_chosen":"THE_DEFAULT","items_purchased":["theMarked:EmpowerWeapon","theMarked:WardOff","theMarked:StartUp","theMarked:Improvise","War Paint","theMarked:StartUp","theMarked:RogueSparks+1"],"campfire_rested":2,"item_purchase_floors":[4,19,19,19,19,31,36],"current_hp_per_floor":[70,69,69,69,68,43,43,29,29,29,25,10,7,7,28,18,70,56,56,41,41,17,26,13,44,44,44,53,43,37,37,46,38,75,71,71,66,66,66,66,66],"gold":75,"neow_bonus":"REMOVE_CARD","is_daily":false,"chose_seed":false,"campfire_upgraded":4,"win_rate":0.0,"timestamp":1613277345,"path_taken":["M","M","M","$","M","E","R","?","T","M","?","M","M","M","R","BOSS","M","$","M","?","M","R","?","R","T","?","R","M","?","?","R","BOSS","M","$","M","?","?","E"],"items_purchased_type":["Card","Card","Card","Card","Relic","Card","Card"],"build_version":"2020-12-22","purchased_purges":10,"victory":false,"max_hp_per_floor":[70,70,70,70,70,70,70,70,70,70,70,70,70,70,70,70,70,70,70,70,70,70,70,75,75,75,75,75,75,75,75,75,75,75,75,75,75,75,75,75,75],"relic_stats":{"counters":[21,118],"Eternal Feather":36,"War Paint":["theMarked:Defend","theMarked:Defend"],"obtain_stats":[{"theMarked:ArtifactOfAir":0,"Matryoshka":26,"Eternal Feather":21,"Frozen Egg 2":6,"Odd Mushroom":11,"War Paint":19,"StrikeDummy":9,"theMarked:Eyepatch":17,"Runic Pyramid":34},{"theMarked:ArtifactOfAir":0,"Matryoshka":14,"Eternal Feather":13,"Frozen Egg 2":5,"Odd Mushroom":7,"War Paint":12,"StrikeDummy":5,"theMarked:Eyepatch":11,"Runic Pyramid":17},{"theMarked:ArtifactOfAir":0,"Matryoshka":66,"Eternal Feather":59,"Frozen Egg 2":23,"Odd Mushroom":30,"War Paint":52,"StrikeDummy":23,"theMarked:Eyepatch":48,"Runic Pyramid":87}]},"card_choices":[{"not_picked":["theMarked:Frustration","theMarked:Parry"],"picked":"theMarked:Aftermath","floor":1},{"not_picked":["theMarked:Opportunist","theMarked:ResourceFulStrike"],"picked":"theMarked:WardOff","floor":2},{"not_picked":["theMarked:TwofoldDefense","theMarked:Memento"],"picked":"theMarked:ElectricStrings","floor":3},{"not_picked":["theMarked:ShockingTouch","theMarked:HeightenedSenses"],"picked":"theMarked:ParalyzingBlade","floor":5},{"not_picked":["theMarked:TwofoldDefense","theMarked:KeepCalmAndFight"],"picked":"theMarked:BanishingStrike","floor":6},{"not_picked":["theMarked:Polarize","theMarked:LightningStrikesTwice"],"picked":"theMarked:Toughness+1","floor":10},{"not_picked":["theMarked:ResourceFulStrike","theMarked:BanishingWave"],"picked":"theMarked:ContemptForTheProud","floor":11},{"not_picked":["theMarked:BanishingStrike","theMarked:WastefulAttack","theMarked:Electrocute"],"picked":"SKIP","floor":12},{"not_picked":["theMarked:Frustration","theMarked:ChainLightning","theMarked:LightningStrikesTwice"],"picked":"SKIP","floor":13},{"not_picked":["theMarked:Parkour","theMarked:GodGivenPower+1","theMarked:ShockingTouch"],"picked":"SKIP","floor":14},{"not_picked":["theMarked:MagusForm+1","theMarked:DispelDoubt"],"picked":"theMarked:BindingBlade","floor":16},{"not_picked":["theMarked:Overcharge","theMarked:Opportunist+1","theMarked:TunnelVision"],"picked":"SKIP","floor":18},{"not_picked":["theMarked:ChainLightning","theMarked:Panic"],"picked":"theMarked:Pokerface","floor":20},{"not_picked":["theMarked:ChainLightning","theMarked:Indomitable"],"picked":"theMarked:HeightenedSenses","floor":22},{"not_picked":["theMarked:TakeCover","theMarked:Aftermath+1","theMarked:Reabsorb"],"picked":"SKIP","floor":29},{"not_picked":["theMarked:HeightenedSenses+1","theMarked:WardOff"],"picked":"theMarked:Overthink+1","floor":30},{"not_picked":["theMarked:Defy","theMarked:Snap"],"picked":"theMarked:BiggerThanFate","floor":33},{"not_picked":["theMarked:WastefulAttack","theMarked:WardOff+1"],"picked":"theMarked:Determination+1","floor":35},{"not_picked":["theMarked:BanishingStrike","theMarked:BanishingWave+1"],"picked":"theMarked:RepellingDischarge+1","floor":37},{"not_picked":["theMarked:CreepingChasm+1","theMarked:EmpowerWeapon","theMarked:ChannelForce+1"],"picked":"SKIP","floor":39}],"player_experience":709686,"relics_obtained":[{"floor":6,"key":"Frozen Egg 2"},{"floor":9,"key":"StrikeDummy"},{"floor":11,"key":"Odd Mushroom"},{"floor":26,"key":"Matryoshka"}],"event_choices":[{"damage_healed":43,"gold_gain":0,"player_choice":"Upgrade","damage_taken":14,"max_hp_gain":0,"max_hp_loss":70,"event_name":"betterThird:BetterShining","floor":8,"gold_loss":0,"cards_upgraded":["theMarked:ElectricStrings","theMarked:WardOff"]},{"damage_healed":0,"gold_gain":0,"player_choice":"Fought Mushrooms","damage_taken":0,"max_hp_gain":0,"max_hp_loss":0,"event_name":"Mushrooms","floor":11,"gold_loss":0},{"damage_healed":0,"gold_gain":0,"player_choice":"Stole Relic","damage_taken":0,"relics_obtained":["Eternal Feather"],"max_hp_gain":0,"max_hp_loss":0,"event_name":"Addict","floor":21,"gold_loss":0,"cards_obtained":["Shame"]},{"damage_healed":0,"gold_gain":0,"player_choice":"Shed Blood","damage_taken":18,"max_hp_gain":5,"max_hp_loss":0,"event_name":"Forgotten Altar","floor":24,"gold_loss":0},{"damage_healed":0,"gold_gain":0,"cards_transformed":["theMarked:ContemptForTheProud"],"player_choice":"Transformed","damage_taken":0,"max_hp_gain":0,"max_hp_loss":0,"event_name":"Transmorgrifier","floor":27,"gold_loss":0,"cards_obtained":["theMarked:TurnInvisible"]},{"damage_healed":0,"gold_gain":0,"player_choice":"Upgraded","damage_taken":0,"max_hp_gain":0,"max_hp_loss":0,"event_name":"Upgrade Shrine","floor":38,"gold_loss":0,"cards_upgraded":["theMarked:StartUp"]}],"is_beta":false,"boss_relics":[{"not_picked":["Pandora\u0027s Box","SlaversCollar"],"picked":"theMarked:Eyepatch"},{"not_picked":["Calling Bell","Astrolabe"],"picked":"Runic Pyramid"}],"items_purged_floors":[4,19,19,19,19,31,31,31,36,36],"is_endless":false,"potions_floor_spawned":[1,2,12,14,20,22,30,37],"killed_by":"Giant Head","ascension_level":0}}