{"host":"pqs17sqrgflf4eqa","time":1613340964,"event":{"mods":["AchievementEnabler","BaseMod","Bestiary","Better Altar","Better Match","Better Skull","Block Reminder","Bossed Relics","Colored Map","Colored Powertips","Curses Come First","Dark Map","DeckTracker","Defective Defect","Displayed Cursed Tome","Emptier Cage","Googly Eyes","Highlight Path","Minty Spire (QoL Compilation)","Quick Restart","Slay-I","StSLib","SuperFastMode","Synergy Search","Thieving Mod","Transform Curses","everything is the same but u backflip on backflip","slay the spire mod where everything is the same but ironclad has a cowboy hat"],"gold_per_floor":[113,123,123,198,218,218,251,251,251,251,6,33,53,53,53,53,53],"floor_reached":16,"language":"ENG","playtime":328,"items_purged":[],"score":143,"play_id":"a438b198-c6ca-4471-8a38-409bb9cb64b5","local_time":"20210214171604","is_ascension_mode":true,"campfire_choices":[{"data":"Neutralize","floor":6,"key":"SMITH"},{"floor":8,"key":"REST"},{"floor":15,"key":"REST"}],"circlet_count":0,"master_deck":["Strike_G","Strike_G","Strike_G","Strike_G","Strike_G","Defend_G","Defend_G","Defend_G","Defend_G","Defend_G","Survivor","Neutralize+1","Poisoned Stab","Deadly Poison+1","Sucker Punch","Dagger Spray","Footwork","Deflect","Blur"],"relics":["Ring of the Snake","NeowsBlessing","Gremlin Horn","Kunai","Strange Spoon","Boot"],"acts_visited":["Exordium"],"potions_floor_usage":[12,12,14],"damage_taken":[{"damage":0,"enemies":"Cultist","floor":1,"turns":1},{"damage":0,"enemies":"Small Slimes","floor":2,"turns":1},{"damage":0,"enemies":"2 Louse","floor":5,"turns":1},{"damage":49,"enemies":"3 Sentries","floor":7,"turns":10},{"damage":23,"enemies":"Lagavulin","floor":12,"turns":4},{"damage":0,"enemies":"Lots of Slimes","floor":13,"turns":1},{"damage":0,"enemies":"Exordium Wildlife","floor":14,"turns":1},{"damage":27,"enemies":"The Guardian","floor":16,"turns":5}],"seed_played":"-1798004615207870906","potions_obtained":[{"floor":7,"key":"LiquidBronze"},{"floor":12,"key":"SmokeBomb"}],"is_trial":false,"path_per_floor":["M","M","?","?","M","R","E","R","T","?","$","E","M","M","R","B"],"character_chosen":"THE_SILENT","items_purchased":["Footwork","CunningPotion","SteroidPotion","Deflect"],"campfire_rested":2,"item_purchase_floors":[11,11,11,11],"current_hp_per_floor":[63,63,63,56,56,56,7,28,28,28,28,5,5,5,26,0,0],"gold":53,"neow_bonus":"THREE_ENEMY_KILL","is_daily":false,"chose_seed":false,"campfire_upgraded":1,"win_rate":0.0,"timestamp":1613340964,"path_taken":["M","?","?","?","?","R","E","R","T","?","$","E","M","M","R","BOSS"],"items_purchased_type":["Card","Potion","Potion","Card"],"build_version":"2020-12-22","purchased_purges":0,"victory":false,"max_hp_per_floor":[70,70,70,70,70,70,70,70,70,70,70,70,70,70,70,70,70],"card_choices":[{"not_picked":["Acrobatics","Blade Dance"],"picked":"Poisoned Stab","floor":1},{"not_picked":["Acrobatics","Slice"],"picked":"Deadly Poison","floor":2},{"not_picked":["Caltrops","Cloak And Dagger"],"picked":"Sucker Punch","floor":5},{"not_picked":["Bane","Infinite Blades"],"picked":"Dagger Spray","floor":7},{"not_picked":["Dagger Throw","Underhanded Strike","Blade Dance"],"picked":"SKIP","floor":12},{"not_picked":["Heel Hook","Venomology"],"picked":"Blur","floor":13}],"player_experience":209194,"relics_obtained":[{"floor":7,"key":"Gremlin Horn"},{"floor":9,"key":"Kunai"},{"floor":12,"key":"Boot"}],"event_choices":[{"damage_healed":0,"gold_gain":0,"player_choice":"Leave","damage_taken":0,"max_hp_gain":0,"max_hp_loss":0,"event_name":"The Cleric","floor":3,"gold_loss":0},{"damage_healed":0,"gold_gain":75,"player_choice":"Touch","damage_taken":7,"max_hp_gain":0,"max_hp_loss":0,"event_name":"FaceTrader","floor":4,"gold_loss":0},{"damage_healed":0,"gold_gain":0,"player_choice":"Grow","damage_taken":0,"max_hp_gain":0,"max_hp_loss":0,"event_name":"Living Wall","floor":10,"gold_loss":0,"cards_upgraded":["Deadly Poison"]}],"is_beta":false,"boss_relics":[],"items_purged_floors":[],"is_endless":false,"potions_floor_spawned":[7,12,14],"killed_by":"The Guardian","ascension_level":6}}