{"host":"c83fcgyuu74iknko","time":1613306516,"event":{"mods":["BaseMod","BetterRewards","Colored Map","Colored Powertips","Minty Spire (QoL Compilation)","Quick Restart","StSLib","The Animator","The Senshi"],"gold_per_floor":[113,113,63,82,112,143,143,159,159,170,198,214,66,84,84,179,179,190,9,9,9,25,25,25,25],"floor_reached":24,"language":"ENG","playtime":1252,"items_purged":["animator:Strike","animator:Defend"],"score":325,"play_id":"6c07114f-43e7-423c-84b4-8c4917854fb6","local_time":"20210214044156","is_ascension_mode":false,"campfire_choices":[{"data":"animator:Millim","floor":15,"key":"SMITH"}],"circlet_count":0,"master_deck":["animator:Strike_TenSura","animator:Defend_TenSura","animator:Defend+1","animator:Defend","animator:Benimaru","animator:Shuna","animator:Hakurou","animator:HigakiRinne","animator:Millim+1","animator:GazelDwargon","animator:Shion","animator:Kaijin","animator:Zero","animator:Magilou"],"relics":["animator:LivingPicture","animator:ColorlessFragment","Dead Branch","animator:Hoodie","Oddly Smooth Stone","Chemical X","Philosopher\u0027s Stone"],"acts_visited":["Exordium","TheCity"],"potions_floor_usage":[6,11,22,24,24],"damage_taken":[{"damage":7,"enemies":"Small Slimes","floor":1,"turns":4},{"damage":0,"enemies":"2 Louse","floor":4,"turns":4},{"damage":0,"enemies":"Jaw Worm","floor":5,"turns":4},{"damage":16,"enemies":"Gremlin Nob","floor":6,"turns":4},{"damage":0,"enemies":"Large Slime","floor":8,"turns":8},{"damage":0,"enemies":"Blue Slaver","floor":10,"turns":4},{"damage":0,"enemies":"Gremlin Gang","floor":11,"turns":5},{"damage":0,"enemies":"2 Fungi Beasts","floor":12,"turns":4},{"damage":0,"enemies":"Blue Slaver","floor":14,"turns":6},{"damage":28,"enemies":"Slime Boss","floor":16,"turns":7},{"damage":28,"enemies":"2 Thieves","floor":18,"turns":4},{"damage":0,"enemies":"Chosen","floor":22,"turns":5},{"damage":24,"enemies":"Gremlin Leader","floor":24,"turns":2}],"seed_played":"-1872901689366182718","potions_obtained":[{"floor":4,"key":"Strength Potion"},{"floor":8,"key":"SneckoOil"},{"floor":10,"key":"BlessingOfTheForge"},{"floor":11,"key":"EssenceOfSteel"},{"floor":14,"key":"Dexterity Potion"},{"floor":18,"key":"ColorlessPotion"}],"is_trial":false,"path_per_floor":["M","?","?","M","M","E","?","M","T","M","M","M","$","M","R","B",null,"M","$","?","?","M","?","E"],"character_chosen":"THE_ANIMATOR","items_purchased":["animator:ColorlessFragment","Chemical X","animator:Kaijin"],"campfire_rested":0,"item_purchase_floors":[0,13,19],"current_hp_per_floor":[53,50,50,50,50,34,27,30,30,34,37,40,40,44,44,16,83,55,55,39,39,42,23,0,0],"gold":25,"neow_bonus":"","is_daily":false,"chose_seed":false,"campfire_upgraded":1,"win_rate":0.0,"timestamp":1613306516,"path_taken":["M","?","?","M","M","E","?","M","T","M","M","M","$","M","R","BOSS","M","$","?","?","M","?","E"],"items_purchased_type":["Relic","Relic","Card"],"build_version":"2020-12-22","purchased_purges":2,"victory":false,"max_hp_per_floor":[66,66,66,66,66,66,66,69,69,73,76,79,79,83,83,83,83,83,83,88,88,91,91,91,91],"card_choices":[{"not_picked":["animator:Priestess","animator:LizardPriest","animator:Mitsuba"],"picked":"SKIP","floor":1},{"not_picked":["animator:OrikoMikuni","animator:Yuuichirou","animator:Mitsuba"],"picked":"SKIP","floor":4},{"not_picked":["animator:Shuna","animator:Benimaru"],"picked":"animator:Hakurou","floor":5},{"not_picked":["animator:Konayuki","animator:SuzuneAmano"],"picked":"animator:HigakiRinne","floor":6},{"not_picked":["animator:Nanami","animator:NarberalGamma","animator:HighElfArcher"],"picked":"SKIP","floor":8},{"not_picked":["animator:GazelDwargon","animator:Shion"],"picked":"animator:Millim","floor":10},{"not_picked":["animator:Mitsuba","animator:YuiTsuruno"],"picked":"animator:GazelDwargon","floor":11},{"not_picked":["animator:Demiurge","animator:Entoma","animator:Mitsuba"],"picked":"SKIP","floor":12},{"not_picked":["animator:Benimaru","animator:GazelDwargon"],"picked":"animator:Shion","floor":14},{"not_picked":["animator:Konayuki","animator:Witch+1","animator:Hakurou"],"picked":"SKIP","floor":18},{"not_picked":["animator:Entoma","animator:Hakurou","animator:Mitsuba"],"picked":"SKIP","floor":22}],"player_experience":276642,"relics_obtained":[{"floor":6,"key":"animator:Hoodie"},{"floor":9,"key":"Oddly Smooth Stone"}],"event_choices":[{"damage_healed":0,"gold_gain":0,"player_choice":"Success","damage_taken":3,"relics_obtained":["Dead Branch"],"max_hp_gain":0,"max_hp_loss":0,"event_name":"Scrap Ooze","floor":2,"gold_loss":0},{"cards_removed":["animator:Strike"],"damage_healed":0,"gold_gain":0,"player_choice":"Card Removal","damage_taken":0,"max_hp_gain":0,"max_hp_loss":0,"event_name":"The Cleric","floor":3,"gold_loss":50},{"cards_removed":["animator:Strike"],"damage_healed":0,"gold_gain":0,"player_choice":"Card Removal","damage_taken":7,"max_hp_gain":0,"max_hp_loss":0,"event_name":"Golden Wing","floor":7,"gold_loss":0},{"damage_healed":0,"gold_gain":0,"player_choice":"Shed Blood","damage_taken":21,"max_hp_gain":5,"max_hp_loss":0,"event_name":"Forgotten Altar","floor":20,"gold_loss":0},{"damage_healed":0,"gold_gain":0,"player_choice":"CARD CARD ","damage_taken":19,"max_hp_gain":0,"max_hp_loss":0,"event_name":"Knowing Skull","floor":23,"potions_obtained":[],"gold_loss":0,"cards_obtained":["animator:Zero","animator:Magilou"]}],"is_beta":false,"boss_relics":[{"not_picked":["SlaversCollar","Empty Cage"],"picked":"Philosopher\u0027s Stone"}],"items_purged_floors":[0,19],"is_endless":false,"potions_floor_spawned":[4,8,10,11,14,18],"killed_by":"Gremlin Leader","ascension_level":0}}