{"host":"5dk97cf2ubw2v967","time":1613325671,"event":{"mods":["AlwaysNeverKeys","BaseMod","Better Altar","Better Vampires","Block Reminder","Card Filter","Colored Powertips","Downfall","Googly Eyes","Highlight Path","Minty Spire (QoL Compilation)","Permanent Neow","Potion Indicator Mod","Quick Restart","Relic Filter","Relic Stats","Say the Spire","Spicy Shops","StSLib","Waifu the Spire","everything is the same but u backflip on backflip"],"gold_per_floor":[112,112,112,126,126,126,156,156,156,178,218,245,277,308,320,332,332],"floor_reached":16,"language":"ENG","playtime":383,"items_purged":[],"score":224,"play_id":"3cf07aff-bc09-4ee8-a568-7f8a5d72fda4","local_time":"20210214180111","is_ascension_mode":true,"campfire_choices":[{"data":"Carnage","floor":6,"key":"SMITH"},{"data":"Hemokinesis","floor":8,"key":"SMITH"},{"data":"Ghostly Armor","floor":15,"key":"SMITH"}],"circlet_count":0,"master_deck":["AscendersBane","Strike_R","Strike_R","Strike_R","Strike_R","Strike_R","Defend_R","Defend_R","Defend_R","Bash","Bloodletting","Carnage+1","Ghostly Armor+1","Hemokinesis+1","Hemokinesis","Dropkick","Thunderclap","Dropkick","Ghostly Armor"],"relics":["Burning Blood","Self Forming Clay","Pen Nib","MawBank","Omamori"],"acts_visited":["Exordium"],"potions_floor_usage":[12,13,16],"damage_taken":[{"damage":4,"enemies":"Cultist","floor":1,"turns":3},{"damage":3,"enemies":"Small Slimes","floor":4,"turns":4},{"damage":29,"enemies":"Gremlin Nob","floor":7,"turns":4},{"damage":1,"enemies":"2 Louse","floor":10,"turns":3},{"damage":32,"enemies":"Lagavulin","floor":11,"turns":5},{"damage":4,"enemies":"Red Slaver","floor":12,"turns":2},{"damage":2,"enemies":"Gremlin Gang","floor":13,"turns":2},{"damage":11,"enemies":"Large Slime","floor":14,"turns":2},{"damage":28,"enemies":"The Guardian","floor":16,"turns":7}],"seed_played":"2272707707690300728","potions_obtained":[{"floor":1,"key":"Block Potion"},{"floor":10,"key":"Fire Potion"},{"floor":13,"key":"SteroidPotion"}],"is_trial":false,"path_per_floor":["M","?","?","M","?","R","E","R","T","M","E","M","M","M","R","B"],"character_chosen":"IRONCLAD","items_purchased":[],"campfire_rested":0,"item_purchase_floors":[],"current_hp_per_floor":[70,52,75,75,75,75,52,52,52,57,31,33,37,32,32,4,4],"gold":332,"neow_bonus":"THREE_CARDS","is_daily":false,"chose_seed":false,"campfire_upgraded":3,"win_rate":0.0,"timestamp":1613325671,"path_taken":["M","?","?","M","?","R","E","R","T","?","E","M","M","?","R","BOSS"],"items_purchased_type":[],"build_version":"2020-12-22","purchased_purges":0,"victory":false,"max_hp_per_floor":[75,75,75,75,75,75,75,75,75,75,75,75,75,75,75,75,75],"relic_stats":{"counters":[9,32],"Self Forming Clay":[57],"Pen Nib":[3],"MawBank":84,"obtain_stats":[{"Self Forming Clay":2,"Pen Nib":7,"Omamori":11,"MawBank":9,"Burning Blood":0},{"Self Forming Clay":1,"Pen Nib":3,"Omamori":5,"MawBank":3,"Burning Blood":0},{"Self Forming Clay":3,"Pen Nib":11,"Omamori":19,"MawBank":11,"Burning Blood":0}],"Burning Blood":45},"card_choices":[{"not_picked":["Twin Strike","Pommel Strike"],"picked":"Bloodletting","floor":0},{"not_picked":["Anger","True Grit"],"picked":"Carnage","floor":1},{"not_picked":["Headbutt","Twin Strike"],"picked":"Ghostly Armor","floor":4},{"not_picked":["Flex","Searing Blow"],"picked":"Hemokinesis","floor":7},{"not_picked":["Thunderclap","Reckless Charge"],"picked":"Hemokinesis","floor":10},{"not_picked":["Twin Strike","True Grit"],"picked":"Dropkick","floor":11},{"not_picked":["Armaments","Anger"],"picked":"Thunderclap","floor":12},{"not_picked":["Anger","Warcry"],"picked":"Dropkick","floor":13},{"not_picked":["Pummel","Barricade"],"picked":"Ghostly Armor","floor":14}],"player_experience":1319327,"relics_obtained":[{"floor":7,"key":"Pen Nib"},{"floor":9,"key":"MawBank"},{"floor":11,"key":"Omamori"}],"event_choices":[{"damage_healed":0,"gold_gain":0,"player_choice":"Success","damage_taken":18,"relics_obtained":["Self Forming Clay"],"max_hp_gain":0,"max_hp_loss":0,"event_name":"Scrap Ooze","floor":2,"gold_loss":0},{"damage_healed":25,"gold_gain":0,"player_choice":"Banana","damage_taken":0,"max_hp_gain":0,"max_hp_loss":0,"event_name":"Big Fish","floor":3,"gold_loss":0},{"cards_removed":["Defend_R"],"damage_healed":0,"gold_gain":0,"player_choice":"Offered Basic","damage_taken":0,"max_hp_gain":0,"max_hp_loss":0,"event_name":"Bonfire Elementals","floor":5,"gold_loss":0}],"is_beta":false,"boss_relics":[],"items_purged_floors":[],"is_endless":false,"potions_floor_spawned":[1,10,13],"killed_by":"The Guardian","ascension_level":20}}