{"host":"5h6e4l6hpn0p5lap","time":1613334897,"event":{"mods":["AchievementEnabler","BaseMod","Better Altar","Better Match","Better Sensory Stone","Better Skull","Better Third Choice","Colored Map","Filter the Spire","Minty Spire (QoL Compilation)","StSLib"],"gold_per_floor":[117,82,98,109,127,127,141,141,141,141,171,171,204,29,29,124,124,144,144,144,161,175,195,195,195,221,554,568,298,309,322,322,417,417,430,440,440,440,192,192,245,245,314,314,333,346,96,121,121,121],"floor_reached":51,"language":"ENG","playtime":2676,"items_purged":["Strike_B","Go for the Eyes"],"score":995,"play_id":"f0dce3eb-edb7-4e0f-acd4-843084a53f6f","local_time":"20210214153457","is_ascension_mode":true,"campfire_choices":[{"data":"Cold Snap","floor":6,"key":"SMITH"},{"floor":8,"key":"REST"},{"data":"Zap","floor":10,"key":"SMITH"},{"floor":15,"key":"REST"},{"floor":24,"key":"REST"},{"floor":32,"key":"REST"},{"floor":40,"key":"REST"},{"floor":42,"key":"REST"},{"floor":49,"key":"REST"}],"circlet_count":0,"master_deck":["Zap+1","Dualcast","Cold Snap+1","Leap","Steam","Gash","Rebound","Ball Lightning","Rip and Tear","Conserve Battery","Electrodynamics","Cold Snap","Darkness+1","Consume+1","Reinforced Body+1","Scrape","Redo","Sweeping Beam+1","Aggregate+1","All For One","Leap","Compile Driver","Thunder Strike","Creative AI","Storm","Skim","Go for the Eyes+1","Glacier+1","Defragment+1","Ball Lightning+1","Gash+1"],"relics":["Cracked Core","Dream Catcher","Oddly Smooth Stone","Akabeko","Pen Nib","Kunai","ClockworkSouvenir","Fusion Hammer","FaceOfCleric","Anchor","Old Coin","Runic Capacitor","Pandora\u0027s Box","DataDisk","Torii","Letter Opener","Mummified Hand","Lizard Tail"],"acts_visited":["Exordium","TheCity","TheBeyond"],"potions_floor_usage":[11,13,27,33,33],"damage_taken":[{"damage":7,"enemies":"Small Slimes","floor":1,"turns":3},{"damage":5,"enemies":"2 Louse","floor":3,"turns":3},{"damage":4,"enemies":"Jaw Worm","floor":4,"turns":5},{"damage":7,"enemies":"Lots of Slimes","floor":5,"turns":5},{"damage":3,"enemies":"2 Fungi Beasts","floor":7,"turns":4},{"damage":13,"enemies":"Gremlin Nob","floor":11,"turns":4},{"damage":11,"enemies":"3 Sentries","floor":13,"turns":6},{"damage":37,"enemies":"Slime Boss","floor":16,"turns":11},{"damage":11,"enemies":"Spheric Guardian","floor":18,"turns":3},{"damage":0,"enemies":"Chosen","floor":21,"turns":3},{"damage":11,"enemies":"3 Cultists","floor":22,"turns":6},{"damage":12,"enemies":"Centurion and Healer","floor":23,"turns":5},{"damage":31,"enemies":"Slavers","floor":27,"turns":3},{"damage":0,"enemies":"Sentry and Sphere","floor":28,"turns":5},{"damage":0,"enemies":"Cultist and Chosen","floor":30,"turns":4},{"damage":0,"enemies":"Shelled Parasite and Fungi","floor":31,"turns":5},{"damage":30,"enemies":"Automaton","floor":33,"turns":11},{"damage":0,"enemies":"Orb Walker","floor":35,"turns":3},{"damage":0,"enemies":"3 Shapes","floor":36,"turns":4},{"damage":39,"enemies":"2 Orb Walkers","floor":41,"turns":4},{"damage":1,"enemies":"3 Darklings","floor":45,"turns":3},{"damage":22,"enemies":"Jaw Worm Horde","floor":46,"turns":3},{"damage":37,"enemies":"Nemesis","floor":48,"turns":7},{"damage":52,"enemies":"Time Eater","floor":50,"turns":9}],"seed_played":"-6482509008532613215","potions_obtained":[{"floor":1,"key":"Dexterity Potion"},{"floor":4,"key":"DistilledChaos"},{"floor":7,"key":"PowerPotion"},{"floor":16,"key":"Strength Potion"},{"floor":18,"key":"Explosive Potion"},{"floor":23,"key":"Energy Potion"},{"floor":28,"key":"AttackPotion"},{"floor":30,"key":"LiquidBronze"},{"floor":41,"key":"Strength Potion"},{"floor":45,"key":"DuplicationPotion"},{"floor":48,"key":"PotionOfCapacity"}],"is_trial":false,"path_per_floor":["M","?","M","M","M","R","M","R","T","R","E","?","E","$","R","B",null,"M","?","?","M","M","M","R","?","T","E","M","$","M","M","R","B",null,"M","M","?","?","$","R","?","R","T","?","M","M","$","E","R","B",null],"character_chosen":"DEFECT","items_purchased":["ClockworkSouvenir","Conserve Battery","Runic Capacitor","Redo","DataDisk","Mummified Hand"],"campfire_rested":7,"item_purchase_floors":[14,14,29,29,39,47],"current_hp_per_floor":[61,75,70,66,59,59,56,75,75,75,62,44,33,33,55,18,61,50,75,75,76,66,55,78,78,78,48,49,49,50,51,75,46,74,75,76,76,76,76,81,43,67,67,67,67,46,46,10,35,27],"gold":121,"neow_bonus":"RANDOM_COMMON_RELIC","is_daily":false,"chose_seed":false,"campfire_upgraded":2,"win_rate":0.0,"timestamp":1613334897,"path_taken":["M","?","M","M","M","R","M","R","T","R","E","?","E","$","R","BOSS","M","?","?","M","?","M","R","?","T","E","?","$","M","M","R","BOSS","M","?","?","?","$","R","?","R","T","?","M","M","$","E","R","BOSS"],"items_purchased_type":["Relic","Card","Relic","Card","Relic","Relic"],"build_version":"2020-12-22","purchased_purges":2,"victory":true,"max_hp_per_floor":[75,75,75,75,75,75,75,75,75,75,75,75,75,75,75,75,75,75,75,75,76,77,78,78,78,78,79,80,80,81,82,82,83,83,84,85,81,81,81,81,82,82,82,82,83,84,84,85,85,86],"card_choices":[{"not_picked":["Storm","Conserve Battery"],"picked":"Cold Snap","floor":1},{"not_picked":["Cold Snap","White Noise"],"picked":"Leap","floor":3},{"not_picked":["Stack","Barrage"],"picked":"Steam","floor":4},{"not_picked":["Streamline","Static Discharge"],"picked":"Gash","floor":5},{"not_picked":["Hologram","Reboot"],"picked":"Rebound","floor":7},{"not_picked":["Lockon","Self Repair"],"picked":"Go for the Eyes","floor":8},{"not_picked":["Conserve Battery","Hologram"],"picked":"Ball Lightning","floor":11},{"not_picked":["Tempest","Steam"],"picked":"Rip and Tear","floor":13},{"not_picked":["All For One","Machine Learning"],"picked":"Electrodynamics","floor":16},{"not_picked":["Leap","Rebound"],"picked":"Cold Snap","floor":18},{"not_picked":["Leap","Rebound+1","Streamline+1"],"picked":"SKIP","floor":21},{"not_picked":["Amplify","Static Discharge","Barrage"],"picked":"SKIP","floor":22},{"not_picked":["Beam Cell","Streamline"],"picked":"Darkness+1","floor":23},{"not_picked":["Stack","Barrage"],"picked":"Consume+1","floor":24},{"not_picked":["Genetic Algorithm","Reprogram"],"picked":"Reinforced Body+1","floor":27},{"not_picked":["Turbo+1","Blizzard"],"picked":"Scrape","floor":28},{"not_picked":["Go for the Eyes","Conserve Battery+1"],"picked":"Sweeping Beam+1","floor":30},{"not_picked":["Capacitor","Consume"],"picked":"Aggregate+1","floor":31},{"not_picked":["Core Surge","Thunder Strike"],"picked":"All For One","floor":33},{"not_picked":["Compile Driver+1","Lockon+1"],"picked":"Go for the Eyes+1","floor":35},{"not_picked":["Barrage","Streamline"],"picked":"Glacier+1","floor":36},{"not_picked":["Coolheaded+1","Force Field+1"],"picked":"Defragment+1","floor":41},{"not_picked":["Streamline+1","Blizzard+1","Redo"],"picked":"SKIP","floor":45},{"not_picked":["Heatsinks+1","Go for the Eyes+1","Streamline"],"picked":"SKIP","floor":46},{"not_picked":["Leap","Scrape"],"picked":"Ball Lightning+1","floor":48},{"not_picked":["Go for the Eyes","All For One"],"picked":"Gash+1","floor":49}],"player_experience":1115812,"relics_obtained":[{"floor":9,"key":"Oddly Smooth Stone"},{"floor":11,"key":"Akabeko"},{"floor":13,"key":"Kunai"},{"floor":26,"key":"Anchor"},{"floor":27,"key":"Old Coin"},{"floor":41,"key":"Torii"},{"floor":43,"key":"Letter Opener"},{"floor":48,"key":"Lizard Tail"}],"event_choices":[{"damage_healed":18,"gold_gain":0,"player_choice":"Healed","damage_taken":0,"max_hp_gain":0,"max_hp_loss":0,"event_name":"The Cleric","floor":2,"gold_loss":35},{"damage_healed":0,"gold_gain":0,"player_choice":"Relic ","damage_taken":18,"max_hp_gain":0,"max_hp_loss":0,"event_name":"betterThird:BetterScrap","floor":12,"gold_loss":0,"cards_obtained":["Expertise"]},{"damage_healed":25,"gold_gain":0,"player_choice":"Heal","damage_taken":0,"max_hp_gain":0,"max_hp_loss":0,"event_name":"The Library","floor":19,"gold_loss":0},{"damage_healed":0,"gold_gain":0,"player_choice":"Trade","damage_taken":0,"relics_obtained":["FaceOfCleric"],"max_hp_gain":0,"max_hp_loss":0,"event_name":"FaceTrader","floor":20,"gold_loss":0},{"damage_healed":0,"gold_gain":0,"player_choice":"Ignored","damage_taken":0,"max_hp_gain":0,"max_hp_loss":0,"event_name":"N\u0027loth","floor":25,"gold_loss":0},{"damage_healed":0,"gold_gain":0,"player_choice":"Max HP","damage_taken":0,"max_hp_gain":0,"max_hp_loss":4,"event_name":"Winding Halls","floor":37,"gold_loss":0},{"cards_removed":["Lockon"],"damage_healed":0,"gold_gain":0,"player_choice":"Removed Attack","damage_taken":0,"max_hp_gain":0,"max_hp_loss":0,"event_name":"Falling","floor":38,"gold_loss":0},{"damage_healed":0,"gold_gain":0,"player_choice":"Fight","damage_taken":0,"max_hp_gain":0,"max_hp_loss":0,"event_name":"Mysterious Sphere","floor":41,"gold_loss":0},{"damage_healed":0,"gold_gain":0,"player_choice":"Ignored","damage_taken":0,"max_hp_gain":0,"max_hp_loss":0,"event_name":"Tomb of Lord Red Mask","floor":44,"gold_loss":0}],"is_beta":false,"boss_relics":[{"not_picked":["Inserter","Nuclear Battery"],"picked":"Fusion Hammer"},{"not_picked":["Coffee Dripper","Snecko Eye"],"picked":"Pandora\u0027s Box"}],"items_purged_floors":[29,39],"is_endless":false,"potions_floor_spawned":[1,4,7,16,18,23,28,30,33,41,45,48],"ascension_level":8}}