{"host":"dn2xyj3kd3d9cfyb","time":1613309737,"event":{"mods":["BaseMod","Conspire","Hero for Fun","Hubris","Marisa£®ÏF”Í°°ƒß¿Ì…≥£©","Minty Spire (QoL Compilation)","Reimu£®≤©¿ˆ¡È√Œ£©","Remilia£®¿Ÿ√◊¿Ú—«£©","Replay The Spire","Shop Mod","StSLib","The Administrix","The Animator","The Construct","The Cursed","The Mystic","Youmu£®ªÍ∆«—˝√Œ£©","Yuri Mod","Yuyuko"],"gold_per_floor":[110,110,110,110,110,110,110,174,174,80,107,157,222,272,272,371,371,389,439,395,408,293,293,373,223,246,310,360,410,263,313,313,414,414,429,754,821,871,1920,1578,1578,1628,1649,1670,1732,1806,1898,1972,1984,2147,2168,2203,2265,2355,721,9,9],"floor_reached":56,"language":"ZHS","playtime":1170,"items_purged":[],"score":1722,"play_id":"279e5dd0-54ad-4ab1-a68a-2f4043fe75b6","local_time":"20210214213537","daily_mods":["Draft","Hoarder","Shiny","Vintage","Heirloom","Time Dilation","Flight","Cursed Run"],"is_ascension_mode":false,"campfire_choices":[{"data":"construct:ClockworkEgg","floor":6,"key":"SMITH"},{"data":"construct:ClockworkEgg+1","floor":7,"key":"SMITH"},{"data":"construct:ClockworkEgg+2","floor":15,"key":"SMITH"},{"data":"Dramatic Entrance","floor":23,"key":"SMITH"},{"data":"Dramatic Entrance","floor":32,"key":"SMITH"},{"data":"Dramatic Entrance","floor":41,"key":"SMITH"},{"floor":44,"key":"REST"},{"data":"Dramatic Entrance","floor":49,"key":"SMITH"}],"circlet_count":0,"master_deck":["Demon Form","Wraith Form v2","Echo Form","DevaForm","BatForm","yuri:GhostForm","construct:HammerDown","construct:BatteryCore","construct:SpinDrive","construct:LongRangeLance+1","construct:GoldenBullet","construct:ShieldBurst","construct:Afterburners","construct:MemoryTap","construct:PanicFire","construct:Multistage","construct:HyperBeam","construct:GatlingGun","construct:ShiftingStance+1","construct:HastyRepair","construct:MassProduction","construct:DarkFlames","construct:Reserves","construct:SiegeForm","construct:ShieldGenerator","construct:ClockworkEgg+3","construct:FocusedBeam","construct:FocusedBeam","construct:FocusedBeam","construct:SweepLaser","construct:SweepLaser","construct:Enhance","construct:Enhance","construct:Enhance","construct:MoltenSmash","construct:MoltenSmash","construct:MoltenSmash","construct:Accumulate","construct:Accumulate","construct:Accumulate","construct:SweepLaser","construct:SweepLaser","construct:SweepLaser","construct:Chainstrike","construct:Chainstrike","construct:Chainstrike","construct:UnbalancingBlast","construct:UnbalancingBlast","construct:UnbalancingBlast","construct:CripplingShot","construct:CripplingShot","construct:CripplingShot","construct:Anticipate","construct:Anticipate","construct:Anticipate+1","construct:FierceBash","construct:FierceBash","construct:FierceBash","construct:Backfire","construct:Backfire","construct:Backfire","construct:PhosphorStorm","construct:PhosphorStorm","construct:PhosphorStorm","construct:FocusedBeam","construct:FocusedBeam","construct:FocusedBeam","construct:SuppressiveFire","construct:SuppressiveFire","construct:SuppressiveFire","construct:Chainstrike","construct:Chainstrike","construct:Chainstrike","construct:CriticalHit","construct:CriticalHit","construct:CriticalHit","construct:UnbalancingBlast","construct:UnbalancingBlast","construct:UnbalancingBlast","construct:Reinforce+1","construct:Reinforce","construct:Reinforce","construct:Enhance","construct:Enhance","construct:Enhance","construct:Analyze","construct:Analyze","construct:Analyze","Violence+1","Violence","Violence","Purity","Purity","Purity","Overencumbered","Overencumbered","Overencumbered","construct:CreateCores","construct:CreateCores","construct:CreateCores","Replay:Sluggish","Replay:Sluggish","Replay:Sluggish","construct:BatteryCore","construct:BatteryCore","construct:BatteryCore","Dramatic Entrance+1","Dramatic Entrance+1","Dramatic Entrance+1","Dramatic Entrance+1","Dramatic Entrance","Dramatic Entrance","construct:SuppressiveFire","construct:SuppressiveFire","construct:SuppressiveFire","conspire:SpireCoStock","conspire:SpireCoStock","conspire:SpireCoStock","conspire:SpireCoStock","conspire:SpireCoStock","conspire:SpireCoStock","conspire:SpireCoStock","conspire:SpireCoStock","conspire:SpireCoStock","conspire:SpireCoStock","conspire:SpireCoStock","conspire:SpireCoStock","Hallucinations","Hallucinations","Hallucinations","Amnesia","Amnesia","Amnesia","RitualDagger","RitualDagger","RitualDagger","Pain","Pain","Pain","construct:MassProduction","construct:MassProduction","construct:MassProduction","Pain","Pain","Pain","Hallucinations","Hallucinations","Hallucinations","Regret","Regret","Regret","Writhe","Writhe","Writhe","Normality","Normality","Normality","Normality","Normality","Normality","construct:ClockworkEgg+3","construct:ClockworkEgg+3","construct:ClockworkEgg+3","ReplayTheSpireMod:Splinters","ReplayTheSpireMod:Splinters","ReplayTheSpireMod:Splinters","construct:BatteryCore","construct:BatteryCore","construct:BatteryCore","construct:MetalShell","construct:MetalShell","construct:MetalShell","construct:PowerUp","construct:PowerUp","construct:PowerUp","yuri:RhapsodyCurse","yuri:RhapsodyCurse","yuri:RhapsodyCurse","construct:SpinDrive","construct:SpinDrive","construct:SpinDrive","AbeCurse","AbeCurse","AbeCurse","Pot Of Greed+1","Pot Of Greed+1","Pot Of Greed+1","Pot Of Greed+1","Pot Of Greed+1","Pot Of Greed+1","Pot Of Greed+1","Pot Of Greed+1","Pot Of Greed+1","Pot Of Greed+1","Pot Of Greed+1","Pot Of Greed+1","Pot Of Greed+1","Pot Of Greed+1","Pot Of Greed+1","Pot Of Greed+1","Pot Of Greed+1","Pot Of Greed+1","Pot Of Greed+1","Pot Of Greed+1","Pot Of Greed+1","Pot Of Greed+1","Pot Of Greed+1","Pot Of Greed+1","Pot Of Greed+1","Pot Of Greed+1","Pot Of Greed+1","Pot Of Greed+1","Pot Of Greed+1","Pot Of Greed+1","Pot Of Greed+1","Pot Of Greed+1","Pot Of Greed+1","Pot Of Greed+1","Pot Of Greed+1","Pot Of Greed+1","Pot Of Greed+1","Pot Of Greed+1","Pot Of Greed+1","Pot Of Greed+1","Pot Of Greed+1","Pot Of Greed+1","Pot Of Greed+1","Pot Of Greed+1","Pot Of Greed+1","Pot Of Greed+1","Pot Of Greed+1","Pot Of Greed+1"],"relics":["Cursed Key","Darkstone Periapt","Du-Vu Doll","FossilizedHelix","Replay:Bottled Snecko","BargainBundle","SsserpentHead","ScarletDevilRocket","White Beast Statue","Membership Card","Lantern","War Paint","Runic Dome","Oddly Smooth Stone","Unceasing Top","hubris:TenFootPole","Boot","Blue Doll","Letter Opener","Ring of Searing","Ring of Fangs","hubris:Towel","Prayer Wheel","Kintsugi","ReplayTheSpireMod:Lightbulb","Replay:Ringing Soul","Iron Hammer","Guide Book","Thread and Needle","hubris:FruitBowl","hubris:EvacipatedBox","Turnip","DollysMirror","TheAbacus","Ice Cream","Orichalcum","Replay:Bandana","Bag of Preparation","Question Card","Happy Flower","The Courier","Art of War","yuri:PortableGlitches","hubris:PeanutButter","Mirror","MawBank","hubris:Metronome","Dream Catcher","CeramicFish","InkBottle","Pet Ghost","Tea:ReiMu","Snack Pack","hubris:DeckOfHolding","BranchBurnRelic","Abe\u0027s Treasure","Eternal Feather","Onion Ring","ClockworkSouvenir","hubris:MysteriousPyramids","Golden Egg","hubris:OldNail","Gremlin Food","conspire:TopHat","ReplayTheSpireMod:TigerMarble","Shuriken","Garlic","Replay:PocketPolymizer","hubris:AstralHammer","Blood Vial","Potion Belt","construct:BoolHorns","Replay:Mystery Machine","CrazyTorch:ReiMu","Anchor","Mastiff:ReiMu","Juzu Bracelet","AntiCross","Grinning Jar","Akabeko","hubris:TinFlute","Medical Kit","Peace Pipe","conspire:DeflatedDodgeball","hubris:CrystalStatue","Pear","Replay:Rubber Ducky","RuthlessExorcism:ReiMu","conspire:Flyswatter"],"acts_visited":["Exordium","TheCity","TheBeyond","Exordium"],"potions_floor_usage":[18,24],"damage_taken":[{"damage":0,"enemies":"Small Slimes","floor":1,"turns":2},{"damage":0,"enemies":"2 Louse","floor":8,"turns":2},{"damage":18,"enemies":"3 Sentries","floor":11,"turns":5},{"damage":0,"enemies":"Cultist","floor":13,"turns":5},{"damage":41,"enemies":"Hexaghost","floor":16,"turns":5},{"damage":9,"enemies":"3 Byrds","floor":18,"turns":2},{"damage":11,"enemies":"conspire:FuzzyDice","floor":21,"turns":2},{"damage":0,"enemies":"conspire:MimicChest","floor":24,"turns":2},{"damage":0,"enemies":"Shelled Parasite and Fungi","floor":27,"turns":1},{"damage":20,"enemies":"Pondfish","floor":33,"turns":3},{"damage":0,"enemies":"3 Darklings","floor":35,"turns":1},{"damage":0,"enemies":"Orb Walker","floor":37,"turns":1},{"damage":0,"enemies":"Nemesis","floor":46,"turns":1},{"damage":0,"enemies":"Spire Growth","floor":47,"turns":1},{"damage":0,"enemies":"Reptomancer","floor":48,"turns":1},{"damage":0,"enemies":"conspire:OrnateMirror","floor":50,"turns":1},{"damage":0,"enemies":"2 Louse","floor":52,"turns":1},{"damage":0,"enemies":"Cultist","floor":54,"turns":1}],"seed_played":"5696479720626547706","potions_obtained":[{"floor":18,"key":"AttackPotion"},{"floor":24,"key":"Energy Potion"},{"floor":27,"key":"PowerPotion"}],"is_trial":true,"path_per_floor":["M","$","?","$","?","R","R","M","T","$","E","?","M","?","R","B",null,"M","?","$","M","$","R","?","?","T","M","?","?","$","?","R","B",null,"M","?","M","?","?","$","R","$","T","R","?","E","M","E","R","B",null,"M","?","M","$","$"],"character_chosen":"THE_CONSTRUCT_MOD","items_purchased":["BargainBundle","construct:CriticalHit","construct:UnbalancingBlast","construct:Reinforce","construct:Enhance","construct:Analyze","Violence","Purity","construct:MegaPotion","AttackPotion","Reflective Coating","Membership Card","Dramatic Entrance","hubris:TenFootPole","Dramatic Entrance","Fruit Juice","Prayer Wheel","Iron Hammer","Guide Book","Thread and Needle","hubris:FruitBowl","hubris:EvacipatedBox","Turnip","DollysMirror","TheAbacus","Ice Cream","Orichalcum","Replay:Bandana","Bag of Preparation","Question Card","Happy Flower","The Courier","Art of War","yuri:PortableGlitches","hubris:PeanutButter","Mirror","MawBank","hubris:Metronome","Dream Catcher","Dead Branch","CeramicFish","ClockworkSouvenir","hubris:MysteriousPyramids","Golden Egg","hubris:OldNail","Gremlin Food","conspire:TopHat","ReplayTheSpireMod:TigerMarble","Shuriken","Garlic","Replay:PocketPolymizer","hubris:AstralHammer","Blood Vial","Potion Belt","construct:BoolHorns","Replay:Mystery Machine","CrazyTorch:ReiMu","Anchor","Mastiff:ReiMu","Juzu Bracelet","AntiCross","Grinning Jar","Akabeko","hubris:TinFlute","Medical Kit","Peace Pipe","conspire:DeflatedDodgeball","hubris:CrystalStatue","Pear","Replay:Rubber Ducky","RuthlessExorcism:ReiMu","conspire:Flyswatter"],"campfire_rested":1,"item_purchase_floors":[4,4,4,4,4,4,4,4,4,4,4,10,20,22,22,22,30,40,40,40,42,42,42,42,42,42,42,42,42,42,42,42,42,42,42,42,42,42,42,42,42,55,55,55,55,55,55,55,55,55,55,55,55,55,55,55,55,55,55,55,55,55,55,55,56,56,56,56,56,56,56,56],"current_hp_per_floor":[85,85,85,85,85,85,85,85,103,103,85,85,85,85,85,62,121,112,112,112,101,101,101,101,101,119,119,137,137,137,134,134,132,211,211,229,229,250,289,289,289,1,32,133,133,137,137,143,143,178,398,398,398,398,402,417,417],"gold":9,"neow_bonus":"","is_daily":false,"chose_seed":false,"campfire_upgraded":7,"win_rate":0.0,"timestamp":1613309737,"path_taken":["M","$","?","$","?","R","R","?","T","?","E","?","?","?","R","BOSS","M","?","$","M","?","R","?","?","T","?","?","?","$","?","R","BOSS","M","?","?","?","?","$","R","?","T","R","?","E","?","E","R","BOSS","M","?","?","?","$"],"items_purchased_type":["Relic","Card","Card","Card","Card","Card","Card","Card","Potion","Potion","Potion","Relic","Card","Relic","Card","Potion","Relic","Relic","Relic","Relic","Relic","Relic","Relic","Relic","Relic","Relic","Relic","Relic","Relic","Relic","Relic","Relic","Relic","Relic","Relic","Relic","Relic","Relic","Relic","Relic","Relic","Relic","Relic","Relic","Relic","Relic","Relic","Relic","Relic","Relic","Relic","Relic","Relic","Relic","Relic","Relic","Relic","Relic","Relic","Relic","Relic","Relic","Relic","Relic","Relic","Relic","Relic","Relic","Relic","Relic","Relic","Relic"],"build_version":"2020-12-22","purchased_purges":0,"victory":false,"max_hp_per_floor":[85,85,85,85,85,85,85,85,103,103,103,103,103,103,103,121,121,121,121,121,121,121,121,121,121,139,139,157,157,157,157,157,175,211,211,229,229,250,289,289,289,293,324,328,328,332,332,336,336,367,398,398,398,398,402,417,417],"card_choices":[{"not_picked":["construct:Anticipate","construct:FlammableFog"],"picked":"construct:FocusedBeam","floor":0},{"not_picked":["construct:SuppressiveFire","construct:FlammableFog"],"picked":"construct:SweepLaser","floor":0},{"not_picked":["construct:VentSteam","construct:HeavyBolt"],"picked":"construct:Enhance","floor":0},{"not_picked":["construct:ShiftGuard","construct:BatteryAcid"],"picked":"construct:MoltenSmash","floor":0},{"not_picked":["construct:Autoturret","construct:Anticipate"],"picked":"construct:Accumulate","floor":0},{"not_picked":["construct:Reinforce","construct:Analyze"],"picked":"construct:SweepLaser","floor":0},{"not_picked":["construct:MetalShell","construct:FlameCore"],"picked":"construct:Chainstrike","floor":0},{"not_picked":["construct:FlammableFog","construct:Analyze"],"picked":"construct:UnbalancingBlast","floor":0},{"not_picked":["construct:FlameCore","construct:Impenetrable"],"picked":"construct:CripplingShot","floor":0},{"not_picked":["construct:SaveState","construct:Zapper"],"picked":"construct:Anticipate","floor":0},{"not_picked":["construct:Isolate","construct:ElectricArmor"],"picked":"construct:FierceBash","floor":0},{"not_picked":["construct:HeavyBolt","construct:Disrupt"],"picked":"construct:Backfire","floor":0},{"not_picked":["construct:MetalShell","construct:Overcharge"],"picked":"construct:PhosphorStorm","floor":0},{"not_picked":["construct:FlameCore","construct:SaveState"],"picked":"construct:FocusedBeam","floor":0},{"not_picked":["construct:OilSpill","construct:Anticipate"],"picked":"construct:SuppressiveFire","floor":0},{"not_picked":["construct:Forcefield","construct:SaveState"],"picked":"construct:CreateCores","floor":11},{"not_picked":["construct:Meltdown","construct:HyperBeam"],"picked":"construct:BatteryCore","floor":16},{"not_picked":["construct:ShiftStrike","construct:Isolate"],"picked":"construct:SuppressiveFire","floor":24},{"not_picked":["construct:SiegeForm","construct:ShieldGenerator"],"picked":"construct:MassProduction","floor":33},{"not_picked":["construct:BatteryAcid+1","construct:Backfire+1","construct:Failsafe+1"],"picked":"construct:BatteryCore","floor":44},{"not_picked":["construct:ScrapCannon","construct:HeavyBolt+1","construct:Enhance+1"],"picked":"construct:MetalShell","floor":46},{"not_picked":["construct:CreateCores","construct:HammerDown","construct:Missile"],"picked":"construct:PowerUp","floor":48},{"not_picked":["construct:LongRangeLance","construct:MassProduction","construct:DarkFlames"],"picked":"construct:SpinDrive","floor":50}],"player_experience":644048,"relics_obtained":[{"floor":1,"key":"Replay:Bottled Snecko"},{"floor":8,"key":"ScarletDevilRocket"},{"floor":9,"key":"White Beast Statue"},{"floor":11,"key":"Lantern"},{"floor":13,"key":"War Paint"},{"floor":18,"key":"Oddly Smooth Stone"},{"floor":21,"key":"Unceasing Top"},{"floor":24,"key":"Boot"},{"floor":26,"key":"Blue Doll"},{"floor":27,"key":"Letter Opener"},{"floor":28,"key":"Ring of Searing"},{"floor":28,"key":"Ring of Fangs"},{"floor":35,"key":"ReplayTheSpireMod:Lightbulb"},{"floor":37,"key":"Replay:Ringing Soul"},{"floor":43,"key":"InkBottle"},{"floor":46,"key":"Tea:ReiMu"},{"floor":47,"key":"Snack Pack"},{"floor":48,"key":"hubris:DeckOfHolding"},{"floor":52,"key":"Eternal Feather"},{"floor":54,"key":"Onion Ring"}],"event_choices":[{"damage_healed":0,"gold_gain":0,"player_choice":"Trade","damage_taken":0,"relics_obtained":["SsserpentHead"],"max_hp_gain":0,"max_hp_loss":0,"event_name":"FaceTrader","floor":5,"gold_loss":0},{"cards_removed":["yuri:DragonForm"],"damage_healed":0,"gold_gain":0,"player_choice":"Purged","damage_taken":0,"max_hp_gain":0,"max_hp_loss":0,"event_name":"Purifier","floor":12,"gold_loss":0},{"damage_healed":0,"gold_gain":0,"player_choice":"0 cards matched","damage_taken":0,"max_hp_gain":0,"max_hp_loss":0,"event_name":"Match and Keep!","floor":19,"gold_loss":0,"cards_obtained":[]},{"damage_healed":0,"gold_gain":0,"player_choice":"Invest 4","damage_taken":0,"max_hp_gain":0,"max_hp_loss":0,"event_name":"conspire:Investor","floor":25,"gold_loss":0},{"damage_healed":0,"gold_gain":0,"player_choice":"Joined the Cult","damage_taken":6,"max_hp_gain":0,"max_hp_loss":0,"event_name":"Nest","floor":31,"gold_loss":0,"cards_obtained":["RitualDagger"]},{"damage_healed":0,"gold_gain":275,"player_choice":"Desecrate","damage_taken":0,"max_hp_gain":0,"max_hp_loss":0,"event_name":"Golden Shrine","floor":36,"gold_loss":0,"cards_obtained":["Regret"]},{"damage_healed":57,"gold_gain":0,"player_choice":"Writhe","damage_taken":0,"max_hp_gain":0,"max_hp_loss":0,"event_name":"Winding Halls","floor":38,"gold_loss":0,"cards_obtained":["Writhe"]},{"damage_healed":0,"gold_gain":999,"player_choice":"Gold","damage_taken":0,"max_hp_gain":0,"max_hp_loss":0,"event_name":"MindBloom","floor":39,"gold_loss":0,"cards_obtained":["Normality","Normality"]},{"cards_removed":["construct:SweepLaser"],"damage_healed":0,"gold_gain":0,"player_choice":"Gave Card","damage_taken":0,"relics_obtained":["Pet Ghost"],"max_hp_gain":0,"max_hp_loss":0,"event_name":"WeMeetAgain","floor":45,"gold_loss":0},{"damage_healed":0,"gold_gain":0,"player_choice":"Ignored","damage_taken":0,"max_hp_gain":0,"max_hp_loss":0,"event_name":"NoteForYourself","floor":53,"gold_loss":0}],"is_beta":false,"boss_relics":[{"not_picked":["Astrolabe","conspire:SeveredTorchhead"],"picked":"Runic Dome"},{"not_picked":["hubris:Stopwatch","hubris:CrackedHourglass"],"picked":"Kintsugi"},{"not_picked":["conspire:SpecialSausage","hubris:ScarierMask","conspire:RunicOctahedron"],"picked":"Abe\u0027s Treasure"}],"items_purged_floors":[],"is_endless":true,"potions_floor_spawned":[11,13,16,18,21,24,27,33,35,37,46,47,48,50,52,54],"ascension_level":0}}