{"host":"sav7uxregyirlf69","time":1613298580,"event":{"mods":["AchievementEnabler","BaseMod","Colored Map","DeckTracker","Keyboard Shortcuts","Minty Spire (QoL Compilation)","READ ME - Guardian Mod","StSLib","SuperFastMode"],"gold_per_floor":[144,189,189,189,189,189,279,279,279,369,414,459,504,549,549,849,849,894,506,551,596,222,222,267,267,317,362,452,497,542,587,587,887,887,932,504,504,229,274,364,409,499,574,574,619,619,709,754,754,754],"floor_reached":51,"language":"KOR","playtime":1592,"items_purged":["ForeignInfluence","Ball Lightning","Shrug It Off","BowlingBash"],"score":998,"play_id":"bdb682d4-702c-4d7c-8346-8d27eb18c21e","local_time":"20210214192940","daily_mods":["Draft","Diverse","Midas"],"is_ascension_mode":false,"campfire_choices":[{"floor":6,"key":"REST"},{"floor":8,"key":"REST"},{"floor":15,"key":"REST"},{"floor":23,"key":"REST"},{"floor":25,"key":"REST"},{"floor":32,"key":"REST"},{"floor":44,"key":"REST"},{"floor":46,"key":"REST"},{"floor":49,"key":"REST"}],"circlet_count":0,"master_deck":["Consecrate","Dodge and Roll","White Noise","Study+1","CrushJoints","BattleHymn","Leap","Escape Plan+1","Turbo","CutThroughFate","Warcry","Protect","Hologram","FTL","Noxious Fumes","Sweeping Beam","Gash","Meteor Strike","CurseOfTheBell","DeusExMachina+1","Shrug It Off+1","Backflip","Shockwave","TalkToTheHand","Phantasmal Killer","Chill","White Noise+1","Burning Pact+1"],"relics":["Burning Blood","Red Skull","Pear","Bottled Tornado","Calling Bell","Art of War","Matryoshka","Thread and Needle","Membership Card","Shuriken","Anchor","TungstenRod","Orrery","Orichalcum","Centennial Puzzle","Frozen Egg 2","SlaversCollar","OrangePellets","Paper Frog","Self Forming Clay","Singing Bowl","Sling","Smiling Mask","Omamori","Vajra","Sundial","Meat on the Bone"],"acts_visited":["Exordium","TheCity","TheBeyond"],"potions_floor_usage":[16,16,22,41,50,50,50],"damage_taken":[{"damage":7,"enemies":"Jaw Worm","floor":1,"turns":3},{"damage":0,"enemies":"Cultist","floor":2,"turns":3},{"damage":10,"enemies":"Lagavulin","floor":7,"turns":6},{"damage":12,"enemies":"3 Sentries","floor":10,"turns":5},{"damage":1,"enemies":"2 Louse","floor":11,"turns":2},{"damage":5,"enemies":"Red Slaver","floor":12,"turns":3},{"damage":8,"enemies":"Large Slime","floor":13,"turns":4},{"damage":21,"enemies":"Exordium Wildlife","floor":14,"turns":3},{"damage":35,"enemies":"Hexaghost","floor":16,"turns":6},{"damage":24,"enemies":"2 Thieves","floor":18,"turns":4},{"damage":5,"enemies":"3 Byrds","floor":20,"turns":5},{"damage":0,"enemies":"Cultist and Chosen","floor":21,"turns":6},{"damage":0,"enemies":"Shelled Parasite and Fungi","floor":24,"turns":3},{"damage":0,"enemies":"Centurion and Healer","floor":27,"turns":8},{"damage":8,"enemies":"Book of Stabbing","floor":28,"turns":6},{"damage":2,"enemies":"Snecko","floor":29,"turns":5},{"damage":4,"enemies":"Shelled Parasite and Fungi","floor":30,"turns":4},{"damage":4,"enemies":"Cultist and Chosen","floor":31,"turns":6},{"damage":21,"enemies":"Automaton","floor":33,"turns":8},{"damage":11,"enemies":"3 Darklings","floor":35,"turns":4},{"damage":0,"enemies":"Orb Walker","floor":39,"turns":4},{"damage":0,"enemies":"Giant Head","floor":40,"turns":6},{"damage":2,"enemies":"Writhing Mass","floor":41,"turns":7},{"damage":10,"enemies":"Reptomancer","floor":42,"turns":4},{"damage":2,"enemies":"4 Shapes","floor":45,"turns":5},{"damage":0,"enemies":"Nemesis","floor":47,"turns":5},{"damage":10,"enemies":"Jaw Worm Horde","floor":48,"turns":3},{"damage":18,"enemies":"Donu and Deca","floor":50,"turns":6}],"seed_played":"-463004689936713651","potions_obtained":[{"floor":1,"key":"Ancient Potion"},{"floor":2,"key":"Weak Potion"},{"floor":10,"key":"PowerPotion"},{"floor":21,"key":"Energy Potion"},{"floor":41,"key":"Fruit Juice"},{"floor":42,"key":"ElixirPotion"},{"floor":45,"key":"DuplicationPotion"}],"is_trial":false,"path_per_floor":["M","M","?","?","?","R","E","R","T","E","M","M","M","M","R","B",null,"M","$","M","M","$","R","M","R","T","M","E","M","M","M","R","B",null,"M","$","?","$","M","E","M","E","T","R","M","R","E","M","R","B",null],"character_chosen":"IRONCLAD","items_purchased":["Membership Card","Shuriken","Anchor","TungstenRod","Orrery","Backflip","Fruit Juice","Explosive Potion","OrangePellets","Paper Frog","Self Forming Clay","Chill","Singing Bowl","Sling"],"campfire_rested":9,"item_purchase_floors":[19,19,19,22,22,22,22,22,36,36,36,36,38,38],"current_hp_per_floor":[79,80,80,64,69,85,81,85,95,89,94,95,93,78,95,66,95,77,77,78,84,89,100,100,100,100,100,98,100,100,100,100,85,100,95,95,95,95,100,100,107,105,105,109,111,111,113,111,115,103],"gold":754,"neow_bonus":"","is_daily":true,"chose_seed":false,"campfire_upgraded":0,"win_rate":0.0,"timestamp":1613298580,"path_taken":["M","M","?","?","?","R","E","R","T","E","M","M","?","M","R","BOSS","M","$","M","M","$","R","M","R","T","M","E","M","?","M","R","BOSS","M","$","?","$","M","E","M","E","T","R","?","R","E","M","R","BOSS"],"items_purchased_type":["Relic","Relic","Relic","Relic","Relic","Card","Potion","Potion","Relic","Relic","Relic","Card","Relic","Relic"],"build_version":"2020-12-22","purchased_purges":4,"victory":true,"max_hp_per_floor":[80,80,80,80,85,85,85,85,95,95,95,95,95,95,95,95,95,95,95,95,95,100,100,100,100,100,100,100,100,100,100,100,100,100,100,100,100,100,100,100,107,109,109,109,111,111,113,115,115,115],"card_choices":[{"not_picked":["Recycle","Go for the Eyes"],"picked":"Consecrate","floor":0},{"not_picked":["Terror","Conserve Battery"],"picked":"Shrug It Off","floor":0},{"not_picked":["Accuracy","SashWhip"],"picked":"Ball Lightning","floor":0},{"not_picked":["WindmillStrike","Collect"],"picked":"Dodge and Roll","floor":0},{"not_picked":["Cold Snap","Calculated Gamble"],"picked":"White Noise","floor":0},{"not_picked":["Capacitor","Acrobatics"],"picked":"Study","floor":0},{"not_picked":["Stack","Halt"],"picked":"CrushJoints","floor":0},{"not_picked":["Redo","Stack"],"picked":"BattleHymn","floor":0},{"not_picked":["CrushJoints","Clash"],"picked":"Leap","floor":0},{"not_picked":["Slice","Stack"],"picked":"Escape Plan","floor":0},{"not_picked":["Clothesline","Dodge and Roll"],"picked":"ForeignInfluence","floor":0},{"not_picked":["Hologram","Searing Blow"],"picked":"Turbo","floor":0},{"not_picked":["Cloak And Dagger","Searing Blow"],"picked":"BowlingBash","floor":0},{"not_picked":["Havoc","Thunderclap"],"picked":"CutThroughFate","floor":0},{"not_picked":["SashWhip","Reflex"],"picked":"Warcry","floor":0},{"not_picked":["ThirdEye","Deflect"],"picked":"Protect","floor":1},{"not_picked":["Bane","Prepared"],"picked":"Hologram","floor":2},{"not_picked":["Prostrate","Shrug It Off"],"picked":"FTL","floor":7},{"not_picked":["Scrawl","Escape Plan"],"picked":"Noxious Fumes","floor":10},{"not_picked":["JustLucky","Deadly Poison"],"picked":"Sweeping Beam","floor":11},{"not_picked":["Outmaneuver","Protect"],"picked":"Gash","floor":12},{"not_picked":["Dagger Throw","Hemokinesis","Barrage"],"picked":"SKIP","floor":13},{"not_picked":["Body Slam","Heavy Blade","Thunderclap"],"picked":"SKIP","floor":14},{"not_picked":["Feed","Judgement"],"picked":"Meteor Strike","floor":16},{"not_picked":["Defragment","Slice+1","Poisoned Stab"],"picked":"SKIP","floor":18},{"not_picked":["Chaos","Meditate"],"picked":"DeusExMachina","floor":20},{"not_picked":["Crippling Poison","Storm","Evolve"],"picked":"SKIP","floor":21},{"not_picked":["Uppercut","FollowUp"],"picked":"Shrug It Off+1","floor":22},{"not_picked":["Vault","Headbutt"],"picked":"Shockwave","floor":24},{"not_picked":["Darkness+1","Streamline","Collect"],"picked":"SKIP","floor":27},{"not_picked":["Flex","Reckless Charge","Compile Driver"],"picked":"SKIP","floor":28},{"not_picked":["Deadly Poison+1","Uppercut+1","Weave"],"picked":"SKIP","floor":29},{"not_picked":["Weave+1","Loop+1"],"picked":"TalkToTheHand","floor":30},{"not_picked":["Iron Wave","Deflect","EmptyBody+1"],"picked":"SKIP","floor":31},{"not_picked":["ConjureBlade","Thunder Strike"],"picked":"Phantasmal Killer","floor":33},{"not_picked":["Infinite Blades+1","Steam+1","Perfected Strike"],"picked":"SKIP","floor":35},{"not_picked":["Clash+1","Thunderclap+1"],"picked":"White Noise+1","floor":39},{"not_picked":["Capacitor+1","Prepared"],"picked":"Burning Pact+1","floor":40},{"not_picked":["SandsOfTime","Eviscerate+1","EmptyMind+1"],"picked":"Singing Bowl","floor":41},{"not_picked":["Sword Boomerang+1","Rampage","Evolve+1"],"picked":"Singing Bowl","floor":42},{"not_picked":["Headbutt","MentalFortress+1","Doom and Gloom+1"],"picked":"Singing Bowl","floor":45},{"not_picked":["Reflex+1","Conserve Battery+1","True Grit+1"],"picked":"Singing Bowl","floor":47},{"not_picked":["Impervious","Redo+1","Storm+1"],"picked":"Singing Bowl","floor":48}],"player_experience":1568825,"relics_obtained":[{"floor":7,"key":"Red Skull"},{"floor":9,"key":"Pear"},{"floor":10,"key":"Bottled Tornado"},{"floor":17,"key":"Art of War"},{"floor":17,"key":"Matryoshka"},{"floor":17,"key":"Thread and Needle"},{"floor":26,"key":"Orichalcum"},{"floor":26,"key":"Centennial Puzzle"},{"floor":28,"key":"Frozen Egg 2"},{"floor":40,"key":"Smiling Mask"},{"floor":42,"key":"Omamori"},{"floor":43,"key":"Vajra"},{"floor":43,"key":"Sundial"},{"floor":47,"key":"Meat on the Bone"}],"event_choices":[{"damage_healed":0,"gold_gain":0,"player_choice":"Ignored","damage_taken":0,"max_hp_gain":0,"max_hp_loss":0,"event_name":"Liars Game","floor":3,"gold_loss":0},{"damage_healed":0,"gold_gain":0,"player_choice":"Entered Light","damage_taken":16,"max_hp_gain":0,"max_hp_loss":0,"event_name":"Shining Light","floor":4,"gold_loss":0,"cards_upgraded":["Study","Escape Plan"]},{"damage_healed":0,"gold_gain":0,"player_choice":"Donut","damage_taken":0,"max_hp_gain":5,"max_hp_loss":0,"event_name":"Big Fish","floor":5,"gold_loss":0},{"damage_healed":0,"gold_gain":0,"player_choice":"Upgraded","damage_taken":0,"max_hp_gain":0,"max_hp_loss":0,"event_name":"Upgrade Shrine","floor":37,"gold_loss":0,"cards_upgraded":["DeusExMachina"]}],"is_beta":false,"boss_relics":[{"not_picked":["Empty Cage","Philosopher\u0027s Stone"],"picked":"Calling Bell"},{"not_picked":["Velvet Choker","Runic Pyramid"],"picked":"SlaversCollar"}],"items_purged_floors":[19,22,36,38],"is_endless":false,"potions_floor_spawned":[1,2,10,14,21,24,27,29,33,41,42,45],"ascension_level":0}}