{"host":"l7ku00cw7dmofayg","time":1613290826,"event":{"mods":["ATMod(°¢èªMod)","BaseMod","Dota2Spire","Marisa£¨ìFÓê¡¡Ä§ÀíÉ³£©","Minty Spire (QoL Compilation)","StSLib","The Invoker Mod"],"gold_per_floor":[118,137,412,425,38,38,72,87,110,139,21,54,66,141,141,243,243,260,6,6,6,94,154,154,154,207,315,379,43,111,36,36,210,210,255,255,27,107,67,127,127,127,127,77,132,132,236,371,371,565],"floor_reached":51,"language":"ZHS","playtime":1831,"items_purged":["Regret","Defend_MRS"],"score":1320,"play_id":"cd4ab986-4b30-4d42-9ec5-36d6460c1415","local_time":"20210214162026","is_ascension_mode":true,"campfire_choices":[{"data":"AT_EssenceShift","floor":6.0,"key":"SMITH"},{"floor":15.0,"key":"REST"},{"floor":24.0,"key":"REST"},{"floor":32.0,"key":"REST"},{"data":"StarDustReverie","floor":41.0,"key":"SMITH"},{"data":"BlazeAway","floor":46.0,"key":"SMITH"},{"floor":49,"key":"REST"}],"circlet_count":0,"master_deck":["AscendersBane","Strike_MRS","Defend_MRS","MasterSpark","UpSweep","AT_EssenceShift+1","OortCloud","6A","SuperPerseids","UnstableBomb","BlazeAway+1","Parasite","Parasite","MilkyWay","DeepEcoloBomb","ManaRampage","SatelliteIllusion","PulseMagic","IllusionStar","UltimateShortwave","6A+1","DeepEcoloBomb","GalacticHalo","ManaConvection","StarDustReverie+1","IllusionStar+1","SuperPerseids","Discovery","Robbery","AsteroidBelt","UnstableBomb","NonDirectionalLaser+1","AsteroidBelt+1","GalacticHalo"],"relics":["MiniHakkero","AT_ATBox","NeowsBlessing","Dota2Spire:OctarineCore","AT_EbonyIvory","Bag of Marbles","ShroomBag","Dota2Spire:PhaseBoots","Empty Cage","AT_MibuBalloonWealth","Enchiridion","Ice Cream","Vajra","Dota2Spire:PowerTreads","Bottled Tornado","Dota2Spire:RefresherOrb","DollysMirror","Dota2Spire:MantaStyle","Kunai","Dota2Spire:Desolator","Bag of Preparation","Blood Vial"],"acts_visited":["Exordium","TheCity","TheBeyond"],"potions_floor_usage":[48],"damage_taken":[{"damage":0.0,"enemies":"Cultist","floor":1.0,"turns":1.0},{"damage":0.0,"enemies":"2 Louse","floor":2.0,"turns":1.0},{"damage":0.0,"enemies":"Small Slimes","floor":4.0,"turns":1.0},{"damage":2.0,"enemies":"Lagavulin","floor":7.0,"turns":7.0},{"damage":9.0,"enemies":"Red Slaver","floor":8.0,"turns":3.0},{"damage":14.0,"enemies":"3 Sentries","floor":10.0,"turns":8.0},{"damage":15.0,"enemies":"Gremlin Nob","floor":12.0,"turns":5.0},{"damage":17.0,"enemies":"Gremlin Gang","floor":13.0,"turns":3.0},{"damage":2.0,"enemies":"Slime Boss","floor":16.0,"turns":8.0},{"damage":23.0,"enemies":"2 Thieves","floor":18.0,"turns":3.0},{"damage":4.0,"enemies":"3 Byrds","floor":22.0,"turns":4.0},{"damage":21.0,"enemies":"Book of Stabbing","floor":23.0,"turns":3.0},{"damage":29.0,"enemies":"Gremlin Leader","floor":27.0,"turns":4.0},{"damage":0.0,"enemies":"Shelled Parasite and Fungi","floor":28.0,"turns":2.0},{"damage":7.0,"enemies":"Sentry and Sphere","floor":30.0,"turns":3.0},{"damage":19.0,"enemies":"Collector","floor":33.0,"turns":8.0},{"damage":25.0,"enemies":"Orb Walker","floor":35.0,"turns":3.0},{"damage":16.0,"enemies":"Nemesis","floor":40.0,"turns":5.0},{"damage":0.0,"enemies":"Giant Head","floor":45.0,"turns":3.0},{"damage":0,"enemies":"Nemesis","floor":47,"turns":1},{"damage":0,"enemies":"3 Darklings","floor":48,"turns":2},{"damage":25,"enemies":"Donu and Deca","floor":50,"turns":3}],"seed_played":"-8499124159085989607","potions_obtained":[{"floor":1.0,"key":"SmokeBomb"},{"floor":2.0,"key":"ColorlessPotion"},{"floor":4.0,"key":"DistilledChaos"},{"floor":10.0,"key":"SmokeBomb"},{"floor":22.0,"key":"Dota2Spire:HealingSalve"},{"floor":27.0,"key":"Fruit Juice"},{"floor":30.0,"key":"Swift Potion"},{"floor":33.0,"key":"Fire Potion"}],"is_trial":false,"path_per_floor":["M","M","?","M","$","R","E","M","T","E","$","E","M","?","R","B",null,"M","$","?","?","M","E","R","?","T","E","M","$","M","?","R","B",null,"M","?","$","T","$","E","R","?","T","$","E","R","E","M","R","B",null],"character_chosen":"MARISA","items_purchased":["Dota2Spire:OctarineCore","MilkyWay","DuplicationPotion","AT_MibuBalloonWealth","Bottled Tornado","EssenceOfSteel","DollysMirror","Discovery","Robbery","UnstableBomb"],"campfire_rested":4,"item_purchase_floors":[5,11,11,19,29,29,37,37,39,44],"current_hp_per_floor":[68,68,68,68,68,68,66,57,57,43,43,32,19,8,30,32,64,43,43,43,27,27,13,35,35,35,10,12,17,14,14,38,23,66,41,41,41,41,41,29,29,29,29,29,31,31,33,37,59,40],"gold":565,"neow_bonus":"THREE_ENEMY_KILL","is_daily":false,"chose_seed":false,"campfire_upgraded":3,"win_rate":0.0,"timestamp":1613290826,"path_taken":["M","M","?","?","$","R","E","M","T","E","$","E","M","?","R","BOSS","M","$","?","?","M","E","R","?","T","E","?","$","?","?","R","BOSS","M","?","$","?","?","E","R","?","T","?","E","R","E","?","R","BOSS"],"items_purchased_type":["Relic","Card","Potion","Relic","Relic","Potion","Relic","Card","Card","Card"],"build_version":"2020-12-22","purchased_purges":2,"victory":true,"max_hp_per_floor":[75,75,75,75,75,75,75,75,75,75,75,75,75,75,75,75,75,75,75,75,75,75,75,75,75,75,75,75,80,80,80,80,80,80,80,80,80,80,80,80,80,76,76,76,76,76,76,76,76,76],"card_choices":[{"not_picked":["FairyDestructionRay","ChargingUp"],"picked":"OortCloud","floor":1.0},{"not_picked":["MilkyWay","OpenUniverse"],"picked":"6A","floor":2.0},{"not_picked":["MilkyWay","Occultation"],"picked":"SuperPerseids","floor":4.0},{"not_picked":["EarthLightRay","OpenUniverse"],"picked":"UnstableBomb","floor":7.0},{"not_picked":["LuminesStrike","ShootingEcho"],"picked":"BlazeAway","floor":8.0},{"not_picked":["ChargingUp","EnergyFlow"],"picked":"Singularity","floor":10.0},{"not_picked":["Acceleration","PulseMagic"],"picked":"DeepEcoloBomb","floor":12.0},{"not_picked":["MilkyWay","SporeBomb"],"picked":"ManaRampage","floor":13.0},{"not_picked":["SuperNova","TreasureHunter"],"picked":"SatelliteIllusion","floor":16.0},{"not_picked":["AsteroidBelt","GravityBeat"],"picked":"PulseMagic","floor":18.0},{"not_picked":["ShootingEcho","SporeBomb","WitchLeyline"],"picked":"SKIP","floor":22.0},{"not_picked":["GasGiant","FairyDestructionRay+1"],"picked":"6A+1","floor":23.0},{"not_picked":["PowerUp+1","AsteroidBelt"],"picked":"DeepEcoloBomb","floor":27.0},{"not_picked":["GravityBeat+1","DC"],"picked":"GalacticHalo","floor":28.0},{"not_picked":["PowerUp","LuminesStrike"],"picked":"ManaConvection","floor":30.0},{"not_picked":["FinalSpark","CasketOfStar"],"picked":"StarDustReverie","floor":33.0},{"not_picked":["6A","SporeBomb+1"],"picked":"IllusionStar+1","floor":35.0},{"not_picked":["ManaConvection","GrandCross"],"picked":"AsteroidBelt","floor":40.0},{"not_picked":["DC+1","MysteriousBeam+1"],"picked":"NonDirectionalLaser+1","floor":45.0},{"not_picked":["EscapeVelocity","EnergyFlow+1"],"picked":"AsteroidBelt+1","floor":47},{"not_picked":["Occultation","EnergyFlow+1"],"picked":"GalacticHalo","floor":48}],"player_experience":50553,"relics_obtained":[{"floor":7.0,"key":"AT_EbonyIvory"},{"floor":9.0,"key":"Bag of Marbles"},{"floor":10.0,"key":"ShroomBag"},{"floor":12.0,"key":"Dota2Spire:PhaseBoots"},{"floor":21.0,"key":"Enchiridion"},{"floor":23.0,"key":"Ice Cream"},{"floor":26.0,"key":"Vajra"},{"floor":27.0,"key":"Dota2Spire:PowerTreads"},{"floor":38.0,"key":"Dota2Spire:MantaStyle"},{"floor":40.0,"key":"Kunai"},{"floor":43.0,"key":"Dota2Spire:Desolator"},{"floor":45.0,"key":"Bag of Preparation"},{"floor":47,"key":"Blood Vial"}],"event_choices":[{"damage_healed":0.0,"max_hp_gain":0.0,"max_hp_loss":0.0,"gold_gain":275.0,"event_name":"Golden Shrine","player_choice":"Desecrate","floor":3.0,"gold_loss":0.0,"damage_taken":0.0,"cards_obtained":["Regret"]},{"damage_healed":0.0,"max_hp_gain":0.0,"max_hp_loss":0.0,"gold_gain":75.0,"event_name":"World of Goop","player_choice":"Gather Gold","floor":14.0,"gold_loss":0.0,"damage_taken":11.0},{"damage_healed":0.0,"max_hp_gain":0.0,"max_hp_loss":0.0,"gold_gain":0.0,"cards_transformed":["Defend_MRS","Strike_MRS"],"event_name":"Drug Dealer","player_choice":"Became Test Subject","floor":20.0,"gold_loss":0.0,"damage_taken":0.0,"cards_obtained":["IllusionStar","UltimateShortwave"]},{"damage_healed":0.0,"max_hp_gain":0.0,"max_hp_loss":0.0,"gold_gain":0.0,"event_name":"Cursed Tome","player_choice":"Obtained Book","floor":21.0,"gold_loss":0.0,"damage_taken":16.0},{"cards_removed":["Singularity"],"damage_healed":0.0,"max_hp_gain":0.0,"max_hp_loss":0.0,"gold_gain":0.0,"event_name":"Wheel of Change","player_choice":"Card Removal","floor":25.0,"gold_loss":0.0,"damage_taken":0.0},{"cards_removed":["Strike_MRS"],"damage_healed":0.0,"max_hp_gain":0.0,"max_hp_loss":0.0,"gold_gain":0.0,"event_name":"Beggar","player_choice":"Gave Gold","floor":31.0,"gold_loss":75.0,"damage_taken":0.0},{"damage_healed":0.0,"max_hp_gain":0.0,"max_hp_loss":0.0,"gold_gain":0.0,"event_name":"SecretPortal","player_choice":"Ignored","floor":36.0,"gold_loss":0.0,"damage_taken":0.0},{"damage_healed":0.0,"max_hp_gain":0.0,"max_hp_loss":4.0,"gold_gain":0.0,"event_name":"Winding Halls","player_choice":"Max HP","floor":42.0,"gold_loss":0.0,"damage_taken":0.0}],"is_beta":false,"boss_relics":[{"not_picked":["Ectoplasm","Philosopher\u0027s Stone"],"picked":"Empty Cage"},{"not_picked":["Tiny House","RampagingMagicTools"],"picked":"Dota2Spire:RefresherOrb"}],"items_purged_floors":[5,19],"is_endless":false,"potions_floor_spawned":[1,2,4,10,22,27,30,33,40],"ascension_level":11}}