{"host":"t5vp0whyqzs05fb6","time":1613290398,"event":{"mods":["AchievementEnabler","BaseMod","Colored Map","Minty Spire (QoL Compilation)","Rare Cards Sparkle","SuperFastMode","everything is the same but u backflip on backflip"],"gold_per_floor":[112,37,48,48,68,68,68,82,162,162,176,210,256,303,315,448,523,553,565,601,613,649,661,315,315,315,329,329,354,369,384,384,508,508,526,582,605,605,185,185,185,210,210,210,40,61,96,120,120,120],"floor_reached":51,"language":"KOR","playtime":1992,"items_purged":["Strike_G","Strike_G","Strike_G"],"score":839,"play_id":"f4e466bc-0cb9-48ba-9c07-49fd3d299b54","local_time":"20210214171318","is_ascension_mode":false,"campfire_choices":[{"data":"A Thousand Cuts","floor":6,"key":"SMITH"},{"data":"Concentrate","floor":10,"key":"SMITH"},{"floor":15,"key":"REST"},{"floor":23,"key":"REST"},{"data":"After Image","floor":25,"key":"SMITH"},{"data":"Neutralize","floor":32,"key":"SMITH"},{"floor":40,"key":"RECALL"},{"floor":44,"key":"REST"},{"floor":49,"key":"REST"}],"circlet_count":0,"master_deck":["Strike_G","Strike_G","Defend_G","Defend_G","Defend_G","Defend_G","Defend_G","Survivor","Neutralize+1","A Thousand Cuts+1","Cloak And Dagger+1","Concentrate+1","Footwork","Dagger Spray","All Out Attack","Escape Plan","PiercingWail","After Image+1","Blade Dance+1","Well Laid Plans+1","Backflip+1","Ghostly","Ghostly","Ghostly","Ghostly","Ghostly","Finisher+1","Caltrops+1","Cloak And Dagger","Venomology","Dagger Throw+1","Reflex","Accuracy+1","Madness","Madness","Infinite Blades","Blade Dance+1","Accuracy","Flash of Steel","Night Terror","Backflip+1"],"relics":["Ring of the Snake","Golden Idol","White Beast Statue","MawBank","Odd Mushroom","WingedGreaves","Tiny House","Gremlin Horn","Mercury Hourglass","Fusion Hammer","Lizard Tail","Letter Opener","Ancient Tea Set"],"acts_visited":["Exordium","TheCity","TheBeyond"],"potions_floor_usage":[12,14,14,16,18,29,33,33,33,35,36,36,37,46,46,47,48,48,50,50],"damage_taken":[{"damage":0,"enemies":"2 Louse","floor":1,"turns":4},{"damage":6,"enemies":"Jaw Worm","floor":3,"turns":5},{"damage":0,"enemies":"Cultist","floor":5,"turns":4},{"damage":7,"enemies":"Blue Slaver","floor":8,"turns":4},{"damage":7,"enemies":"3 Louse","floor":11,"turns":3},{"damage":11,"enemies":"3 Sentries","floor":12,"turns":5},{"damage":14,"enemies":"The Mushroom Lair","floor":13,"turns":4},{"damage":4,"enemies":"Gremlin Nob","floor":14,"turns":4},{"damage":40,"enemies":"Slime Boss","floor":16,"turns":11},{"damage":13,"enemies":"2 Thieves","floor":18,"turns":4},{"damage":10,"enemies":"Shell Parasite","floor":20,"turns":7},{"damage":27,"enemies":"3 Cultists","floor":22,"turns":7},{"damage":0,"enemies":"Sentry and Sphere","floor":27,"turns":6},{"damage":0,"enemies":"Snecko","floor":29,"turns":8},{"damage":11,"enemies":"Centurion and Healer","floor":30,"turns":6},{"damage":2,"enemies":"Sentry and Sphere","floor":31,"turns":6},{"damage":0,"enemies":"Collector","floor":33,"turns":12},{"damage":3,"enemies":"Orb Walker","floor":35,"turns":4},{"damage":22,"enemies":"2 Orb Walkers","floor":36,"turns":8},{"damage":1,"enemies":"3 Darklings","floor":37,"turns":5},{"damage":0,"enemies":"Jaw Worm Horde","floor":42,"turns":5},{"damage":3,"enemies":"Spire Growth","floor":46,"turns":5},{"damage":0,"enemies":"Giant Head","floor":47,"turns":7},{"damage":0,"enemies":"Maw","floor":48,"turns":7},{"damage":47,"enemies":"Time Eater","floor":50,"turns":10}],"seed_played":"1535557071203967391","potions_obtained":[{"floor":1,"key":"SpeedPotion"},{"floor":8,"key":"Swift Potion"},{"floor":11,"key":"FearPotion"},{"floor":12,"key":"Energy Potion"},{"floor":14,"key":"Energy Potion"},{"floor":16,"key":"PowerPotion"},{"floor":17,"key":"Strength Potion"},{"floor":18,"key":"Energy Potion"},{"floor":20,"key":"Poison Potion"},{"floor":29,"key":"Swift Potion"},{"floor":33,"key":"EssenceOfSteel"},{"floor":35,"key":"Energy Potion"},{"floor":36,"key":"PowerPotion"},{"floor":37,"key":"FairyPotion"},{"floor":41,"key":"Block Potion"},{"floor":41,"key":"Swift Potion"},{"floor":46,"key":"Regen Potion"},{"floor":47,"key":"LiquidBronze"},{"floor":48,"key":"Strength Potion"}],"is_trial":false,"path_per_floor":["M","$","M","?","M","R","?","M","T","R","M","E","?","E","R","B",null,"M","?","M","?","M","R","$","R","T","M","?","M","M","M","R","B",null,"M","?","M","?","$","R","?","M","T","R","$","M","E","M","R","B",null],"character_chosen":"THE_SILENT","items_purchased":["Gremlin Horn","Letter Opener","Infinite Blades","Accuracy","Flash of Steel"],"campfire_rested":4,"item_purchase_floors":[24,39,39,45,45],"current_hp_per_floor":[70,70,64,64,64,64,69,62,62,62,55,44,30,26,47,7,75,62,56,46,37,10,21,21,21,21,21,21,21,10,8,8,8,37,34,12,11,6,6,6,6,6,6,17,17,14,14,23,34,3],"gold":120,"neow_bonus":"ONE_RANDOM_RARE_CARD","is_daily":false,"chose_seed":false,"campfire_upgraded":4,"win_rate":0.0,"timestamp":1613290398,"path_taken":["M","$","M","?","M","R","?","M","T","R","M","E","?","E","R","BOSS","M","?","?","?","M","R","$","R","T","M","?","M","M","?","R","BOSS","M","?","M","?","$","R","?","?","T","R","?","M","E","M","R","BOSS"],"items_purchased_type":["Relic","Relic","Card","Card","Card"],"build_version":"2020-12-22","purchased_purges":3,"victory":true,"max_hp_per_floor":[70,70,70,65,65,65,70,70,70,70,70,70,70,70,70,70,75,75,75,75,37,37,37,37,37,37,37,37,37,37,37,37,37,37,37,37,37,37,37,37,37,37,37,37,37,37,37,37,37,37],"card_choices":[{"not_picked":["Underhanded Strike","Prepared"],"picked":"Cloak And Dagger","floor":1},{"not_picked":["Footwork","Deflect"],"picked":"Concentrate","floor":3},{"not_picked":["Underhanded Strike","Bane"],"picked":"Footwork","floor":5},{"not_picked":["Bane","Finisher"],"picked":"Dagger Spray","floor":8},{"not_picked":["Dagger Throw","Deflect","Poisoned Stab"],"picked":"SKIP","floor":11},{"not_picked":["Dagger Spray","Dodge and Roll"],"picked":"All Out Attack","floor":12},{"not_picked":["Footwork","Skewer"],"picked":"Escape Plan","floor":13},{"not_picked":["Bullet Time","Quick Slash"],"picked":"PiercingWail","floor":14},{"not_picked":["Glass Knife","Wraith Form v2"],"picked":"After Image","floor":16},{"not_picked":["Dagger Throw","Dodge and Roll"],"picked":"Blade Dance","floor":17},{"not_picked":["Dodge and Roll+1","Footwork"],"picked":"Well Laid Plans+1","floor":18},{"not_picked":["Riddle With Holes+1","Prepared"],"picked":"Backflip+1","floor":20},{"not_picked":["Backflip","Envenom","Distraction"],"picked":"SKIP","floor":22},{"not_picked":["Quick Slash","Dodge and Roll"],"picked":"Finisher+1","floor":27},{"not_picked":["Bane","Prepared"],"picked":"Caltrops+1","floor":29},{"not_picked":["Backflip","Poisoned Stab+1"],"picked":"Cloak And Dagger","floor":30},{"not_picked":["Concentrate+1","Caltrops","Backflip"],"picked":"SKIP","floor":31},{"not_picked":["Unload","Grand Finale"],"picked":"Venomology","floor":33},{"not_picked":["Masterful Stab+1","Setup"],"picked":"Dagger Throw+1","floor":35},{"not_picked":["Slice","Expertise"],"picked":"Reflex","floor":36},{"not_picked":["Footwork+1","Acrobatics"],"picked":"Accuracy+1","floor":37},{"not_picked":["Deflect+1","Dagger Throw"],"picked":"Blade Dance+1","floor":42},{"not_picked":["Concentrate","Outmaneuver+1"],"picked":"Night Terror","floor":46},{"not_picked":["Sucker Punch+1","Poisoned Stab+1"],"picked":"Backflip+1","floor":47},{"not_picked":["Bane+1","Expertise","Deadly Poison"],"picked":"SKIP","floor":48}],"player_experience":220758,"relics_obtained":[{"floor":9,"key":"White Beast Statue"},{"floor":12,"key":"MawBank"},{"floor":13,"key":"Odd Mushroom"},{"floor":14,"key":"WingedGreaves"},{"floor":26,"key":"Mercury Hourglass"},{"floor":36,"key":"Lizard Tail"},{"floor":47,"key":"Ancient Tea Set"}],"event_choices":[{"damage_healed":0,"gold_gain":0,"player_choice":"Lose Max HP","damage_taken":0,"relics_obtained":["Golden Idol"],"max_hp_gain":0,"max_hp_loss":5,"event_name":"Golden Idol","floor":4,"gold_loss":0},{"damage_healed":0,"gold_gain":0,"player_choice":"Donut","damage_taken":0,"max_hp_gain":5,"max_hp_loss":0,"event_name":"Big Fish","floor":7,"gold_loss":0},{"damage_healed":0,"gold_gain":0,"player_choice":"Fought Mushrooms","damage_taken":0,"max_hp_gain":0,"max_hp_loss":0,"event_name":"Mushrooms","floor":13,"gold_loss":0},{"damage_healed":0,"gold_gain":0,"player_choice":"","damage_taken":6,"max_hp_gain":0,"max_hp_loss":0,"event_name":"Knowing Skull","floor":19,"potions_obtained":[],"gold_loss":0,"cards_obtained":[]},{"damage_healed":0,"gold_gain":0,"player_choice":"Became a Ghost","damage_taken":0,"max_hp_gain":0,"max_hp_loss":38,"event_name":"Ghosts","floor":21,"gold_loss":0,"cards_obtained":["Ghostly","Ghostly","Ghostly","Ghostly","Ghostly"]},{"damage_healed":0,"gold_gain":0,"player_choice":"Forge","damage_taken":0,"max_hp_gain":0,"max_hp_loss":0,"event_name":"Accursed Blacksmith","floor":28,"gold_loss":0,"cards_upgraded":["Blade Dance"]},{"damage_healed":0,"gold_gain":0,"player_choice":"Fight","damage_taken":0,"max_hp_gain":0,"max_hp_loss":0,"event_name":"Mysterious Sphere","floor":36,"gold_loss":0},{"damage_healed":0,"gold_gain":0,"player_choice":"Embrace Madness","damage_taken":5,"max_hp_gain":0,"max_hp_loss":0,"event_name":"Winding Halls","floor":38,"gold_loss":0,"cards_obtained":["Madness","Madness"]},{"damage_healed":0,"gold_gain":0,"player_choice":"Got Potions","damage_taken":0,"max_hp_gain":0,"max_hp_loss":0,"event_name":"Lab","floor":41,"gold_loss":0}],"is_beta":false,"boss_relics":[{"not_picked":["Ring of the Serpent","Velvet Choker"],"picked":"Tiny House"},{"not_picked":["Busted Crown","HoveringKite"],"picked":"Fusion Hammer"}],"items_purged_floors":[2,24,39],"is_endless":false,"potions_floor_spawned":[1,8,11,12,13,14,16,18,20,22,27,29,30,31,33,35,36,37,42,46,47,48],"ascension_level":0}}