{"host":"52m1o8iwwagurbjs","time":1613275311,"event":{"mods":["AchievementEnabler","BaseMod","Bestiary","Challenge The Spire","Colored Powertips","GifTheSpireLib","Minty Spire (QoL Compilation)","Quick Restart","Relic Stats","StSLib"],"gold_per_floor":[118,118,137,153,167,200,200,225,225,102,102,127,127,127],"floor_reached":13,"language":"ENG","playtime":394,"items_purged":["Strike_R"],"score":124,"play_id":"f668e3ef-120b-4592-ad5b-976c43090348","local_time":"20210213230151","is_ascension_mode":true,"campfire_choices":[{"data":"Spot Weakness","floor":7.0,"key":"SMITH"},{"data":"Bludgeon","floor":11.0,"key":"SMITH"}],"circlet_count":0,"master_deck":["Strike_R","Strike_R","Strike_R","Strike_R","Defend_R","Defend_R","Defend_R","Defend_R","Bash","CurseOfTheBell","Carnage","Pummel","Spot Weakness+1","Bludgeon+1","Shrug It Off","Armaments"],"relics":["Calling Bell","Vajra","Gremlin Horn","Pocketwatch","Mercury Hourglass","Lantern","MealTicket","Odd Mushroom"],"acts_visited":["Exordium"],"potions_floor_usage":[],"damage_taken":[{"damage":7.0,"enemies":"Jaw Worm","floor":1.0,"turns":3.0},{"damage":0.0,"enemies":"Cultist","floor":3.0,"turns":2.0},{"damage":2.0,"enemies":"2 Louse","floor":4.0,"turns":2.0},{"damage":6.0,"enemies":"Exordium Thugs","floor":5.0,"turns":3.0},{"damage":0.0,"enemies":"3 Sentries","floor":6.0,"turns":5.0},{"damage":26.0,"enemies":"Lagavulin","floor":8.0,"turns":6.0},{"damage":9.0,"enemies":"The Mushroom Lair","floor":12.0,"turns":2.0},{"damage":0,"enemies":"3 Sentries","floor":13,"turns":1}],"seed_played":"1894317981359108316","potions_obtained":[{"floor":1.0,"key":"SpeedPotion"},{"floor":4.0,"key":"Explosive Potion"},{"floor":8.0,"key":"BloodPotion"}],"is_trial":false,"path_per_floor":["M","?","M","M","M","E","R","E","T","$","R","?","E"],"character_chosen":"IRONCLAD","items_purchased":["Shrug It Off"],"campfire_rested":0,"item_purchase_floors":[10],"current_hp_per_floor":[73,65,65,63,57,57,57,31,31,46,46,53,53,53],"gold":127,"neow_bonus":"BOSS_RELIC","is_daily":false,"chose_seed":false,"campfire_upgraded":2,"win_rate":0.0,"timestamp":1613275311,"path_taken":["M","?","M","M","?","E","R","E","T","$","R","?","E"],"items_purchased_type":["Card"],"build_version":"2020-12-22","purchased_purges":1,"victory":false,"max_hp_per_floor":[80,80,80,80,80,80,80,80,80,80,80,80,80,80],"relic_stats":{"Gremlin Horn":[6,6],"counters":[8,24],"MealTicket":15,"obtain_stats":[{"Calling Bell":0,"Lantern":8,"Gremlin Horn":0,"Vajra":0,"MealTicket":9,"Odd Mushroom":12,"Burning Blood":0,"Pocketwatch":0,"Mercury Hourglass":6},{"Calling Bell":0,"Lantern":6,"Gremlin Horn":0,"Vajra":0,"MealTicket":6,"Odd Mushroom":7,"Burning Blood":0,"Pocketwatch":0,"Mercury Hourglass":5},{"Calling Bell":0,"Lantern":21,"Gremlin Horn":0,"Vajra":0,"MealTicket":21,"Odd Mushroom":23,"Burning Blood":0,"Pocketwatch":0,"Mercury Hourglass":15}],"Pocketwatch":[39],"Mercury Hourglass":[36]},"card_choices":[{"not_picked":["Sword Boomerang","Body Slam"],"picked":"Carnage","floor":1.0},{"not_picked":["Perfected Strike","Headbutt"],"picked":"Pummel","floor":3.0},{"not_picked":["Body Slam","Combust","Iron Wave"],"picked":"SKIP","floor":4.0},{"not_picked":["Clothesline","Metallicize"],"picked":"Spot Weakness","floor":5.0},{"not_picked":["Flex","Clothesline","Heavy Blade"],"picked":"SKIP","floor":6.0},{"not_picked":["Berserk","Twin Strike"],"picked":"Bludgeon","floor":8.0},{"not_picked":["Iron Wave","Clothesline"],"picked":"Armaments","floor":12.0}],"player_experience":1354687,"relics_obtained":[{"floor":0.0,"key":"Vajra"},{"floor":0.0,"key":"Gremlin Horn"},{"floor":0.0,"key":"Pocketwatch"},{"floor":6.0,"key":"Mercury Hourglass"},{"floor":8.0,"key":"Lantern"},{"floor":9.0,"key":"MealTicket"},{"floor":12.0,"key":"Odd Mushroom"}],"event_choices":[{"damage_healed":0.0,"max_hp_gain":0.0,"max_hp_loss":0.0,"gold_gain":0.0,"event_name":"Wheel of Change","player_choice":"Damaged","floor":2.0,"gold_loss":0.0,"damage_taken":8.0},{"damage_healed":0.0,"max_hp_gain":0.0,"max_hp_loss":0.0,"gold_gain":0.0,"event_name":"Mushrooms","player_choice":"Fought Mushrooms","floor":12.0,"gold_loss":0.0,"damage_taken":0.0}],"is_beta":false,"boss_relics":[],"items_purged_floors":[10],"is_endless":false,"potions_floor_spawned":[1,4,8],"killed_by":"3 Sentries","ascension_level":1}}