{"host":"1stlzvh7atuy33yh","time":1613261205,"event":{"mods":["BaseMod","Colored Map","Colored Powertips","Downfall","Friendly Minions","Minty Spire (QoL Compilation)","StSLib","The Marked","The Mystic"],"gold_per_floor":[215,140,140,40,55,55,69,69,92,92,92,105,136,152,152,248,248,264,264,274,290,11,11,29,29,54,54,54,5,5,5,5,110,110,122,172,188,38,38,38],"floor_reached":39,"language":"ENG","playtime":4723,"items_purged":["mysticmod:Strike_Mystic","mysticmod:Defend_Mystic","mysticmod:Strike_Mystic","mysticmod:Strike_Mystic"],"score":377,"play_id":"731dce51-6bdd-4e4c-9149-dda0df14033b","local_time":"20210213190645","is_ascension_mode":false,"campfire_choices":[{"floor":6,"key":"RECALL"},{"data":"mysticmod:Fireball","floor":8,"key":"SMITH"},{"data":"mysticmod:ArcaneDodge","floor":11,"key":"SMITH"},{"data":"mysticmod:BladedDash","floor":15,"key":"SMITH"},{"floor":23,"key":"REST"},{"floor":25,"key":"REST"},{"floor":30,"key":"REST"},{"data":"mysticmod:MagicWeapon","floor":32,"key":"SMITH"}],"circlet_count":0,"master_deck":["mysticmod:Strike_Mystic","mysticmod:Defend_Mystic","mysticmod:ArcaneDodge+1","mysticmod:ShockingGrasp","mysticmod:LightningBolt","mysticmod:DiviningBlow","mysticmod:Fireball+1","mysticmod:BladedDash+1","mysticmod:ObscuringMist","mysticmod:Sideswipe","mysticmod:Stoneskin","mysticmod:PureInstinct+1","mysticmod:CureLightWounds","mysticmod:MagicWeapon+1"],"relics":["mysticmod:SpellBook","Pear","Dream Catcher","TheAbacus","Orichalcum","Empty Cage","Prayer Wheel"],"acts_visited":["Exordium","TheCity","TheBeyond"],"potions_floor_usage":[13,14,16,21,33,36],"damage_taken":[{"damage":0,"enemies":"2 Louse","floor":1,"turns":3},{"damage":0,"enemies":"Cultist","floor":5,"turns":3},{"damage":0,"enemies":"Jaw Worm","floor":7,"turns":5},{"damage":11,"enemies":"Large Slime","floor":12,"turns":4},{"damage":15,"enemies":"3 Sentries","floor":13,"turns":7},{"damage":0,"enemies":"Blue Slaver","floor":14,"turns":3},{"damage":57,"enemies":"The Guardian","floor":16,"turns":12},{"damage":5,"enemies":"Chosen","floor":18,"turns":7},{"damage":29,"enemies":"Shell Parasite","floor":20,"turns":8},{"damage":34,"enemies":"Chosen and Byrds","floor":21,"turns":7},{"damage":27,"enemies":"Centurion and Healer","floor":24,"turns":9},{"damage":68,"enemies":"Collector","floor":33,"turns":12},{"damage":11,"enemies":"Orb Walker","floor":35,"turns":5},{"damage":22,"enemies":"Mind Bloom Boss Battle","floor":36,"turns":8},{"damage":32,"enemies":"3 Darklings","floor":37,"turns":5},{"damage":35,"enemies":"Maw","floor":39,"turns":8}],"seed_played":"-2538956448094584890","potions_obtained":[{"floor":7,"key":"champ:CounterPotion"},{"floor":10,"key":"SteroidPotion"},{"floor":10,"key":"Block Potion"},{"floor":10,"key":"Strength Potion"},{"floor":16,"key":"Swift Potion"},{"floor":20,"key":"Guardian:BlockOnCardUsePotion"},{"floor":24,"key":"Energy Potion"}],"is_trial":false,"path_per_floor":["M","$","?","$","M","R","M","R","T","?","R","M","E","M","R","B",null,"M","?","M","M","$","R","M","R","T","?","?","$","R","?","R","B",null,"M","?","M","$","M"],"character_chosen":"MYSTIC_CLASS","items_purchased":["TheAbacus","PowerPotion"],"campfire_rested":3,"item_purchase_floors":[22,29],"current_hp_per_floor":[77,77,77,77,77,77,77,77,77,77,77,66,61,61,61,4,87,82,82,53,19,19,45,18,44,44,44,44,44,70,87,87,22,87,76,57,28,28,0,0],"gold":38,"neow_bonus":"HUNDRED_GOLD","is_daily":false,"chose_seed":false,"campfire_upgraded":4,"win_rate":0.0,"timestamp":1613261205,"path_taken":["M","$","?","?","M","R","M","R","T","?","R","?","E","?","R","BOSS","M","?","?","M","$","R","M","R","T","?","?","?","R","?","R","BOSS","M","?","M","$","M"],"items_purchased_type":["Relic","Potion"],"build_version":"2020-12-22","purchased_purges":4,"victory":false,"max_hp_per_floor":[77,77,77,77,77,77,77,77,77,77,77,77,87,87,87,87,87,87,87,87,87,87,87,87,87,87,87,87,87,87,87,87,87,87,87,87,87,87,87,87],"card_choices":[{"not_picked":["mysticmod:BulkUp","mysticmod:SuddenClarity"],"picked":"mysticmod:LightningBolt","floor":1},{"not_picked":["mysticmod:Shield","mysticmod:SuddenClarity"],"picked":"mysticmod:DiviningBlow","floor":5},{"not_picked":["mysticmod:LightningBolt","mysticmod:Probe"],"picked":"mysticmod:Fireball","floor":7},{"not_picked":["mysticmod:MagicWeapon","mysticmod:DiviningBlow"],"picked":"mysticmod:BladedDash","floor":12},{"not_picked":["mysticmod:Shield","mysticmod:Alacrity","mysticmod:SpontaneousCaster"],"picked":"SKIP","floor":13},{"not_picked":["mysticmod:SuddenClarity","mysticmod:MirrorStrike","mysticmod:Disengage"],"picked":"SKIP","floor":14},{"not_picked":["mysticmod:EnchantedMoulinet","mysticmod:GeminiForm"],"picked":"mysticmod:ObscuringMist","floor":16},{"not_picked":["mysticmod:Grease","mysticmod:Alacrity"],"picked":"mysticmod:Sideswipe","floor":18},{"not_picked":["mysticmod:StyleChange","mysticmod:SummonFamiliar","mysticmod:PowerSlash"],"picked":"SKIP","floor":20},{"not_picked":["mysticmod:Shield+1","mysticmod:ComponentsPouch"],"picked":"mysticmod:Stoneskin","floor":21},{"not_picked":["mysticmod:Snowball","mysticmod:BulkUp"],"picked":"mysticmod:PureInstinct+1","floor":24},{"not_picked":["mysticmod:KeenEdge","mysticmod:ArcaneAccuracy"],"picked":"mysticmod:CureLightWounds","floor":25},{"not_picked":["mysticmod:Snowball","mysticmod:ComponentsPouch"],"picked":"mysticmod:MagicWeapon","floor":30},{"not_picked":["mysticmod:PowerSlash","mysticmod:SummonFamiliar","mysticmod:Fly+1"],"picked":"SKIP","floor":35},{"not_picked":["mysticmod:LightningBolt+1","mysticmod:FiveFootStep","mysticmod:Disengage+1"],"picked":"SKIP","floor":37},{"not_picked":["mysticmod:Stoneskin","mysticmod:VorpalThrust","mysticmod:PowerAttack+1"],"picked":"SKIP","floor":37}],"player_experience":118388,"relics_obtained":[{"floor":13,"key":"Pear"},{"floor":26,"key":"Orichalcum"},{"floor":36,"key":"Prayer Wheel"}],"event_choices":[{"damage_healed":0,"gold_gain":0,"player_choice":"Ignored","damage_taken":0,"max_hp_gain":0,"max_hp_loss":0,"event_name":"NoteForYourself","floor":3,"gold_loss":0},{"damage_healed":0,"gold_gain":0,"player_choice":"Got Potions","damage_taken":0,"max_hp_gain":0,"max_hp_loss":0,"event_name":"Lab","floor":10,"gold_loss":0},{"damage_healed":0,"gold_gain":0,"player_choice":"Gave Potion","damage_taken":0,"relics_obtained":["Dream Catcher"],"max_hp_gain":0,"max_hp_loss":0,"event_name":"WeMeetAgain","floor":19,"gold_loss":0},{"damage_healed":0,"gold_gain":0,"player_choice":"Ignored","damage_taken":0,"max_hp_gain":0,"max_hp_loss":0,"event_name":"Ghosts","floor":28,"gold_loss":0},{"damage_healed":29,"gold_gain":0,"player_choice":"Heal","damage_taken":0,"max_hp_gain":0,"max_hp_loss":0,"event_name":"The Library","floor":31,"gold_loss":0},{"damage_healed":0,"gold_gain":0,"player_choice":"Fight","damage_taken":0,"max_hp_gain":0,"max_hp_loss":0,"event_name":"MindBloom","floor":36,"gold_loss":0}],"is_beta":false,"boss_relics":[{"not_picked":["Philosopher\u0027s Stone","Runic Dome","mysticmod:DeckOfManyThings"]},{"not_picked":["Cursed Key","Coffee Dripper"],"picked":"Empty Cage"}],"items_purged_floors":[2,4,22,38],"is_endless":false,"potions_floor_spawned":[7,12,16,20,24],"killed_by":"Maw","ascension_level":0}}