{"host":"s0ikvqhe10eopvjn","time":1613320314,"event":{"mods":["Act Like it!","Bard","BaseMod","Better Third Choice","Block Reminder","Colored Map","Colored Powertips","Dark Map","DeckTracker","Downfall","GifTheSpireLib","Halation","Hallownest","Hermit","Highlight Path","Hubris","Infinite Spire","Mad Scientist","Minty Spire (QoL Compilation)","Permanent Neow","Random Character Button","Relic Stats","Reliquary","StSLib","The Blue Laboratory","The Bug Knight","The Construct","The Cursed","The Disciple","The Marked","The Necromancer","The Poker Player","The Runesmith","The Servant 0.9.4"],"gold_per_floor":[368,63,63,63,117,117,135,152,152,152,152],"floor_reached":10,"language":"ENG","playtime":394,"items_purged":["Shame"],"score":56,"play_id":"7542713d-13ea-4903-a7cb-a02126ec8ad3","local_time":"20210214163154","is_ascension_mode":false,"campfire_choices":[{"data":"infinitespire:Execution","floor":6,"key":"SMITH"}],"circlet_count":0,"master_deck":["Strike_P","Strike_P","Strike_P","Strike_P","Defend_P","Defend_P","Defend_P","Defend_P","Eruption","Vigilance","FlyingSleeves","Indignation","FearNoEvil","hubris:DuctTapeCard"],"relics":["PureWater","Membership Card","Blood Vial","hubris:Icosahedron","hubris:DuctTape"],"acts_visited":["Exordium"],"potions_floor_usage":[10],"damage_taken":[{"damage":14,"enemies":"2 Louse","floor":1,"turns":2},{"damage":11,"enemies":"Jaw Worm","floor":7,"turns":4},{"damage":0,"enemies":"Small Slimes","floor":8,"turns":2},{"damage":41,"enemies":"3 Sentries","floor":10,"turns":8}],"seed_played":"3076936821893053274","potions_obtained":[{"floor":8,"key":"SpeedPotion"}],"is_trial":false,"path_per_floor":["M","$","?","?","T","R","M","M","T","E"],"character_chosen":"WATCHER","items_purchased":["Membership Card","Blood Vial","Mind Blast"],"campfire_rested":0,"item_purchase_floors":[2,2,2],"current_hp_per_floor":[58,58,58,39,39,39,30,32,32,0,0],"gold":152,"neow_bonus":"TWO_FIFTY_GOLD","is_daily":false,"chose_seed":false,"campfire_upgraded":1,"win_rate":0.0,"timestamp":1613320314,"path_taken":["M","$","?","?","?","R","M","M","T","E"],"items_purchased_type":["Relic","Relic","Card"],"build_version":"2020-12-22","purchased_purges":1,"victory":false,"max_hp_per_floor":[72,72,72,72,72,72,72,72,72,72,72],"relic_stats":{"Blood Vial":6,"counters":[4,16],"obtain_stats":[{"Blood Vial":2,"hubris:Icosahedron":3,"hubris:DuctTape":9,"Membership Card":2,"PureWater":0},{"Blood Vial":1,"hubris:Icosahedron":1,"hubris:DuctTape":3,"Membership Card":1,"PureWater":0},{"Blood Vial":2,"hubris:Icosahedron":2,"hubris:DuctTape":8,"Membership Card":2,"PureWater":0}]},"card_choices":[{"not_picked":["BowlingBash","Fasting2"],"picked":"FlyingSleeves","floor":1},{"not_picked":["infinitespire:Starlight","infinitespire:Menacing"],"picked":"infinitespire:Execution","floor":4},{"not_picked":["SashWhip","Evaluate"],"picked":"Indignation","floor":7},{"not_picked":["FlyingSleeves","FollowUp"],"picked":"FearNoEvil","floor":8}],"player_experience":343069,"relics_obtained":[{"floor":9,"key":"hubris:DuctTape"}],"event_choices":[],"is_beta":false,"boss_relics":[],"items_purged_floors":[2],"is_endless":false,"potions_floor_spawned":[8],"killed_by":"3 Sentries","ascension_level":0}}