{"host":"ctlqibkg0sskiu65","time":1613319261,"event":{"mods":["AchievementEnabler","Aspiration","Astrologer","BaseMod","Better Third Choice","BetterRewards","Colored Map","Colored Powertips","Conspire","Curses Come First","Fiend Mod","Infinite Spire","Minty Spire (QoL Compilation)","Potionbrewer","Quick Restart","Reliquary","Replay The Spire","Robot Space Explorer","Shade Mod","Shop Mod","StSLib","The Blackbeard","The Bladedancer","The Cursed","The Death Knight","The Hierophant","The Jungle","The Kombatant","The Necromancer","The Poker Player","The Servant 0.9.4","TheBandit","Wide Potions","thorton"],"gold_per_floor":[118,118,40,40,40,40,52,52,52,2,34,51,51,64,64,139,139,156,156,156,156,170,170,170],"floor_reached":23,"language":"ENG","playtime":1147,"items_purged":[],"score":574,"play_id":"d229a20a-0cc2-4c4f-acdd-5cd02c237a3a","local_time":"20210214101421","is_ascension_mode":true,"campfire_choices":[{"data":"Terror","floor":6,"key":"SMITH"},{"floor":13,"key":"REST"},{"floor":15,"key":"REST"}],"circlet_count":0,"master_deck":["AscendersBane","Strike_G","Strike_G","Strike_G","Strike_G","Defend_G","Defend_G","Defend_G","Defend_G","Survivor","Neutralize","Slice","Terror+1","Endless Agony","Replay:DivineShield","Poisoned Stab","Noxious Fumes","Adrenaline","Leg Sweep+1","Dagger Spray","Replay:Fractal Strike","Blade Dance"],"relics":["Ring of the Snake","aspiration:HummingbirdHeart","Snake Skull","Boot","Chameleon Ring","conspire:Flyswatter","thethorton:BottledFunds"],"acts_visited":["Exordium","TheCity"],"potions_floor_usage":[11,16],"damage_taken":[{"damage":12,"enemies":"Cultist","floor":1,"turns":6},{"damage":0,"enemies":"Small Slimes","floor":7,"turns":4},{"damage":13,"enemies":"3 Sentries","floor":11,"turns":11},{"damage":0,"enemies":"2 Louse","floor":12,"turns":2},{"damage":8,"enemies":"2 Fungi Beasts","floor":14,"turns":4},{"damage":19,"enemies":"Slime Boss","floor":16,"turns":12},{"damage":4,"enemies":"2 Thieves","floor":18,"turns":4},{"damage":11,"enemies":"Chosen","floor":22,"turns":4},{"damage":30,"enemies":"Gremlin Leader","floor":23,"turns":3}],"seed_played":"-3231583297209214368","potions_obtained":[{"floor":1,"key":"AttackPotion"},{"floor":12,"key":"potionbrewer:QuicksilverPotion"},{"floor":16,"key":"SmokeBomb"}],"is_trial":false,"path_per_floor":["M","?","$","?","?","R","M","?","T","$","E","M","R","M","R","B",null,"M","?","?","?","M","E"],"character_chosen":"THE_SILENT","items_purchased":["aspiration:HummingbirdHeart","Snake Skull","Terror","Poisoned Stab"],"campfire_rested":2,"item_purchase_floors":[0,0,3,10],"current_hp_per_floor":[47,47,47,40,40,40,40,23,23,23,10,10,29,21,40,21,55,51,51,51,35,24,0,0],"gold":170,"neow_bonus":"","is_daily":false,"chose_seed":false,"campfire_upgraded":1,"win_rate":0.0,"timestamp":1613319261,"path_taken":["M","?","$","?","?","R","?","?","T","$","E","M","R","M","R","BOSS","M","?","?","?","M","E"],"items_purchased_type":["Relic","Relic","Card","Card"],"build_version":"2020-12-22","purchased_purges":0,"victory":false,"max_hp_per_floor":[66,66,66,66,66,66,66,66,66,66,66,66,66,66,66,66,66,66,66,66,66,66,66,66],"card_choices":[{"not_picked":["Dodge and Roll","Acrobatics"],"picked":"Slice","floor":1},{"not_picked":["Dagger Throw","PiercingWail"],"picked":"Endless Agony","floor":7},{"not_picked":["Choke","Wraith Form v2","ReplayTheSpireMod:Necrosis"],"picked":"SKIP","floor":11},{"not_picked":["Deflect","Sneak Up"],"picked":"Noxious Fumes","floor":12},{"not_picked":["Acrobatics","Escape Plan","Well Laid Plans"],"picked":"SKIP","floor":14},{"not_picked":["Glass Knife","Burst"],"picked":"Adrenaline","floor":16},{"not_picked":["Backflip+1","Accuracy"],"picked":"Leg Sweep+1","floor":18},{"not_picked":["infinitespire:Menacing","infinitespire:DeathsTouch"],"picked":"Replay:Fractal Strike","floor":21},{"not_picked":["Dodge and Roll","Cloak And Dagger"],"picked":"Blade Dance","floor":22}],"player_experience":300359,"relics_obtained":[{"floor":9,"key":"Chameleon Ring"},{"floor":11,"key":"conspire:Flyswatter"}],"event_choices":[{"cards_removed":["Strike_G"],"damage_healed":0,"gold_gain":0,"player_choice":"Card Removal","damage_taken":7,"max_hp_gain":0,"max_hp_loss":0,"event_name":"Golden Wing","floor":4,"gold_loss":0},{"cards_removed":["Defend_G"],"damage_healed":0,"gold_gain":0,"player_choice":"Offered Basic","damage_taken":0,"max_hp_gain":0,"max_hp_loss":0,"event_name":"Bonfire Elementals","floor":5,"gold_loss":0},{"damage_healed":0,"gold_gain":0,"player_choice":"Read","damage_taken":0,"max_hp_gain":0,"max_hp_loss":0,"event_name":"The Library","floor":19,"gold_loss":0,"cards_obtained":["Dagger Spray"]},{"damage_healed":0,"gold_gain":0,"player_choice":"Ignored","damage_taken":0,"max_hp_gain":0,"max_hp_loss":0,"event_name":"The Mausoleum","floor":20,"gold_loss":0}],"is_beta":false,"boss_relics":[{"not_picked":["HoveringKite","reliquary:WritOfMandamus"],"picked":"thethorton:BottledFunds"}],"items_purged_floors":[],"is_endless":false,"potions_floor_spawned":[1,12,16],"killed_by":"Gremlin Leader","ascension_level":20}}