{"host":"ga4s3hj9m6nkn6gp","time":1613311069,"event":{"mods":["AchievementEnabler","BaseMod","Bestiary","Colored Powertips","Highlight Path","Minty Spire (QoL Compilation)","Relic Stats","everything is the same but u backflip on backflip"],"gold_per_floor":[115,127,127,139,139,139,151,151,174,199,199,199,232,243,243,320,320,331,9,27,40,56,81,81,115,115,134,134,74,74,86,86,86,86],"floor_reached":33,"language":"ENG","playtime":1956,"items_purged":["Strike_G"],"score":794,"play_id":"3310344d-e125-4039-8ce7-befdc9edb308","local_time":"20210214145749","is_ascension_mode":true,"campfire_choices":[{"data":"Underhanded Strike","floor":6.0,"key":"SMITH"},{"data":"Catalyst","floor":8.0,"key":"SMITH"},{"data":"Adrenaline","floor":12.0,"key":"SMITH"},{"data":"Crippling Poison","floor":15.0,"key":"SMITH"},{"data":"Blade Dance","floor":24,"key":"SMITH"},{"data":"Wraith Form v2","floor":28,"key":"SMITH"},{"floor":32,"key":"REST"}],"circlet_count":0,"master_deck":["AscendersBane","Strike_G","Strike_G","Strike_G","Strike_G","Defend_G","Defend_G","Defend_G","Defend_G","Defend_G","Survivor","Neutralize","Underhanded Strike+1","PiercingWail","Catalyst+1","Adrenaline+1","Acrobatics","Backstab","All Out Attack","Crippling Poison+1","Venomology","Blade Dance+1","Accuracy+1","Leg Sweep+1","PiercingWail","Wraith Form v2+1","Concentrate"],"relics":["Ring of the Snake","Dead Branch","Oddly Smooth Stone","Art of War","Lantern","Runic Pyramid","Incense Burner","PreservedInsect","TungstenRod","The Courier"],"acts_visited":["Exordium","TheCity"],"potions_floor_usage":[23,25,25,33,33],"damage_taken":[{"damage":1.0,"enemies":"Cultist","floor":1.0,"turns":5.0},{"damage":2.0,"enemies":"2 Louse","floor":2.0,"turns":4.0},{"damage":0.0,"enemies":"Small Slimes","floor":4.0,"turns":4.0},{"damage":9.0,"enemies":"Blue Slaver","floor":7.0,"turns":3.0},{"damage":1.0,"enemies":"3 Sentries","floor":10.0,"turns":5.0},{"damage":24.0,"enemies":"Gremlin Nob","floor":13.0,"turns":4.0},{"damage":0.0,"enemies":"Lots of Slimes","floor":14.0,"turns":2.0},{"damage":0.0,"enemies":"The Guardian","floor":16.0,"turns":7.0},{"damage":6.0,"enemies":"3 Byrds","floor":18.0,"turns":4.0},{"damage":0.0,"enemies":"Spheric Guardian","floor":20.0,"turns":2.0},{"damage":2.0,"enemies":"Snake Plant","floor":21.0,"turns":5.0},{"damage":9.0,"enemies":"Shelled Parasite and Fungi","floor":22.0,"turns":3.0},{"damage":0,"enemies":"Book of Stabbing","floor":23,"turns":3},{"damage":0,"enemies":"Slavers","floor":25,"turns":3},{"damage":19,"enemies":"Snecko","floor":27,"turns":5},{"damage":0,"enemies":"Centurion and Healer","floor":31,"turns":4},{"damage":34,"enemies":"Champ","floor":33,"turns":13}],"seed_played":"-8133511344590387260","potions_obtained":[{"floor":2.0,"key":"Weak Potion"},{"floor":4.0,"key":"AttackPotion"},{"floor":11.0,"key":"ColorlessPotion"},{"floor":13.0,"key":"SneckoOil"},{"floor":18.0,"key":"EssenceOfSteel"}],"is_trial":false,"path_per_floor":["M","M","?","M","$","R","M","R","T","E","?","R","E","M","R","B",null,"M","$","M","M","M","E","R","E","T","M","R","$","?","M","R","B"],"character_chosen":"THE_SILENT","items_purchased":["Incense Burner"],"campfire_rested":1,"item_purchase_floors":[19],"current_hp_per_floor":[58,56,56,56,56,56,47,47,47,46,46,46,22,22,22,22,51,45,45,45,43,34,34,34,34,34,15,15,15,15,15,33,0,0],"gold":86,"neow_bonus":"ONE_RARE_RELIC","is_daily":false,"chose_seed":false,"campfire_upgraded":6,"win_rate":0.0,"timestamp":1613311069,"path_taken":["M","M","?","?","$","R","M","R","T","E","?","R","E","M","R","BOSS","M","$","M","M","M","E","R","E","T","?","R","$","?","M","R","BOSS"],"items_purchased_type":["Relic"],"build_version":"2020-12-22","purchased_purges":1,"victory":false,"max_hp_per_floor":[60,60,60,60,60,60,60,60,60,60,60,60,60,60,60,60,60,60,60,60,60,60,60,60,60,60,60,60,60,60,60,60,60,60],"relic_stats":{"counters":[17,76],"Dead Branch":[122],"PreservedInsect":39,"Art of War":[10],"obtain_stats":[{"Lantern":13,"Dead Branch":0,"Oddly Smooth Stone":9,"PreservedInsect":23,"The Courier":26,"Art of War":10,"Incense Burner":19,"TungstenRod":25,"Ring of the Snake":0,"Runic Pyramid":17},{"Lantern":6,"Dead Branch":0,"Oddly Smooth Stone":4,"PreservedInsect":13,"The Courier":14,"Art of War":5,"Incense Burner":9,"TungstenRod":14,"Ring of the Snake":0,"Runic Pyramid":8},{"Lantern":25,"Dead Branch":0,"Oddly Smooth Stone":16,"PreservedInsect":51,"The Courier":54,"Art of War":21,"Incense Burner":38,"TungstenRod":54,"Ring of the Snake":0,"Runic Pyramid":34}],"TungstenRod":7,"Ring of the Snake":[34]},"card_choices":[{"not_picked":["Prepared","Catalyst"],"picked":"Underhanded Strike","floor":1.0},{"not_picked":["Outmaneuver","Dodge and Roll"],"picked":"PiercingWail","floor":2.0},{"not_picked":["Cloak And Dagger","Underhanded Strike"],"picked":"Adrenaline","floor":4.0},{"not_picked":["Bane","Blur"],"picked":"Acrobatics","floor":7.0},{"not_picked":["Sucker Punch","Terror"],"picked":"Backstab","floor":10.0},{"not_picked":["Distraction","Cloak And Dagger"],"picked":"All Out Attack","floor":13.0},{"not_picked":["Caltrops","Backflip"],"picked":"Crippling Poison","floor":14.0},{"not_picked":["Envenom","Doppelganger"],"picked":"Venomology","floor":16.0},{"not_picked":["Prepared","Finisher"],"picked":"Blade Dance","floor":18.0},{"not_picked":["Deflect","Poisoned Stab","Quick Slash"],"picked":"SKIP","floor":20.0},{"not_picked":["Blade Dance","Backflip"],"picked":"Accuracy+1","floor":21.0},{"not_picked":["Cloak And Dagger","Venomology"],"picked":"Leg Sweep+1","floor":22.0},{"not_picked":["Slice","Escape Plan"],"picked":"PiercingWail","floor":23},{"not_picked":["Acrobatics","Setup"],"picked":"Wraith Form v2","floor":25},{"not_picked":["Deadly Poison","Outmaneuver","Slice"],"picked":"SKIP","floor":27},{"not_picked":["Outmaneuver","Distraction","Deadly Poison"],"picked":"SKIP","floor":31}],"player_experience":776786,"relics_obtained":[{"floor":9.0,"key":"Oddly Smooth Stone"},{"floor":10.0,"key":"Art of War"},{"floor":13.0,"key":"Lantern"},{"floor":23,"key":"PreservedInsect"},{"floor":25,"key":"TungstenRod"},{"floor":26,"key":"The Courier"}],"event_choices":[{"damage_healed":0.0,"max_hp_gain":0.0,"max_hp_loss":0.0,"gold_gain":0.0,"event_name":"Match and Keep!","player_choice":"1 cards matched","floor":3.0,"gold_loss":0.0,"damage_taken":0.0,"cards_obtained":["Catalyst"]},{"damage_healed":0.0,"max_hp_gain":0.0,"max_hp_loss":0.0,"gold_gain":0.0,"event_name":"Lab","player_choice":"Got Potions","floor":11.0,"gold_loss":0.0,"damage_taken":0.0},{"damage_healed":0,"gold_gain":0,"player_choice":"Read","damage_taken":0,"max_hp_gain":0,"max_hp_loss":0,"event_name":"The Library","floor":30,"gold_loss":0,"cards_obtained":["Concentrate"]}],"is_beta":false,"boss_relics":[{"not_picked":["Velvet Choker","SacredBark"],"picked":"Runic Pyramid"}],"items_purged_floors":[29],"is_endless":false,"potions_floor_spawned":[2,4,7,13,18,21,23,27],"killed_by":"Champ","ascension_level":20}}