{"host":"j4b88pk2ewfl8ntk","time":1613317158,"event":{"mods":["2.2 Compatiblity","BaseMod","Bestiary","Colored Map","Colored Powertips","Curses Come First","Highlight Path","Keyboard Shortcuts","Minty Spire (QoL Compilation)","Relic Stats","StSLib","SuperFastMode"],"gold_per_floor":[112,125,139,139,157,157,187,187,266,266,281,322,334,379,391,532,544,525,556,36,51,51,51,51],"floor_reached":23,"language":"ENG","playtime":1556,"items_purged":["Strike_P"],"score":295,"play_id":"ca503f5c-081b-4cf7-9a8c-e36989181692","local_time":"20210214193918","is_ascension_mode":true,"campfire_choices":[{"data":"JustLucky","floor":6.0,"key":"SMITH"},{"floor":10.0,"key":"REST"},{"floor":13.0,"key":"REST"},{"data":"TalkToTheHand","floor":15.0,"key":"SMITH"}],"circlet_count":0,"master_deck":["Strike_P","Strike_P","Strike_P","Defend_P","Defend_P","Defend_P","Defend_P","Eruption+1","Vigilance","CurseOfTheBell","FearNoEvil","EmptyFist","Halt","JustLucky+1","Sanctity","TalkToTheHand+1","Evaluate","MasterReality","EmptyBody+1","DeceiveReality+1","ReachHeaven"],"relics":["Calling Bell","MealTicket","White Beast Statue","Calipers","WingedGreaves","Golden Idol","Kunai","MawBank","Potion Belt","Coffee Dripper","Bottled Tornado","Toy Ornithopter"],"acts_visited":["Exordium","TheCity"],"potions_floor_usage":[21,21],"damage_taken":[{"damage":5.0,"enemies":"Cultist","floor":1.0,"turns":4.0},{"damage":4.0,"enemies":"Jaw Worm","floor":2.0,"turns":4.0},{"damage":0.0,"enemies":"Small Slimes","floor":3.0,"turns":3.0},{"damage":19.0,"enemies":"Exordium Thugs","floor":5.0,"turns":6.0},{"damage":14.0,"enemies":"3 Sentries","floor":7.0,"turns":8.0},{"damage":3.0,"enemies":"2 Fungi Beasts","floor":11.0,"turns":3.0},{"damage":19.0,"enemies":"Lagavulin","floor":12.0,"turns":5.0},{"damage":12.0,"enemies":"Gremlin Nob","floor":14.0,"turns":3.0},{"damage":14.0,"enemies":"Hexaghost","floor":16.0,"turns":13.0},{"damage":7.0,"enemies":"2 Thieves","floor":18.0,"turns":5.0},{"damage":18.0,"enemies":"Chosen","floor":19.0,"turns":7.0},{"damage":0,"enemies":"Snake Plant","floor":21,"turns":8},{"damage":75,"enemies":"Gremlin Leader","floor":23,"turns":5}],"seed_played":"-2924239729529705960","potions_obtained":[{"floor":1.0,"key":"ColorlessPotion"},{"floor":2.0,"key":"Energy Potion"},{"floor":3.0,"key":"Explosive Potion"},{"floor":5.0,"key":"PowerPotion"},{"floor":7.0,"key":"PowerPotion"},{"floor":11.0,"key":"Energy Potion"},{"floor":12.0,"key":"SneckoOil"},{"floor":14.0,"key":"Weak Potion"},{"floor":16.0,"key":"SkillPotion"},{"floor":18.0,"key":"Regen Potion"},{"floor":19.0,"key":"BlessingOfTheForge"},{"floor":21,"key":"SteroidPotion"}],"is_trial":false,"path_per_floor":["M","M","M","?","M","R","E","?","T","R","M","E","R","E","R","B",null,"M","M","$","M","?","E"],"character_chosen":"WATCHER","items_purchased":["Bottled Tornado","Toy Ornithopter","Block Potion"],"campfire_rested":2,"item_purchase_floors":[20,20,20],"current_hp_per_floor":[60,56,56,56,37,37,23,23,23,43,40,21,41,29,29,15,54,47,44,59,67,67,0,0],"gold":51,"neow_bonus":"BOSS_RELIC","is_daily":false,"chose_seed":false,"campfire_upgraded":2,"win_rate":0.0,"timestamp":1613317158,"path_taken":["M","?","M","?","M","R","E","?","T","R","M","E","R","E","R","BOSS","M","M","$","M","?","E"],"items_purchased_type":["Relic","Relic","Potion"],"build_version":"2020-12-22","purchased_purges":1,"victory":false,"max_hp_per_floor":[72,72,72,72,72,72,72,67,67,67,67,67,67,67,67,67,67,67,67,67,67,67,67,67],"relic_stats":{"counters":[13,74],"Golden Idol":54,"MealTicket":15,"Kunai":[24],"MawBank":96,"obtain_stats":[{"Potion Belt":14,"Calipers":0,"Golden Idol":8,"Bottled Tornado":20,"MawBank":12,"White Beast Statue":0,"Calling Bell":0,"MealTicket":0,"WingedGreaves":7,"Coffee Dripper":17,"Kunai":9,"PureWater":0,"Toy Ornithopter":20},{"Potion Belt":8,"Calipers":0,"Golden Idol":5,"Bottled Tornado":11,"MawBank":7,"White Beast Statue":0,"Calling Bell":0,"MealTicket":0,"WingedGreaves":5,"Coffee Dripper":9,"Kunai":5,"PureWater":0,"Toy Ornithopter":11},{"Potion Belt":36,"Calipers":0,"Golden Idol":25,"Bottled Tornado":61,"MawBank":33,"White Beast Statue":0,"Calling Bell":0,"MealTicket":0,"WingedGreaves":25,"Coffee Dripper":49,"Kunai":25,"PureWater":0,"Toy Ornithopter":61}],"Toy Ornithopter":8},"card_choices":[{"not_picked":["PathToVictory","EmptyMind"],"picked":"FearNoEvil","floor":1.0},{"not_picked":["Swivel","Vengeance"],"picked":"EmptyFist","floor":2.0},{"not_picked":["Vengeance","CrushJoints"],"picked":"Halt","floor":3.0},{"not_picked":["Conclude","Pray"],"picked":"JustLucky","floor":5.0},{"not_picked":["CrushJoints","Evaluate"],"picked":"Sanctity","floor":7.0},{"not_picked":["WindmillStrike","CutThroughFate","Worship"],"picked":"SKIP","floor":11.0},{"not_picked":["Omniscience","PathToVictory"],"picked":"TalkToTheHand","floor":12.0},{"not_picked":["Wireheading","Consecrate"],"picked":"Evaluate","floor":14.0},{"not_picked":["DeusExMachina","SpiritShield"],"picked":"MasterReality","floor":16.0},{"not_picked":["Halt","Crescendo"],"picked":"EmptyBody+1","floor":18.0},{"not_picked":["Weave+1","Prostrate"],"picked":"DeceiveReality+1","floor":19.0},{"not_picked":["Prostrate","Indignation"],"picked":"ReachHeaven","floor":21}],"player_experience":1241965,"relics_obtained":[{"floor":0.0,"key":"MealTicket"},{"floor":0.0,"key":"White Beast Statue"},{"floor":0.0,"key":"Calipers"},{"floor":7.0,"key":"WingedGreaves"},{"floor":9.0,"key":"Kunai"},{"floor":12.0,"key":"MawBank"},{"floor":14.0,"key":"Potion Belt"}],"event_choices":[{"damage_healed":0.0,"max_hp_gain":0.0,"max_hp_loss":0.0,"gold_gain":0.0,"event_name":"Living Wall","player_choice":"Grow","floor":4.0,"gold_loss":0.0,"damage_taken":0.0,"cards_upgraded":["Eruption"]},{"damage_healed":0.0,"max_hp_gain":0.0,"max_hp_loss":5.0,"gold_gain":0.0,"event_name":"Golden Idol","player_choice":"Lose Max HP","floor":8.0,"gold_loss":0.0,"damage_taken":0.0,"relics_obtained":["Golden Idol"]},{"damage_healed":0,"gold_gain":0,"player_choice":"Ignored","damage_taken":0,"max_hp_gain":0,"max_hp_loss":0,"event_name":"Ghosts","floor":22,"gold_loss":0}],"is_beta":false,"boss_relics":[{"not_picked":["Runic Pyramid","Pandora\u0027s Box"],"picked":"Coffee Dripper"}],"items_purged_floors":[20],"is_endless":false,"potions_floor_spawned":[1,2,3,5,7,11,12,14,16,18,19,21],"killed_by":"Gremlin Leader","ascension_level":8}}