{"host":"qheym18ww6mhskxf","time":1613273746,"event":{"mods":["100% Spire Juice","BaseMod","CapriCore","Friendly Minions","GungeonMod","KOR Keyword Fix","Kiyohime£¨?ýï£©","Minty Spire (QoL Compilation)","Prisma Mod","Quick Restart","Rare Cards Sparkle","Shop Mod","Spicy Shops","StSLib","Td1madao Mod","The Dragon Tamer","Username Fix"],"gold_per_floor":[115,95,138,155,33,33,33,52,106,136,136,136],"floor_reached":11,"language":"KOR","playtime":5632,"items_purged":[],"score":103,"play_id":"5900474a-f142-4825-a2fa-00f279dbb68d","local_time":"20210214123546","daily_mods":["Heirloom","Time Dilation","DeadlyEvents","Elite Swarm"],"is_ascension_mode":true,"campfire_choices":[{"floor":6.0,"key":"DIG"}],"circlet_count":0,"master_deck":["Strike_P","Strike_P","Strike_P+1","Strike_P","Defend_P","Defend_P","Defend_P","Defend_P+1","Eruption","Vigilance","Panacea","Prostrate+1","Scrawl+1"],"relics":["PureWater","Shovel","Membership Card","MerchantsRug","Toxic Egg 2","CloakClasp","Regal Pillow","DemoMod:JetPack"],"acts_visited":["Exordium"],"potions_floor_usage":[],"damage_taken":[{"damage":0.0,"enemies":"2 Louse","floor":1.0,"turns":3.0},{"damage":0.0,"enemies":"Cultist","floor":4.0,"turns":2.0},{"damage":0.0,"enemies":"Small Slimes","floor":8.0,"turns":2.0},{"damage":41,"enemies":"Gremlin Nob","floor":10,"turns":6},{"damage":10,"enemies":"3 Sentries","floor":11,"turns":8}],"seed_played":"9163704295037819992","potions_obtained":[{"floor":2.0,"key":"BottledMiracle"},{"floor":10,"key":"ColorlessPotion"}],"is_trial":true,"path_per_floor":["M","?","$","M","$","R","?","M","T","E","E"],"character_chosen":"WATCHER","items_purchased":["Panacea","Membership Card","MerchantsRug","Toxic Egg 2"],"campfire_rested":0,"item_purchase_floors":[3,3,3,5],"current_hp_per_floor":[65,65,65,65,65,65,51,51,51,10,0,0],"gold":136,"neow_bonus":"","is_daily":false,"chose_seed":false,"campfire_upgraded":0,"win_rate":0.0,"timestamp":1613273746,"path_taken":["M","?","$","?","?","R","?","M","T","?","?"],"items_purchased_type":["Card","Relic","Relic","Relic"],"build_version":"2020-12-22","purchased_purges":0,"victory":false,"max_hp_per_floor":[72,72,72,72,72,72,72,72,72,72,72,72],"card_choices":[{"not_picked":["PrismaMod:ChloeCheapAttackTwo","FlyingSleeves","JustLucky"],"picked":"SKIP","floor":1.0},{"not_picked":["Sanctity","Adaptation","PathToVictory"],"picked":"SKIP","floor":4.0},{"not_picked":["Sanctity+1","PrismaMod:ChloeCommonAOEAttack"],"picked":"Prostrate+1","floor":8.0},{"not_picked":["PrismaMod:ChloeAnyCommonTrace+1","PrismaMod:ChloeAnyRareTrace+1"],"picked":"Scrawl+1","floor":10}],"player_experience":492421,"relics_obtained":[{"floor":6.0,"key":"CloakClasp"},{"floor":9.0,"key":"Regal Pillow"},{"floor":10,"key":"DemoMod:JetPack"}],"event_choices":[{"damage_healed":0.0,"max_hp_gain":0.0,"max_hp_loss":0.0,"gold_gain":0.0,"event_name":"The Woman in Blue","player_choice":"Bought 1 Potion","floor":2.0,"gold_loss":0.0,"damage_taken":0.0},{"damage_healed":0.0,"max_hp_gain":0.0,"max_hp_loss":0.0,"gold_gain":0.0,"event_name":"Shining Light","player_choice":"Entered Light","floor":7.0,"gold_loss":0.0,"damage_taken":14.0,"cards_upgraded":["Strike_P","Defend_P"]}],"is_beta":false,"boss_relics":[],"items_purged_floors":[],"is_endless":true,"potions_floor_spawned":[10],"killed_by":"3 Sentries","ascension_level":9}}