{"host":"bpnwh7vpv9k3tssc","time":1613323023,"event":{"mods":["BaseMod","Colored Map","Colored Powertips","Curses Come First","Highlight Path","Minty Spire (QoL Compilation)","Quick Restart","Random Character Button","Relic Sorter","StSLib"],"gold_per_floor":[116,116,191,203,203,235,265,265,288,312,312,338,375,150,150,232,232,232,232],"floor_reached":18,"language":"ENG","playtime":485,"items_purged":["Strike_R"],"score":347,"play_id":"6f5f2aac-c4b7-4f71-9387-47c871807e45","local_time":"20210214181703","is_ascension_mode":true,"campfire_choices":[{"data":"Uppercut","floor":8,"key":"SMITH"},{"data":"Body Slam","floor":11,"key":"SMITH"},{"data":"Impervious","floor":15,"key":"SMITH"}],"circlet_count":0,"master_deck":["AscendersBane","Strike_R","Strike_R","Strike_R","Strike_R","Defend_R","Defend_R","Defend_R","Defend_R","Bash","Shockwave","Shrug It Off","Uppercut+1","Body Slam+1","Impervious+1","Impervious","Fire Breathing","Power Through","Impervious"],"relics":["Burning Blood","NeowsBlessing","Calipers","Odd Mushroom","CeramicFish","Pen Nib","Runic Pyramid"],"acts_visited":["Exordium","TheCity"],"potions_floor_usage":[7,13,16],"damage_taken":[{"damage":0,"enemies":"Cultist","floor":1,"turns":1},{"damage":0,"enemies":"Jaw Worm","floor":4,"turns":1},{"damage":0,"enemies":"Gremlin Nob","floor":6,"turns":1},{"damage":30,"enemies":"The Mushroom Lair","floor":7,"turns":7},{"damage":2,"enemies":"2 Louse","floor":10,"turns":3},{"damage":6,"enemies":"Blue Slaver","floor":12,"turns":4},{"damage":14,"enemies":"3 Sentries","floor":13,"turns":8},{"damage":27,"enemies":"Hexaghost","floor":16,"turns":9},{"damage":8,"enemies":"Chosen","floor":18,"turns":3}],"seed_played":"-8382793759376841523","potions_obtained":[{"floor":1,"key":"BlessingOfTheForge"},{"floor":4,"key":"ColorlessPotion"},{"floor":12,"key":"AttackPotion"}],"is_trial":false,"path_per_floor":["M","?","?","M","?","E","?","R","T","M","R","M","E","$","R","B",null,"M"],"character_chosen":"IRONCLAD","items_purchased":["Fire Breathing","Power Through"],"campfire_rested":0,"item_purchase_floors":[14,14],"current_hp_per_floor":[74,79,68,74,74,80,56,56,56,60,60,60,52,52,52,31,68,60,60],"gold":232,"neow_bonus":"THREE_ENEMY_KILL","is_daily":false,"chose_seed":false,"campfire_upgraded":3,"win_rate":0.0,"timestamp":1613323023,"path_taken":["M","?","?","M","?","E","?","R","T","M","R","M","E","$","R","BOSS","M"],"items_purchased_type":["Card","Card"],"build_version":"2020-12-22","purchased_purges":1,"victory":false,"max_hp_per_floor":[75,80,80,80,80,80,80,80,80,80,80,80,80,80,80,80,80,80,80],"card_choices":[{"not_picked":["Intimidate","Evolve"],"picked":"Shockwave","floor":1},{"not_picked":["Cleave","Anger"],"picked":"Shrug It Off","floor":4},{"not_picked":["Heavy Blade","Iron Wave","Dual Wield"],"picked":"SKIP","floor":6},{"not_picked":["Clothesline","Perfected Strike"],"picked":"Uppercut","floor":7},{"not_picked":["Havoc","Reckless Charge"],"picked":"Body Slam","floor":10},{"not_picked":["Warcry","Shrug It Off"],"picked":"Impervious","floor":12},{"not_picked":["Thunderclap","Demon Form"],"picked":"Impervious","floor":13},{"not_picked":["Limit Break","Offering"],"picked":"Impervious","floor":16}],"player_experience":391614,"relics_obtained":[{"floor":6,"key":"Calipers"},{"floor":7,"key":"Odd Mushroom"},{"floor":9,"key":"CeramicFish"},{"floor":13,"key":"Pen Nib"}],"event_choices":[{"damage_healed":0,"gold_gain":0,"player_choice":"Donut","damage_taken":0,"max_hp_gain":5,"max_hp_loss":0,"event_name":"Big Fish","floor":2,"gold_loss":0},{"damage_healed":0,"gold_gain":75,"player_choice":"Gather Gold","damage_taken":11,"max_hp_gain":0,"max_hp_loss":0,"event_name":"World of Goop","floor":3,"gold_loss":0},{"damage_healed":0,"gold_gain":0,"player_choice":"Ignored","damage_taken":0,"max_hp_gain":0,"max_hp_loss":0,"event_name":"Liars Game","floor":5,"gold_loss":0},{"damage_healed":0,"gold_gain":0,"player_choice":"Fought Mushrooms","damage_taken":0,"max_hp_gain":0,"max_hp_loss":0,"event_name":"Mushrooms","floor":7,"gold_loss":0}],"is_beta":false,"boss_relics":[{"not_picked":["Busted Crown","Astrolabe"],"picked":"Runic Pyramid"}],"items_purged_floors":[14],"is_endless":false,"potions_floor_spawned":[1,4,12],"killed_by":"Chosen","ascension_level":16}}