{"host":"phniwng9zo19jwdb","time":1613331046,"event":{"mods":["AchievementEnabler","BaseMod","Colored Powertips","Dark Map","Faster Ascension Climbing","GifTheSpireLib","Minty Spire (QoL Compilation)","Permanent Neow","Rare Cards Sparkle","Relic Filter Mod","StSLib","Weighted Paths"],"gold_per_floor":[115,132,150,177,5,30,96,21,21,56,106,106,133,149,149,225,225,240,240,240,0,10,10,40,40,40,65,65,65,78,110,110,184,184,194,194,206,254,272,272,272],"floor_reached":40,"language":"ENG","playtime":1541,"items_purged":["Strike_G"],"score":1019,"play_id":"12eed96f-1cb8-4384-9d4d-92e344a31bd4","local_time":"20210214203046","is_ascension_mode":true,"campfire_choices":[{"data":"Glass Knife","floor":12.0,"key":"SMITH"},{"data":"Footwork","floor":15.0,"key":"SMITH"},{"data":"Malaise","floor":23.0,"key":"SMITH"},{"floor":25.0,"key":"REST"},{"floor":32.0,"key":"REST"}],"circlet_count":0,"master_deck":["AscendersBane","Strike_G","Strike_G","Defend_G","Defend_G","Defend_G","Defend_G","Defend_G","Survivor","Neutralize","Dagger Spray","Footwork+1","Dash","Deflect","Glass Knife+1","Blade Dance","Backflip","Acrobatics","Caltrops","Malaise+1","PiercingWail","Panache+1","Blade Dance","Underhanded Strike+1","Tactician+1","Acrobatics","Noxious Fumes+1","Blur","Venomology","Backflip","After Image+1","Dagger Throw","Cloak And Dagger","Night Terror"],"relics":["Ring of the Snake","Vajra","Medical Kit","Juzu Bracelet","Mercury Hourglass","Dream Catcher","Darkstone Periapt","WristBlade","Frozen Egg 2","Bottled Flame","Meat on the Bone","Regal Pillow","MutagenicStrength","Bottled Tornado","Philosopher\u0027s Stone","Spirit Poop","Girya"],"acts_visited":["Exordium","TheCity","TheBeyond"],"potions_floor_usage":[38],"damage_taken":[{"damage":5.0,"enemies":"Cultist","floor":1.0,"turns":5.0},{"damage":7.0,"enemies":"Jaw Worm","floor":2.0,"turns":4.0},{"damage":0.0,"enemies":"Small Slimes","floor":3.0,"turns":4.0},{"damage":10.0,"enemies":"Lagavulin","floor":6.0,"turns":7.0},{"damage":8.0,"enemies":"Gremlin Nob","floor":10.0,"turns":3.0},{"damage":3.0,"enemies":"3 Sentries","floor":13.0,"turns":5.0},{"damage":0.0,"enemies":"Gremlin Gang","floor":14.0,"turns":3.0},{"damage":0.0,"enemies":"Hexaghost","floor":16.0,"turns":11.0},{"damage":0.0,"enemies":"Spheric Guardian","floor":18.0,"turns":4.0},{"damage":0.0,"enemies":"Chosen","floor":22.0,"turns":3.0},{"damage":27.0,"enemies":"Slavers","floor":24.0,"turns":4.0},{"damage":14.0,"enemies":"Book of Stabbing","floor":27.0,"turns":5.0},{"damage":11.0,"enemies":"Snake Plant","floor":30.0,"turns":4.0},{"damage":33.0,"enemies":"Gremlin Leader","floor":31.0,"turns":6.0},{"damage":41.0,"enemies":"Automaton","floor":33.0,"turns":8.0},{"damage":5,"enemies":"3 Darklings","floor":35,"turns":4},{"damage":0,"enemies":"3 Shapes","floor":37,"turns":3},{"damage":6,"enemies":"2 Orb Walkers","floor":38,"turns":4},{"damage":26,"enemies":"Jaw Worm Horde","floor":39,"turns":2},{"damage":35,"enemies":"Nemesis","floor":40,"turns":10}],"seed_played":"-5581623973400916097","potions_obtained":[{"floor":2.0,"key":"PowerPotion"},{"floor":3.0,"key":"Weak Potion"},{"floor":13.0,"key":"Dexterity Potion"},{"floor":16.0,"key":"Block Potion"},{"floor":22.0,"key":"EssenceOfSteel"},{"floor":24.0,"key":"PowerPotion"},{"floor":33.0,"key":"SteroidPotion"}],"is_trial":false,"path_per_floor":["M","M","M","T","$","E","?","$","T","E","?","R","E","M","R","B",null,"M","?","?","$","M","R","E","R","T","E","?","?","M","E","R","B",null,"M","?","M","?","M","E"],"character_chosen":"THE_SILENT","items_purchased":["Medical Kit","Panache+1","Blade Dance"],"campfire_rested":2,"item_purchase_floors":[5,21,21],"current_hp_per_floor":[54,47,47,47,47,37,37,37,37,29,29,29,26,26,26,26,52,52,58,54,54,54,54,27,46,46,44,44,44,45,24,58,29,57,52,52,52,46,32,0,0],"gold":272,"neow_bonus":"TRANSFORM_TWO_CARDS","is_daily":false,"chose_seed":false,"campfire_upgraded":3,"win_rate":0.0,"timestamp":1613331046,"path_taken":["M","M","M","?","$","E","?","?","T","E","?","R","E","M","R","BOSS","M","?","?","$","M","R","E","R","T","E","?","?","M","E","R","BOSS","M","?","M","?","M","E"],"items_purchased_type":["Relic","Card","Card"],"build_version":"2020-12-22","purchased_purges":1,"victory":false,"max_hp_per_floor":[60,60,60,60,60,60,60,60,60,60,60,60,60,60,60,60,60,60,66,66,66,66,66,66,66,66,66,66,66,66,66,66,66,66,66,66,66,66,66,66,66],"card_choices":[{"not_picked":["Outmaneuver","Finisher"],"picked":"Dash","floor":1.0},{"not_picked":["Acrobatics","Slice"],"picked":"Deflect","floor":2.0},{"not_picked":["Blur","Blade Dance"],"picked":"Glass Knife","floor":3.0},{"not_picked":["Expertise","Flying Knee"],"picked":"Blade Dance","floor":6.0},{"not_picked":["Skewer","Eviscerate"],"picked":"Backflip","floor":10.0},{"not_picked":["Skewer","Slice"],"picked":"Acrobatics","floor":13.0},{"not_picked":["Backflip","All Out Attack"],"picked":"Caltrops","floor":14.0},{"not_picked":["Grand Finale","Night Terror"],"picked":"Malaise","floor":16.0},{"not_picked":["Outmaneuver","Bane"],"picked":"PiercingWail","floor":18.0},{"not_picked":["Dash","Acrobatics"],"picked":"Underhanded Strike+1","floor":22.0},{"not_picked":["Riddle With Holes","Choke"],"picked":"Tactician+1","floor":24.0},{"not_picked":["Poisoned Stab+1","Sucker Punch+1"],"picked":"Acrobatics","floor":25.0},{"not_picked":["Quick Slash","Backflip"],"picked":"Noxious Fumes+1","floor":27.0},{"not_picked":["Flying Knee","Finisher"],"picked":"Venomology","floor":30.0},{"not_picked":["Poisoned Stab","Flechettes","Well Laid Plans+1"],"picked":"SKIP","floor":31.0},{"not_picked":["Concentrate","Eviscerate"],"picked":"Backflip","floor":32.0},{"not_picked":["Unload","A Thousand Cuts+1"],"picked":"After Image+1","floor":33.0},{"not_picked":["Backflip","Poisoned Stab"],"picked":"Dagger Throw","floor":35},{"not_picked":["Distraction","Deadly Poison","Quick Slash"],"picked":"SKIP","floor":37},{"not_picked":["Quick Slash","Heel Hook"],"picked":"Cloak And Dagger","floor":38},{"not_picked":["Bane","Quick Slash"],"picked":"Night Terror","floor":39}],"player_experience":131547,"relics_obtained":[{"floor":4.0,"key":"Vajra"},{"floor":6.0,"key":"Juzu Bracelet"},{"floor":9.0,"key":"Mercury Hourglass"},{"floor":10.0,"key":"Dream Catcher"},{"floor":13.0,"key":"Darkstone Periapt"},{"floor":24.0,"key":"Bottled Flame"},{"floor":26.0,"key":"Meat on the Bone"},{"floor":27.0,"key":"Regal Pillow"},{"floor":31.0,"key":"Bottled Tornado"},{"floor":38,"key":"Girya"}],"event_choices":[{"damage_healed":0.0,"max_hp_gain":0.0,"max_hp_loss":0.0,"gold_gain":66.0,"event_name":"Golden Wing","player_choice":"Gained Gold","floor":7.0,"gold_loss":0.0,"damage_taken":0.0},{"damage_healed":0.0,"max_hp_gain":0.0,"max_hp_loss":0.0,"gold_gain":50.0,"event_name":"Golden Shrine","player_choice":"Pray","floor":11.0,"gold_loss":0.0,"damage_taken":0.0},{"damage_healed":0.0,"max_hp_gain":0.0,"max_hp_loss":0.0,"gold_gain":0.0,"event_name":"The Mausoleum","player_choice":"Opened","floor":19.0,"gold_loss":0.0,"damage_taken":0.0,"relics_obtained":["Frozen Egg 2"],"cards_obtained":["Writhe"]},{"damage_healed":0.0,"max_hp_gain":0.0,"max_hp_loss":0.0,"gold_gain":0.0,"event_name":"The Woman in Blue","player_choice":"Bought 0 Potions","floor":20.0,"gold_loss":0.0,"damage_taken":0.0},{"damage_healed":0.0,"max_hp_gain":0.0,"max_hp_loss":0.0,"gold_gain":0.0,"event_name":"Drug Dealer","player_choice":"Inject Mutagens","floor":28.0,"gold_loss":0.0,"damage_taken":0.0,"relics_obtained":["MutagenicStrength"]},{"damage_healed":0.0,"max_hp_gain":0.0,"max_hp_loss":0.0,"gold_gain":0.0,"event_name":"The Library","player_choice":"Read","floor":29.0,"gold_loss":0.0,"damage_taken":0.0,"cards_obtained":["Blur"]},{"cards_removed":["Writhe"],"damage_healed":0,"gold_gain":0,"player_choice":"Offered Curse","damage_taken":0,"relics_obtained":["Spirit Poop"],"max_hp_gain":0,"max_hp_loss":0,"event_name":"Bonfire Elementals","floor":36,"gold_loss":0},{"damage_healed":0,"gold_gain":0,"player_choice":"Fight","damage_taken":0,"max_hp_gain":0,"max_hp_loss":0,"event_name":"Mysterious Sphere","floor":38,"gold_loss":0}],"is_beta":false,"boss_relics":[{"not_picked":["Runic Dome","Ring of the Serpent"],"picked":"WristBlade"},{"not_picked":["Black Star","SacredBark"],"picked":"Philosopher\u0027s Stone"}],"items_purged_floors":[8],"is_endless":false,"potions_floor_spawned":[2,3,13,16,22,24,33,37],"killed_by":"Nemesis","ascension_level":20}}