{"host":"8is2j71l4wmybkoi","time":1613306028,"event":{"mods":["AchievementEnabler","BaseMod","Colored Map","DeckTracker","Minty Spire (QoL Compilation)","Rare Cards Sparkle","Relic Stats","StSLib","SuperFastMode"],"gold_per_floor":[11,27,27,52,76,76,120,133,206,206,222,238,238,263,263,359,359,373,392,317,17,17,17],"floor_reached":22,"language":"KOR","playtime":761,"items_purged":["Defend_B"],"score":333,"play_id":"d68ad89a-31b3-4e94-8570-f0e074c39e14","local_time":"20210214213348","is_ascension_mode":true,"campfire_choices":[{"data":"Beam Cell","floor":6,"key":"SMITH"},{"floor":15,"key":"REST"}],"circlet_count":0,"master_deck":["AscendersBane","Strike_B","Strike_B","Strike_B","Defend_B","Defend_B","Defend_B","Zap","Dualcast","Core Surge","Beam Cell+1","Undo","Streamline","Cold Snap","Hologram","Defragment+1","Heatsinks+1","Electrodynamics+1","Storm+1","Rebound","Force Field"],"relics":["Cracked Core","Golden Idol","Orichalcum","Frozen Egg 2","Inserter","OrangePellets"],"acts_visited":["Exordium","TheCity"],"potions_floor_usage":[10,14,16,22],"damage_taken":[{"damage":0,"enemies":"Small Slimes","floor":1,"turns":2},{"damage":2,"enemies":"Jaw Worm","floor":2,"turns":3},{"damage":1,"enemies":"Cultist","floor":4,"turns":3},{"damage":0,"enemies":"2 Fungi Beasts","floor":5,"turns":3},{"damage":23,"enemies":"3 Sentries","floor":7,"turns":8},{"damage":6,"enemies":"3 Louse","floor":8,"turns":4},{"damage":7,"enemies":"Exordium Wildlife","floor":11,"turns":4},{"damage":17,"enemies":"Exordium Thugs","floor":12,"turns":5},{"damage":3,"enemies":"Looter","floor":14,"turns":2},{"damage":30,"enemies":"The Guardian","floor":16,"turns":12},{"damage":10,"enemies":"Chosen","floor":18,"turns":5},{"damage":29,"enemies":"3 Byrds","floor":19,"turns":4},{"damage":19,"enemies":"Shelled Parasite and Fungi","floor":22,"turns":2}],"seed_played":"-211597104734657644","potions_obtained":[{"floor":2,"key":"Swift Potion"},{"floor":5,"key":"Fruit Juice"},{"floor":10,"key":"PotionOfCapacity"},{"floor":10,"key":"LiquidBronze"},{"floor":12,"key":"Regen Potion"},{"floor":18,"key":"FearPotion"},{"floor":19,"key":"Ancient Potion"}],"is_trial":false,"path_per_floor":["M","M","?","M","M","R","E","M","T","?","M","M","?","M","R","B",null,"M","M","?","$","M"],"character_chosen":"DEFECT","items_purchased":["OrangePellets","Force Field"],"campfire_rested":1,"item_purchase_floors":[21,21],"current_hp_per_floor":[64,62,62,61,61,61,38,32,32,37,30,13,13,15,35,5,53,43,14,14,14,0,0],"gold":17,"neow_bonus":"THREE_RARE_CARDS","is_daily":false,"chose_seed":false,"campfire_upgraded":1,"win_rate":0.0,"timestamp":1613306028,"path_taken":["M","M","?","M","M","R","E","M","T","?","M","?","?","M","R","BOSS","M","M","?","$","M"],"items_purchased_type":["Relic","Card"],"build_version":"2020-12-22","purchased_purges":1,"victory":false,"max_hp_per_floor":[71,71,64,64,64,64,64,64,64,69,69,69,69,69,69,69,69,69,69,69,69,69,69],"relic_stats":{"OrangePellets":[0],"Inserter":[5],"counters":[13,57],"Golden Idol":59,"Orichalcum":[90],"obtain_stats":[{"OrangePellets":21,"Inserter":17,"Golden Idol":3,"Orichalcum":7,"Frozen Egg 2":9,"Cracked Core":0},{"OrangePellets":12,"Inserter":10,"Golden Idol":2,"Orichalcum":5,"Frozen Egg 2":6,"Cracked Core":0},{"OrangePellets":55,"Inserter":46,"Golden Idol":5,"Orichalcum":19,"Frozen Egg 2":23,"Cracked Core":0}]},"card_choices":[{"not_picked":["Reboot","Meteor Strike"],"picked":"Core Surge","floor":0},{"not_picked":["Stack","Leap"],"picked":"Beam Cell","floor":1},{"not_picked":["Rebound","Go for the Eyes"],"picked":"Undo","floor":2},{"not_picked":["Conserve Battery","Go for the Eyes"],"picked":"Streamline","floor":4},{"not_picked":["Machine Learning","Sweeping Beam"],"picked":"Cold Snap","floor":5},{"not_picked":["Doom and Gloom","Heatsinks","Blizzard"],"picked":"SKIP","floor":7},{"not_picked":["BootSequence","Doom and Gloom"],"picked":"Hologram","floor":8},{"not_picked":["Stack","Genetic Algorithm"],"picked":"Defragment+1","floor":11},{"not_picked":["Redo","Beam Cell","Gash"],"picked":"SKIP","floor":12},{"not_picked":["Conserve Battery","Rebound"],"picked":"Heatsinks+1","floor":14},{"not_picked":["Machine Learning+1","Thunder Strike"],"picked":"Electrodynamics+1","floor":16},{"not_picked":["Genetic Algorithm+1","Barrage"],"picked":"Storm+1","floor":18},{"not_picked":["Cold Snap","Rip and Tear"],"picked":"Rebound","floor":19}],"player_experience":1206046,"relics_obtained":[{"floor":7,"key":"Orichalcum"},{"floor":9,"key":"Frozen Egg 2"}],"event_choices":[{"damage_healed":0,"gold_gain":0,"player_choice":"Lose Max HP","damage_taken":0,"relics_obtained":["Golden Idol"],"max_hp_gain":0,"max_hp_loss":7,"event_name":"Golden Idol","floor":3,"gold_loss":0},{"damage_healed":0,"gold_gain":0,"player_choice":"Got Potions","damage_taken":0,"max_hp_gain":0,"max_hp_loss":0,"event_name":"Lab","floor":10,"gold_loss":0},{"damage_healed":0,"gold_gain":0,"player_choice":"Fled","damage_taken":0,"max_hp_gain":0,"max_hp_loss":0,"event_name":"Scrap Ooze","floor":13,"gold_loss":0},{"cards_removed":["Strike_B"],"damage_healed":0,"gold_gain":0,"player_choice":"Gave Gold","damage_taken":0,"max_hp_gain":0,"max_hp_loss":0,"event_name":"Beggar","floor":20,"gold_loss":75}],"is_beta":false,"boss_relics":[{"not_picked":["Tiny House","Coffee Dripper"],"picked":"Inserter"}],"items_purged_floors":[21],"is_endless":false,"potions_floor_spawned":[2,5,11,12,18,19],"killed_by":"Shelled Parasite and Fungi","ascension_level":15}}