{"host":"fbdlh90rovbiajun","time":1613291852,"event":{"mods":["AchievementEnabler","BaseMod","Colored Map","Keyboard Shortcuts","Minty Spire (QoL Compilation)","SuperFastMode"],"gold_per_floor":[116,41,41,58,69,69,69,89,89,105,105,131,143,143,143,143,143],"floor_reached":16,"language":"KOR","playtime":316,"items_purged":["Defend_R"],"score":102,"play_id":"80341168-ff96-4238-8c1c-bfa8fc3ff249","local_time":"20210214173732","is_ascension_mode":false,"campfire_choices":[{"data":"Thunderclap","floor":6,"key":"SMITH"},{"data":"Spot Weakness","floor":11,"key":"SMITH"},{"floor":15,"key":"REST"}],"circlet_count":0,"master_deck":["Strike_R","Strike_R","Strike_R","Strike_R","Strike_R","Defend_R","Defend_R","Bash","Flex+1","Thunderclap+1","Spot Weakness+1","Infernal Blade","Iron Wave"],"relics":["Burning Blood","NeowsBlessing","Pear","Letter Opener","Golden Idol"],"acts_visited":["Exordium"],"potions_floor_usage":[16,16],"damage_taken":[{"damage":0,"enemies":"Jaw Worm","floor":1,"turns":1},{"damage":0,"enemies":"Small Slimes","floor":4,"turns":1},{"damage":0,"enemies":"Cultist","floor":5,"turns":1},{"damage":14,"enemies":"Blue Slaver","floor":8,"turns":3},{"damage":6,"enemies":"Exordium Thugs","floor":10,"turns":3},{"damage":24,"enemies":"Gremlin Nob","floor":12,"turns":5},{"damage":10,"enemies":"Looter","floor":13,"turns":2},{"damage":65,"enemies":"The Guardian","floor":16,"turns":9}],"seed_played":"7122171435533099890","potions_obtained":[{"floor":1,"key":"ElixirPotion"},{"floor":8,"key":"SteroidPotion"},{"floor":10,"key":"SteroidPotion"}],"is_trial":false,"path_per_floor":["M","$","?","M","M","R","?","M","T","M","R","E","M","?","R","B"],"character_chosen":"IRONCLAD","items_purchased":[],"campfire_rested":1,"item_purchase_floors":[],"current_hp_per_floor":[80,80,80,80,80,80,80,72,82,82,82,64,60,38,65,0,0],"gold":143,"neow_bonus":"THREE_ENEMY_KILL","is_daily":false,"chose_seed":false,"campfire_upgraded":2,"win_rate":0.0,"timestamp":1613291852,"path_taken":["M","$","?","M","M","R","?","?","T","M","R","E","M","?","R","BOSS"],"items_purchased_type":[],"build_version":"2020-12-22","purchased_purges":1,"victory":false,"max_hp_per_floor":[80,80,80,80,80,80,80,80,90,90,90,90,90,90,90,90,90],"card_choices":[{"not_picked":["Combust","Headbutt"],"picked":"Flex","floor":1},{"not_picked":["Battle Trance","Sword Boomerang"],"picked":"Thunderclap","floor":4},{"not_picked":["Warcry","Flex"],"picked":"Spot Weakness","floor":5},{"not_picked":["Warcry","Flame Barrier","Shockwave"],"picked":"SKIP","floor":8},{"not_picked":["True Grit","Power Through","Dropkick"],"picked":"SKIP","floor":10},{"not_picked":["Clash","Juggernaut"],"picked":"Infernal Blade","floor":12},{"not_picked":["Shockwave","Fire Breathing"],"picked":"Iron Wave","floor":13}],"player_experience":41451,"relics_obtained":[{"floor":9,"key":"Pear"},{"floor":12,"key":"Letter Opener"}],"event_choices":[{"damage_healed":0,"gold_gain":0,"player_choice":"Grow","damage_taken":0,"max_hp_gain":0,"max_hp_loss":0,"event_name":"Living Wall","floor":3,"gold_loss":0,"cards_upgraded":["Flex"]},{"cards_removed":["Defend_R"],"damage_healed":0,"gold_gain":0,"player_choice":"Purged","damage_taken":0,"max_hp_gain":0,"max_hp_loss":0,"event_name":"Purifier","floor":7,"gold_loss":0},{"damage_healed":0,"gold_gain":0,"player_choice":"Take Damage","damage_taken":22,"relics_obtained":["Golden Idol"],"max_hp_gain":0,"max_hp_loss":0,"event_name":"Golden Idol","floor":14,"gold_loss":0}],"is_beta":false,"boss_relics":[],"items_purged_floors":[2],"is_endless":false,"potions_floor_spawned":[1,8,10,12],"killed_by":"The Guardian","ascension_level":0}}