{"host":"b7j598ve05halrwk","time":1613284951,"event":{"mods":["2.2 Compatiblity","BaseMod","Block Reminder","DeckTracker","Minty Spire (QoL Compilation)","Relic Stats","Slay the Relics Exporter","StSLib","ojb\u0027s Better Paths Mod","ojb\u0027s Info Mod"],"gold_per_floor":[18,18,42,56,56,56,94,94,94,127,151,174,198,229,229,328,328,351,266,286,51,51,51,64,103,130,130,156,208,120,140,140,235,235,259,318,318,341,15,15,15],"floor_reached":40,"language":"ENG","playtime":2682,"items_purged":["Strike_B","Writhe"],"score":992,"play_id":"9bc0d7a5-3019-4001-8331-9a207ca51c76","local_time":"20210214014231","is_ascension_mode":true,"campfire_choices":[{"data":"Barrage","floor":6.0,"key":"SMITH"},{"data":"Barrage","floor":8.0,"key":"SMITH"},{"data":"Coolheaded","floor":15.0,"key":"SMITH"},{"data":"Hyperbeam","floor":23.0,"key":"SMITH"},{"data":"Doom and Gloom","floor":32.0,"key":"SMITH"}],"circlet_count":0,"master_deck":["AscendersBane","Strike_B+1","Defend_B","Defend_B","Defend_B","Defend_B","Zap","Dualcast","Barrage+1","FTL+1","Glacier","Barrage+1","Steam Power","Self Repair","BootSequence","Coolheaded+1","FTL","Hyperbeam+1","Self Repair","Coolheaded","Doom and Gloom+1","Undo","Necronomicurse","Fusion","Sunder+1","Turbo+1","Fission","CurseOfTheBell","Turbo+1","FTL+1","Tempest","Capacitor"],"relics":["Cracked Core","Golden Idol","Bottled Flame","Ancient Tea Set","Whetstone","Thread and Needle","Coffee Dripper","Blood Vial","Necronomicon","Pantograph","Strawberry","MawBank","Unceasing Top","Calling Bell","Bag of Marbles","Matryoshka","Emotion Chip","Du-Vu Doll","Ice Cream","Chemical X"],"acts_visited":["Exordium","TheCity","TheBeyond"],"potions_floor_usage":[],"damage_taken":[{"damage":2.0,"enemies":"Jaw Worm","floor":1.0,"turns":3.0},{"damage":0.0,"enemies":"Small Slimes","floor":3.0,"turns":2.0},{"damage":0.0,"enemies":"2 Louse","floor":4.0,"turns":2.0},{"damage":29.0,"enemies":"3 Sentries","floor":7.0,"turns":9.0},{"damage":11.0,"enemies":"Lagavulin","floor":10.0,"turns":7.0},{"damage":1.0,"enemies":"Large Slime","floor":11.0,"turns":4.0},{"damage":1.0,"enemies":"Blue Slaver","floor":12.0,"turns":4.0},{"damage":0.0,"enemies":"Gremlin Gang","floor":13.0,"turns":6.0},{"damage":2.0,"enemies":"3 Sentries","floor":14.0,"turns":6.0},{"damage":0.0,"enemies":"Slime Boss","floor":16.0,"turns":10.0},{"damage":0.0,"enemies":"Chosen","floor":18.0,"turns":6.0},{"damage":2.0,"enemies":"Shell Parasite","floor":20.0,"turns":6.0},{"damage":0.0,"enemies":"3 Cultists","floor":24.0,"turns":2.0},{"damage":29.0,"enemies":"Book of Stabbing","floor":25.0,"turns":5.0},{"damage":11.0,"enemies":"Snake Plant","floor":28.0,"turns":5.0},{"damage":9.0,"enemies":"Slavers","floor":29.0,"turns":2.0},{"damage":0.0,"enemies":"Centurion and Healer","floor":31.0,"turns":2.0},{"damage":117.0,"enemies":"Collector","floor":33.0,"turns":11.0},{"damage":0,"enemies":"3 Darklings","floor":35,"turns":1},{"damage":2,"enemies":"2 Orb Walkers","floor":36,"turns":2},{"damage":0,"enemies":"Orb Walker","floor":38,"turns":2},{"damage":88,"enemies":"Giant Head","floor":40,"turns":7}],"seed_played":"2188344910137911161","potions_obtained":[{"floor":7.0,"key":"FocusPotion"},{"floor":10.0,"key":"FairyPotion"},{"floor":20.0,"key":"SteroidPotion"},{"floor":29.0,"key":"Explosive Potion"},{"floor":31.0,"key":"LiquidBronze"},{"floor":35,"key":"BlessingOfTheForge"}],"is_trial":false,"path_per_floor":["M","?","M","M","?","R","E","R","T","E","M","M","M","E","R","B",null,"M","?","M","$","?","R","M","E","T","?","M","E","$","M","R","B",null,"M","?","?","M","$","E"],"character_chosen":"DEFECT","items_purchased":["Doom and Gloom","Undo","Tempest","Chemical X","Capacitor"],"campfire_rested":0,"item_purchase_floors":[21,21,39,39,39],"current_hp_per_floor":[62,62,62,62,62,62,33,33,33,22,21,27,34,39,39,46,60,64,64,64,64,43,43,52,32,39,39,44,44,44,46,46,22,59,68,71,71,71,71,0,0],"gold":15,"neow_bonus":"REMOVE_TWO","is_daily":false,"chose_seed":false,"campfire_upgraded":5,"win_rate":0.0,"timestamp":1613284951,"path_taken":["M","?","M","M","?","R","E","R","T","E","M","M","?","E","R","BOSS","M","?","M","$","?","R","M","E","T","?","?","E","$","?","R","BOSS","M","?","?","?","$","E"],"items_purchased_type":["Card","Card","Card","Relic","Card"],"build_version":"2020-12-22","purchased_purges":2,"victory":false,"max_hp_per_floor":[71,64,64,64,64,64,64,64,64,64,64,64,64,64,64,64,64,64,64,64,64,64,64,64,64,71,71,71,71,71,71,71,71,71,71,71,71,71,71,71,71],"relic_stats":{"Blood Vial":14,"Emotion Chip":[16,2,5,7,2],"counters":[22,104],"Golden Idol":140,"Pantograph":25,"Necronomicon":[15],"Whetstone":["Strike_B","FTL"],"Chemical X":[2],"MawBank":36,"obtain_stats":[{"Ice Cream":37,"Golden Idol":2,"Thread and Needle":14,"Whetstone":10,"Ancient Tea Set":9,"MawBank":27,"Blood Vial":19,"Calling Bell":34,"Du-Vu Doll":36,"Bottled Flame":7,"Emotion Chip":34,"Matryoshka":34,"Pantograph":25,"Strawberry":26,"Coffee Dripper":17,"Necronomicon":22,"Bag of Marbles":34,"Chemical X":39,"Cracked Core":0,"Unceasing Top":29},{"Ice Cream":20,"Golden Idol":1,"Thread and Needle":9,"Whetstone":5,"Ancient Tea Set":4,"MawBank":14,"Blood Vial":11,"Calling Bell":18,"Du-Vu Doll":20,"Bottled Flame":4,"Emotion Chip":18,"Matryoshka":18,"Pantograph":14,"Strawberry":14,"Coffee Dripper":10,"Necronomicon":12,"Bag of Marbles":18,"Chemical X":21,"Cracked Core":0,"Unceasing Top":16},{"Ice Cream":95,"Golden Idol":3,"Thread and Needle":43,"Whetstone":23,"Ancient Tea Set":16,"MawBank":72,"Blood Vial":59,"Calling Bell":92,"Du-Vu Doll":95,"Bottled Flame":16,"Emotion Chip":92,"Matryoshka":92,"Pantograph":72,"Strawberry":72,"Coffee Dripper":53,"Necronomicon":65,"Bag of Marbles":92,"Chemical X":97,"Cracked Core":0,"Unceasing Top":79}],"Unceasing Top":[9]},"card_choices":[{"not_picked":["Hologram","Double Energy"],"picked":"Barrage","floor":1.0},{"not_picked":["Hologram","Go for the Eyes"],"picked":"FTL","floor":3.0},{"not_picked":["Defragment","Heatsinks"],"picked":"Glacier","floor":4.0},{"not_picked":["Consume","Heatsinks"],"picked":"Barrage","floor":7.0},{"not_picked":["Sunder","Rip and Tear"],"picked":"Steam Power","floor":10.0},{"not_picked":["Turbo","Conserve Battery"],"picked":"Self Repair","floor":11.0},{"not_picked":["Static Discharge","Self Repair"],"picked":"BootSequence","floor":12.0},{"not_picked":["Cold Snap","Ball Lightning"],"picked":"Coolheaded","floor":13.0},{"not_picked":["Hello World","Multi-Cast"],"picked":"FTL","floor":14.0},{"not_picked":["Machine Learning","Thunder Strike"],"picked":"Hyperbeam","floor":16.0},{"not_picked":["Redo","Steam+1"],"picked":"Self Repair","floor":18.0},{"not_picked":["Stack","Ball Lightning"],"picked":"Coolheaded","floor":20.0},{"not_picked":["Sweeping Beam+1","Chaos","Go for the Eyes"],"picked":"SKIP","floor":24.0},{"not_picked":["FTL+1","Buffer"],"picked":"Fusion","floor":25.0},{"not_picked":["Coolheaded","Go for the Eyes","Ball Lightning"],"picked":"SKIP","floor":28.0},{"not_picked":["Streamline","Sweeping Beam"],"picked":"Sunder+1","floor":29.0},{"not_picked":["Chaos","Go for the Eyes"],"picked":"Turbo+1","floor":31.0},{"not_picked":["Creative AI","Buffer"],"picked":"Fission","floor":33.0},{"not_picked":["Leap+1","Coolheaded"],"picked":"Turbo+1","floor":35},{"not_picked":["Turbo","Heatsinks"],"picked":"FTL+1","floor":36},{"not_picked":["Gash","Fusion","Stack"],"picked":"SKIP","floor":38}],"player_experience":1143941,"relics_obtained":[{"floor":7.0,"key":"Bottled Flame"},{"floor":9.0,"key":"Ancient Tea Set"},{"floor":10.0,"key":"Whetstone"},{"floor":14.0,"key":"Thread and Needle"},{"floor":22.0,"key":"Necronomicon"},{"floor":25.0,"key":"Pantograph"},{"floor":26.0,"key":"Strawberry"},{"floor":29.0,"key":"Unceasing Top"},{"floor":34,"key":"Bag of Marbles"},{"floor":34,"key":"Matryoshka"},{"floor":34,"key":"Emotion Chip"},{"floor":36,"key":"Du-Vu Doll"}],"event_choices":[{"damage_healed":0.0,"max_hp_gain":0.0,"max_hp_loss":7.0,"gold_gain":0.0,"event_name":"Golden Idol","player_choice":"Lose Max HP","floor":2.0,"gold_loss":0.0,"damage_taken":0.0,"relics_obtained":["Golden Idol"]},{"damage_healed":0.0,"max_hp_gain":0.0,"max_hp_loss":0.0,"gold_gain":0.0,"event_name":"The Cleric","player_choice":"Leave","floor":5.0,"gold_loss":0.0,"damage_taken":0.0},{"damage_healed":0.0,"max_hp_gain":0.0,"max_hp_loss":0.0,"gold_gain":0.0,"event_name":"Addict","player_choice":"Obtained Relic","floor":19.0,"gold_loss":85.0,"damage_taken":0.0,"relics_obtained":["Blood Vial"]},{"damage_healed":0.0,"max_hp_gain":0.0,"max_hp_loss":0.0,"gold_gain":0.0,"event_name":"Cursed Tome","player_choice":"Obtained Book","floor":22.0,"gold_loss":0.0,"damage_taken":21.0},{"damage_healed":0.0,"max_hp_gain":0.0,"max_hp_loss":0.0,"gold_gain":0.0,"event_name":"The Mausoleum","player_choice":"Opened","floor":27.0,"gold_loss":0.0,"damage_taken":0.0,"relics_obtained":["MawBank"],"cards_obtained":["Writhe"]},{"damage_healed":0,"gold_gain":0,"player_choice":"Fight","damage_taken":0,"max_hp_gain":0,"max_hp_loss":0,"event_name":"Mysterious Sphere","floor":36,"gold_loss":0},{"damage_healed":0,"gold_gain":0,"player_choice":"Gave Potion","damage_taken":0,"relics_obtained":["Ice Cream"],"max_hp_gain":0,"max_hp_loss":0,"event_name":"WeMeetAgain","floor":37,"gold_loss":0}],"is_beta":false,"boss_relics":[{"not_picked":["Fusion Hammer","Philosopher\u0027s Stone"],"picked":"Coffee Dripper"},{"not_picked":["SacredBark","Velvet Choker"],"picked":"Calling Bell"}],"items_purged_floors":[21,30],"is_endless":false,"potions_floor_spawned":[7,10,12,13,14,20,29,31,35,36],"killed_by":"Giant Head","ascension_level":20}}