{"host":"hgkb2zpbo2dcws21","time":1613308213,"event":{"mods":["AchievementEnabler","BaseMod","Colored Map","Colored Powertips","Custom Start","DeckTracker","KOR Keyword Fix","Keyboard Shortcuts","Minty Spire (QoL Compilation)","Relic Stats","StSLib","SuperFastMode"],"gold_per_floor":[15,33,46,56,73,99,119,149,201,228,228,153,153,166,166,245,245,255,272,290,290,309,309,346,346,372,416,239,271,271,283,283,366,366,385,399,411,286,508,534,534,547,547,232,232,267,267,300,300,300,300,300,300,125,160,160],"floor_reached":57,"language":"KOR","playtime":2275,"items_purged":["Bane","Doppelganger","Skewer","Setup","Expertise"],"score":3779,"play_id":"03cd1162-ec51-44fc-8092-150e3d21207d","local_time":"20210214221013","is_ascension_mode":true,"campfire_choices":[{"data":"Adrenaline","floor":11.0,"key":"SMITH"},{"data":"Acrobatics","floor":13.0,"key":"SMITH"},{"data":"Eviscerate","floor":15.0,"key":"SMITH"},{"data":"Crippling Poison","floor":23.0,"key":"SMITH"},{"data":"A Thousand Cuts","floor":25.0,"key":"SMITH"},{"data":"Prepared","floor":30.0,"key":"SMITH"},{"data":"Well Laid Plans","floor":32.0,"key":"SMITH"},{"data":"Phantasmal Killer","floor":41,"key":"SMITH"},{"floor":45,"key":"RECALL"},{"data":"Burst","floor":49,"key":"SMITH"},{"data":"PiercingWail","floor":53,"key":"SMITH"}],"circlet_count":0,"master_deck":["AscendersBane","Survivor","Neutralize+1","Backstab+1","Eviscerate+1","Burst+1","Grand Finale+1","Acrobatics+1","Reflex+1","Tactician+1","Calculated Gamble+1","Acrobatics+1","Adrenaline+1","Backflip","Crippling Poison+1","A Thousand Cuts+1","Prepared+1","Well Laid Plans+1","Phantasmal Killer+1","PiercingWail+1"],"relics":["Ring of the Snake","Gambling Chip","Pandora\u0027s Box","Tough Bandages","Calipers","Empty Cage","Bag of Preparation","Boot","Oddly Smooth Stone","PreservedInsect","Tingsha","Black Star","Blue Candle","CeramicFish","Bag of Marbles","MealTicket","Red Mask","Busted Crown","Blood Vial","Snake Skull","HandDrill","Strawberry","Juzu Bracelet","Vajra","Centennial Puzzle","Anchor","Whetstone"],"acts_visited":["Exordium","TheCity","TheBeyond","TheEnding"],"potions_floor_usage":[56],"damage_taken":[{"damage":0.0,"enemies":"Small Slimes","floor":1.0,"turns":1.0},{"damage":0.0,"enemies":"Jaw Worm","floor":2.0,"turns":1.0},{"damage":0.0,"enemies":"2 Louse","floor":3.0,"turns":1.0},{"damage":0.0,"enemies":"2 Fungi Beasts","floor":4.0,"turns":2.0},{"damage":0.0,"enemies":"Looter","floor":5.0,"turns":1.0},{"damage":0.0,"enemies":"3 Sentries","floor":6.0,"turns":1.0},{"damage":0.0,"enemies":"3 Louse","floor":7.0,"turns":1.0},{"damage":0.0,"enemies":"Lagavulin","floor":8.0,"turns":2.0},{"damage":0.0,"enemies":"Gremlin Nob","floor":10.0,"turns":1.0},{"damage":0.0,"enemies":"Exordium Wildlife","floor":14.0,"turns":1.0},{"damage":0.0,"enemies":"Hexaghost","floor":16.0,"turns":2.0},{"damage":0.0,"enemies":"Chosen","floor":18.0,"turns":2.0},{"damage":0.0,"enemies":"Spheric Guardian","floor":19.0,"turns":1.0},{"damage":0.0,"enemies":"Shelled Parasite and Fungi","floor":20.0,"turns":1.0},{"damage":0.0,"enemies":"Snake Plant","floor":22.0,"turns":1.0},{"damage":0.0,"enemies":"Gremlin Leader","floor":24.0,"turns":1.0},{"damage":1.0,"enemies":"Book of Stabbing","floor":27.0,"turns":2.0},{"damage":0.0,"enemies":"Masked Bandits","floor":29.0,"turns":1.0},{"damage":0.0,"enemies":"Chosen and Byrds","floor":31.0,"turns":1.0},{"damage":0.0,"enemies":"Champ","floor":33.0,"turns":2.0},{"damage":0,"enemies":"3 Shapes","floor":35,"turns":1},{"damage":0,"enemies":"Orb Walker","floor":36,"turns":1},{"damage":0,"enemies":"3 Darklings","floor":37,"turns":2},{"damage":0,"enemies":"Giant Head","floor":40,"turns":1},{"damage":0,"enemies":"Sphere and 2 Shapes","floor":42,"turns":1},{"damage":0,"enemies":"Reptomancer","floor":46,"turns":1},{"damage":0,"enemies":"Giant Head","floor":48,"turns":1},{"damage":0,"enemies":"Time Eater","floor":50,"turns":3},{"damage":0,"enemies":"Awakened One","floor":51,"turns":2},{"damage":0,"enemies":"Shield and Spear","floor":55,"turns":1},{"damage":0,"enemies":"The Heart","floor":56,"turns":5}],"seed_played":"-6521065072996935711","potions_obtained":[{"floor":1.0,"key":"Block Potion"},{"floor":4.0,"key":"BlessingOfTheForge"},{"floor":5.0,"key":"FearPotion"}],"is_trial":false,"path_per_floor":["M","M","M","M","M","E","M","E","T","E","R","$","R","M","R","B",null,"M","M","M","?","M","R","E","R","T","E","$","?","R","M","R","B",null,"M","M","M","$","?","E","R","M","T","$","R","E","?","E","R","B","B",null,"R","$","E","B",null],"character_chosen":"THE_SILENT","items_purchased":["Well Laid Plans","HandDrill"],"campfire_rested":0,"item_purchase_floors":[28,44],"current_hp_per_floor":[59,59,59,59,59,59,59,59,59,59,59,59,59,59,59,59,64,64,64,64,64,64,64,64,64,64,63,66,66,66,66,66,66,66,66,66,66,66,66,66,66,66,66,66,66,73,73,73,73,73,73,73,73,73,73,73],"gold":160,"neow_bonus":"ONE_RARE_RELIC","is_daily":false,"chose_seed":false,"campfire_upgraded":10,"win_rate":0.0,"timestamp":1613308213,"path_taken":["M","M","M","M","M","E","M","E","T","E","R","$","R","M","R","BOSS","M","M","M","?","M","R","E","R","T","E","$","?","R","M","R","BOSS","BOSS","M","M","M","$","?","E","R","M","T","$","R","E","?","E","R","BOSS","BOSS","R","$","E","BOSS"],"items_purchased_type":["Card","Relic"],"build_version":"2020-12-22","purchased_purges":5,"victory":true,"max_hp_per_floor":[66,66,66,66,66,66,66,66,66,66,66,66,66,66,66,66,66,66,66,66,66,66,66,66,66,66,66,66,66,66,66,66,66,66,66,66,66,66,66,66,66,66,66,66,66,73,73,73,73,73,73,73,73,73,73,73],"relic_stats":{"counters":[31,45],"Blue Candle":[1],"CeramicFish":45,"Tingsha":[906],"PreservedInsect":512,"Snake Skull":[11],"Bag of Preparation":[62],"Juzu Bracelet":0,"Whetstone":["Backstab","Neutralize"],"Boot":[50],"Blood Vial":0,"Tough Bandages":[1377],"Centennial Puzzle":[0],"Busted Crown":16,"Gambling Chip":[33],"Pandora\u0027s Box":["Backstab","Bane","Eviscerate","Doppelganger","Skewer","Burst","Underhanded Strike","Setup","Storm of Steel","Burst"],"MealTicket":3,"Black Star":6,"HandDrill":[2],"obtain_stats":[{"Calipers":0,"CeramicFish":24,"Vajra":48,"Snake Skull":40,"Bag of Preparation":0,"Juzu Bracelet":46,"Whetstone":55,"Empty Cage":0,"Boot":6,"Blood Vial":40,"Tough Bandages":0,"Centennial Puzzle":48,"Gambling Chip":0,"Strawberry":46,"MealTicket":27,"Red Mask":29,"HandDrill":44,"Ring of the Snake":0,"Blue Candle":24,"Oddly Smooth Stone":8,"Tingsha":10,"PreservedInsect":9,"Anchor":55,"Busted Crown":34,"Pandora\u0027s Box":0,"Black Star":17,"Bag of Marbles":27},{"Calipers":0,"CeramicFish":16,"Vajra":27,"Snake Skull":24,"Bag of Preparation":0,"Juzu Bracelet":26,"Whetstone":30,"Empty Cage":0,"Boot":6,"Blood Vial":24,"Tough Bandages":0,"Centennial Puzzle":27,"Gambling Chip":0,"Strawberry":26,"MealTicket":17,"Red Mask":18,"HandDrill":25,"Ring of the Snake":0,"Blue Candle":16,"Oddly Smooth Stone":8,"Tingsha":9,"PreservedInsect":8,"Anchor":30,"Busted Crown":20,"Pandora\u0027s Box":0,"Black Star":11,"Bag of Marbles":17},{"Calipers":0,"CeramicFish":20,"Vajra":34,"Snake Skull":31,"Bag of Preparation":0,"Juzu Bracelet":33,"Whetstone":40,"Empty Cage":0,"Boot":7,"Blood Vial":31,"Tough Bandages":0,"Centennial Puzzle":34,"Gambling Chip":0,"Strawberry":33,"MealTicket":22,"Red Mask":23,"HandDrill":32,"Ring of the Snake":0,"Blue Candle":20,"Oddly Smooth Stone":10,"Tingsha":11,"PreservedInsect":10,"Anchor":40,"Busted Crown":26,"Pandora\u0027s Box":0,"Black Star":14,"Bag of Marbles":22}],"Ring of the Snake":[62]},"card_choices":[{"not_picked":["Setup","Poisoned Stab","Deadly Poison"],"picked":"SKIP","floor":1.0},{"not_picked":["Predator","Concentrate"],"picked":"Acrobatics","floor":2.0},{"not_picked":["Dagger Spray","Deflect","Bane"],"picked":"SKIP","floor":3.0},{"not_picked":["Deadly Poison","Infinite Blades","Tactician"],"picked":"SKIP","floor":4.0},{"not_picked":["Slice","Acrobatics"],"picked":"Adrenaline","floor":5.0},{"not_picked":["Bouncing Flask","Outmaneuver"],"picked":"Backflip","floor":6.0},{"not_picked":["Slice","Eviscerate","Footwork"],"picked":"SKIP","floor":7.0},{"not_picked":["Catalyst","Burst","Noxious Fumes"],"picked":"SKIP","floor":8.0},{"not_picked":["Quick Slash","Cloak And Dagger"],"picked":"Crippling Poison","floor":10.0},{"not_picked":["Flying Knee","Cloak And Dagger","Deadly Poison"],"picked":"SKIP","floor":14.0},{"not_picked":["Outmaneuver","Deadly Poison","Acrobatics"],"picked":"SKIP","floor":18.0},{"not_picked":["Dodge and Roll","Flechettes","Slice"],"picked":"SKIP","floor":19.0},{"not_picked":["Cloak And Dagger","Bouncing Flask","Quick Slash"],"picked":"SKIP","floor":20.0},{"not_picked":["Dodge and Roll","Bane","Endless Agony"],"picked":"SKIP","floor":22.0},{"not_picked":["Dodge and Roll","Acrobatics"],"picked":"A Thousand Cuts","floor":24.0},{"not_picked":["Riddle With Holes","Die Die Die"],"picked":"Prepared","floor":27.0},{"not_picked":["Well Laid Plans","Distraction","Finisher"],"picked":"SKIP","floor":31.0},{"not_picked":["Adrenaline","Bullet Time"],"picked":"Phantasmal Killer","floor":33},{"not_picked":[],"picked":"PiercingWail","floor":35},{"not_picked":["Underhanded Strike"],"picked":"SKIP","floor":36},{"not_picked":["Dagger Spray"],"picked":"SKIP","floor":37},{"not_picked":["Deadly Poison"],"picked":"SKIP","floor":40},{"not_picked":["Choke"],"picked":"SKIP","floor":42},{"not_picked":["Well Laid Plans+1"],"picked":"SKIP","floor":46},{"not_picked":["Caltrops"],"picked":"SKIP","floor":48},{"not_picked":["PiercingWail+1"],"picked":"SKIP","floor":55}],"player_experience":1144328,"relics_obtained":[{"floor":6.0,"key":"Boot"},{"floor":8.0,"key":"Oddly Smooth Stone"},{"floor":9.0,"key":"PreservedInsect"},{"floor":10.0,"key":"Tingsha"},{"floor":24.0,"key":"Blue Candle"},{"floor":24.0,"key":"CeramicFish"},{"floor":27.0,"key":"Bag of Marbles"},{"floor":27.0,"key":"MealTicket"},{"floor":29.0,"key":"Red Mask"},{"floor":40,"key":"Blood Vial"},{"floor":40,"key":"Snake Skull"},{"floor":46,"key":"Strawberry"},{"floor":46,"key":"Juzu Bracelet"},{"floor":48,"key":"Vajra"},{"floor":48,"key":"Centennial Puzzle"},{"floor":55,"key":"Anchor"},{"floor":55,"key":"Whetstone"}],"event_choices":[{"damage_healed":0.0,"max_hp_gain":0.0,"max_hp_loss":0.0,"gold_gain":0.0,"event_name":"The Library","player_choice":"Read","floor":21.0,"gold_loss":0.0,"damage_taken":0.0,"cards_obtained":["Expertise"]},{"damage_healed":0.0,"max_hp_gain":0.0,"max_hp_loss":0.0,"gold_gain":0.0,"event_name":"Masked Bandits","player_choice":"Fought Bandits","floor":29.0,"gold_loss":0.0,"damage_taken":0.0},{"damage_healed":0,"gold_gain":222,"player_choice":"Wore Mask","damage_taken":0,"max_hp_gain":0,"max_hp_loss":0,"event_name":"Tomb of Lord Red Mask","floor":39,"gold_loss":0},{"cards_removed":["Underhanded Strike"],"damage_healed":0,"gold_gain":0,"player_choice":"Removed Attack","damage_taken":0,"max_hp_gain":0,"max_hp_loss":0,"event_name":"Falling","floor":47,"gold_loss":0}],"is_beta":false,"boss_relics":[{"not_picked":["Snecko Eye","Pandora\u0027s Box"],"picked":"Black Star"},{"not_picked":["SlaversCollar","WristBlade"],"picked":"Busted Crown"}],"items_purged_floors":[12,28,38,44,54],"is_endless":false,"potions_floor_spawned":[1,4,5,7,10,19,22,29,33,36,40,46,55],"ascension_level":20}}