{"host":"8jwrv7sn1174lfer","time":1613300890,"event":{"mods":["BaseMod","Colored Map","Colored Powertips","Highlight Path","Minty Spire (QoL Compilation)","StSLib"],"gold_per_floor":[360,57,57,67,17,17,37,65,115,115,129,229,229,254,254,254,254],"floor_reached":16,"language":"ENG","playtime":573,"items_purged":["Shame"],"score":124,"play_id":"c32ab368-d628-4a5a-af9a-987b0fda1dc2","local_time":"20210214060810","is_ascension_mode":true,"campfire_choices":[{"data":"Eruption","floor":6,"key":"SMITH"},{"data":"Pray","floor":13,"key":"SMITH"},{"floor":15,"key":"REST"}],"circlet_count":0,"master_deck":["Strike_P","Strike_P","Strike_P+1","Defend_P","Defend_P","Defend_P","Defend_P","Eruption+1","Vigilance","Worship","FollowUp","ThirdEye+1","BowlingBash","Pray+1","LessonLearned","Prostrate"],"relics":["PureWater","Damaru","Vajra","Potion Belt","Omamori","Singing Bowl"],"acts_visited":["Exordium"],"potions_floor_usage":[8,14,16],"damage_taken":[{"damage":0,"enemies":"2 Louse","floor":1,"turns":1},{"damage":9,"enemies":"Small Slimes","floor":4,"turns":4},{"damage":0,"enemies":"Cultist","floor":7,"turns":3},{"damage":24,"enemies":"Gremlin Nob","floor":8,"turns":3},{"damage":4,"enemies":"Large Slime","floor":11,"turns":4},{"damage":12,"enemies":"3 Sentries","floor":14,"turns":8},{"damage":33,"enemies":"Hexaghost","floor":16,"turns":5}],"seed_played":"1152676952791773094","potions_obtained":[{"floor":4,"key":"SpeedPotion"},{"floor":7,"key":"Energy Potion"},{"floor":14,"key":"Fire Potion"}],"is_trial":false,"path_per_floor":["M","$","?","M","?","R","M","E","T","?","M","?","R","E","R","B"],"character_chosen":"WATCHER","items_purchased":["Damaru","FollowUp","ThirdEye"],"campfire_rested":1,"item_purchase_floors":[2,2,2],"current_hp_per_floor":[72,72,60,51,51,51,51,27,27,27,23,23,23,11,32,0,0],"gold":254,"neow_bonus":"TWO_FIFTY_GOLD","is_daily":false,"chose_seed":false,"campfire_upgraded":2,"win_rate":0.0,"timestamp":1613300890,"path_taken":["M","$","?","M","?","R","M","E","T","?","M","?","R","E","R","BOSS"],"items_purchased_type":["Relic","Card","Card"],"build_version":"2020-12-22","purchased_purges":1,"victory":false,"max_hp_per_floor":[72,72,72,72,72,72,72,72,72,72,72,72,72,72,72,72,72],"card_choices":[{"not_picked":["CutThroughFate","EmptyMind"],"picked":"Worship","floor":1},{"not_picked":["EmptyBody","ClearTheMind","Adaptation"],"picked":"SKIP","floor":4},{"not_picked":["SashWhip","Evaluate"],"picked":"BowlingBash","floor":7},{"not_picked":["Prostrate","WreathOfFlame"],"picked":"Pray","floor":8},{"not_picked":["Protect","Halt"],"picked":"LessonLearned","floor":11},{"not_picked":["Collect","BattleHymn"],"picked":"Prostrate","floor":14}],"player_experience":625021,"relics_obtained":[{"floor":8,"key":"Potion Belt"},{"floor":9,"key":"Omamori"},{"floor":14,"key":"Singing Bowl"}],"event_choices":[{"damage_healed":0,"gold_gain":0,"player_choice":"Success","damage_taken":12,"relics_obtained":["Vajra"],"max_hp_gain":0,"max_hp_loss":0,"event_name":"Scrap Ooze","floor":3,"gold_loss":0},{"cards_removed":["Strike_P"],"damage_healed":0,"gold_gain":0,"player_choice":"Card Removal","damage_taken":0,"max_hp_gain":0,"max_hp_loss":0,"event_name":"The Cleric","floor":5,"gold_loss":50},{"damage_healed":0,"gold_gain":0,"player_choice":"Grow","damage_taken":0,"max_hp_gain":0,"max_hp_loss":0,"event_name":"Living Wall","floor":10,"gold_loss":0,"cards_upgraded":["ThirdEye"]},{"damage_healed":0,"gold_gain":100,"player_choice":"Gold","damage_taken":0,"max_hp_gain":0,"max_hp_loss":0,"event_name":"Wheel of Change","floor":12,"gold_loss":0}],"is_beta":false,"boss_relics":[],"items_purged_floors":[2],"is_endless":false,"potions_floor_spawned":[4,7,14],"killed_by":"Hexaghost","ascension_level":3}}