{"host":"m552uo5jodlktm3e","time":1613290558,"event":{"mods":["BaseMod","Colored Powertips","Downfall","Minty Spire (QoL Compilation)","Quick Restart","StSLib"],"gold_per_floor":[0,11,111,121,221,221,221,221,221,61,77,112,112,131,149,246,246,246,258,275,2,2,2,2,22,42,61,94,194,294,310,329,429,429,429,439,439,457,111,111,111,111,130,142,175,87,111,123,146,158],"floor_reached":51,"language":"ENG","playtime":2883,"items_purged":["Shame"],"score":776,"play_id":"cafb8f9a-5d64-46c6-958f-1991119de1b4","local_time":"20210214001558","is_ascension_mode":false,"campfire_choices":[{"data":"hexamod:Float","floor":1,"key":"SMITH"},{"floor":6,"key":"REST"},{"data":"Decay","floor":9,"key":"PURGE"},{"data":"hexamod:Defend","floor":13,"key":"PURGE"},{"data":"hexamod:Defend","floor":18,"key":"PURGE"},{"data":"Pain","floor":35,"key":"PURGE"},{"floor":42,"key":"RECALL"},{"data":"hexamod:Strike+1","floor":46,"key":"PURGE"}],"circlet_count":0,"master_deck":["hexamod:Strike+1","hexamod:Strike+1","hexamod:Defend+1","hexamod:Defend+1","hexamod:Sear+1","hexamod:Float+1","hexamod:SixthSeal","hexamod:Firestarter+1","downfall:Haunted","downfall:Haunted","hexamod:SixthSeal","hexamod:SwordOfDarkness+1","hexamod:SwordOfDarkness+1","hexamod:BacktrackSmack+1","hexamod:ParanormalForm+1","hexamod:GhostOfSpirePast+1","hexamod:CatchUp+1","hexamod:RainOfEmbers+1","hexamod:GhostShield+1","hexamod:ForkedFlame+1","hexamod:InspiringFlames+1","hexamod:ThermalTransfer+1","hexamod:GhostOfSpirePresent+1","hexamod:FirstSeal","hexamod:TurnItUp+1","hexamod:SearingWound+1","hexamod:DynamicBlow+1","hexamod:TimeWarp+1","hexamod:DynamicBlow","hexamod:TimeOfNeed","hexamod:ForkedFlame+1","hexamod:TurnItUp+1","Writhe","expansioncontent:StudyTheSpire+1","hexamod:GhostflameInferno+1","expansioncontent:GuardianWhirl+1","expansioncontent:AwakenDeath","expansioncontent:PrepareCrush+1","hexamod:StepThrough+1"],"relics":["hexamod:SpiritBrand","Du-Vu Doll","Peace Pipe","FaceOfCleric","Centennial Puzzle","Dream Catcher","hexamod:IceCube","Blue Candle","WarpedTongs","Pantograph","Strawberry","Oddly Smooth Stone","White Beast Statue","Busted Crown","MawBank","downfall:HeartBlessingRed"],"acts_visited":["Exordium","TheCity","TheBeyond"],"potions_floor_usage":[16,26,30,30,33,33,43,45,45,49,50,50],"damage_taken":[{"damage":6,"enemies":"Jaw Worm","floor":2,"turns":3},{"damage":4,"enemies":"2 Louse","floor":4,"turns":3},{"damage":59,"enemies":"downfall:Heads","floor":5,"turns":8},{"damage":5,"enemies":"downfall:FleeingMerchant","floor":10,"turns":4},{"damage":1,"enemies":"Cultist","floor":11,"turns":3},{"damage":0,"enemies":"Lagavulin","floor":12,"turns":5},{"damage":11,"enemies":"Lots of Slimes","floor":14,"turns":3},{"damage":10,"enemies":"Exordium Wildlife","floor":15,"turns":3},{"damage":30,"enemies":"WA_ARCHETYPE_RETAIN","floor":16,"turns":7},{"damage":5,"enemies":"Spheric Guardian","floor":19,"turns":3},{"damage":5,"enemies":"Chosen","floor":20,"turns":3},{"damage":0,"enemies":"downfall:FleeingMerchant","floor":21,"turns":4},{"damage":8,"enemies":"Centurion and Healer","floor":25,"turns":3},{"damage":8,"enemies":"3 Cultists","floor":26,"turns":4},{"damage":3,"enemies":"Sentry and Sphere","floor":27,"turns":3},{"damage":12,"enemies":"Gremlin Leader","floor":28,"turns":4},{"damage":1,"enemies":"downfall:FleeingMerchant","floor":29,"turns":4},{"damage":7,"enemies":"downfall:LadyInBlue","floor":30,"turns":4},{"damage":4,"enemies":"Centurion and Healer","floor":31,"turns":3},{"damage":1,"enemies":"Cultist and Chosen","floor":32,"turns":5},{"damage":29,"enemies":"DF_ARCHETYPE_CLAW","floor":33,"turns":4},{"damage":5,"enemies":"Orb Walker","floor":36,"turns":2},{"damage":2,"enemies":"3 Shapes","floor":38,"turns":3},{"damage":7,"enemies":"Writhing Mass","floor":43,"turns":4},{"damage":1,"enemies":"3 Darklings","floor":44,"turns":3},{"damage":17,"enemies":"Nemesis","floor":45,"turns":3},{"damage":13,"enemies":"Spire Growth","floor":47,"turns":3},{"damage":22,"enemies":"Maw","floor":49,"turns":4},{"damage":26,"enemies":"SI_POISON_ARCHETYPE","floor":50,"turns":7}],"seed_played":"-4384255563448880228","potions_obtained":[{"floor":4,"key":"FairyPotion"},{"floor":5,"key":"SpeedPotion"},{"floor":14,"key":"Swift Potion"},{"floor":16,"key":"DistilledChaos"},{"floor":20,"key":"Guardian:BlockOnCardUsePotion"},{"floor":27,"key":"FearPotion"},{"floor":30,"key":"FairyPotion"},{"floor":30,"key":"DuplicationPotion"},{"floor":30,"key":"Dexterity Potion"},{"floor":31,"key":"Slimebound:ThreeZeroPotion"},{"floor":33,"key":"Regen Potion"},{"floor":36,"key":"Ancient Potion"},{"floor":38,"key":"AttackPotion"},{"floor":43,"key":"EssenceOfSteel"},{"floor":44,"key":"FearPotion"},{"floor":45,"key":"champ:CounterPotion"},{"floor":47,"key":"FearPotion"},{"floor":49,"key":"bronze:BurnAndBuffPotion"}],"is_trial":false,"path_per_floor":["R","M","?","M","?","R","T","?","R","$","M","E","R","M","M","B",null,"R","M","M","$","?","?","T","M","M","M","E","$","?","M","M","B",null,"R","M","?","M","$","?","T","R","M","M","E","R","M","?","M","B",null],"character_chosen":"THE_SPIRIT","items_purchased":["Centennial Puzzle","Blue Candle","Oddly Smooth Stone","expansioncontent:StudyTheSpire","hexamod:GhostflameInferno"],"campfire_rested":1,"item_purchase_floors":[10,21,29,39,39],"current_hp_per_floor":[70,64,69,65,6,28,28,28,28,24,24,25,25,15,6,4,81,81,77,73,74,58,58,58,51,51,49,52,59,53,50,57,54,105,105,106,106,105,105,95,95,95,96,103,92,92,87,97,76,73],"gold":170,"neow_bonus":"THREE_RARE_CARDS","is_daily":false,"chose_seed":false,"campfire_upgraded":1,"win_rate":0.0,"timestamp":1613290558,"path_taken":["R","M","?","M","?","R","T","?","R","$","M","E","R","?","M","BOSS","R","M","?","$","?","?","T","?","M","M","E","$","?","?","M","BOSS","R","M","?","?","$","?","T","R","M","M","E","R","M","?","M","BOSS"],"items_purchased_type":["Relic","Relic","Relic","Card","Card"],"build_version":"2020-12-22","purchased_purges":1,"victory":true,"max_hp_per_floor":[70,70,75,75,75,75,75,75,75,76,77,78,78,79,80,81,81,81,82,83,84,89,89,89,90,91,92,100,101,102,103,104,105,105,105,106,106,107,107,107,107,107,108,109,110,110,111,97,98,99],"card_choices":[{"not_picked":["hexamod:GhostOfSpirePresent","hexamod:TimeOfNeed"],"picked":"hexamod:SixthSeal","floor":0},{"not_picked":["hexamod:GhostLash","hexamod:NightmareStrike"],"picked":"hexamod:Firestarter","floor":2},{"not_picked":["hexamod:Haunt","hexamod:AdvancingGuard"],"picked":"hexamod:SwordOfDarkness","floor":4},{"not_picked":["hexamod:Firestarter","hexamod:NightmareGuise"],"picked":"hexamod:BacktrackSmack","floor":5},{"not_picked":["hexamod:InspiringFlames","hexamod:BurningTouch"],"picked":"hexamod:ParanormalForm","floor":10},{"not_picked":["hexamod:RetreatToShadows","hexamod:DynamicBlow"],"picked":"hexamod:GhostOfSpirePast","floor":11},{"not_picked":["hexamod:GhostLash","hexamod:HeatMetal"],"picked":"hexamod:CatchUp","floor":12},{"not_picked":["hexamod:SoulSteal","hexamod:BacktrackSmack"],"picked":"hexamod:RainOfEmbers","floor":14},{"not_picked":["hexamod:ThirdSeal","hexamod:Hexaguard"],"picked":"hexamod:GhostShield","floor":15},{"not_picked":["hexamod:VolcanoVisage","hexamod:FifthSeal"],"picked":"hexamod:ForkedFlame","floor":16},{"not_picked":["hexamod:GhostShield","hexamod:SwordOfDarkness"],"picked":"hexamod:InspiringFlames","floor":19},{"not_picked":["hexamod:Hexaguard","hexamod:SpectersWail"],"picked":"hexamod:ThermalTransfer+1","floor":20},{"not_picked":["hexamod:FourthSeal","hexamod:Hexaguard"],"picked":"hexamod:GhostOfSpirePresent","floor":21},{"not_picked":["hexamod:Firestarter+1","hexamod:ThermalTransfer"],"picked":"hexamod:FirstSeal","floor":25},{"not_picked":["hexamod:Firestarter","hexamod:InspiringFlames+1","hexamod:SwordOfDarkness"],"picked":"SKIP","floor":26},{"not_picked":["hexamod:ThermalTransfer","hexamod:SwordOfDarkness","hexamod:HeatMetal"],"picked":"SKIP","floor":27},{"not_picked":["hexamod:ShieldOfDarkness","hexamod:Hexaguard+1"],"picked":"hexamod:TurnItUp","floor":28},{"not_picked":["hexamod:ThermalTransfer","hexamod:SwordOfDarkness"],"picked":"hexamod:SearingWound","floor":29},{"not_picked":["hexamod:HeatMetal","hexamod:Firestarter"],"picked":"hexamod:DynamicBlow","floor":30},{"not_picked":["hexamod:NightmareGuise","hexamod:SkipABeat"],"picked":"hexamod:TimeWarp","floor":31},{"not_picked":["hexamod:HeatShield+1","hexamod:PhantomCloak"],"picked":"hexamod:DynamicBlow","floor":32},{"not_picked":["hexamod:TurnItUp","hexamod:FifthSeal"],"picked":"hexamod:TimeOfNeed","floor":33},{"not_picked":["hexamod:FirstSeal"],"picked":"SKIP","floor":36},{"not_picked":["hexamod:Again"],"picked":"SKIP","floor":38},{"not_picked":["expansioncontent:InvincibleStrength","expansioncontent:HyperBeam"],"picked":"expansioncontent:GuardianWhirl","floor":40},{"not_picked":["expansioncontent:Chronoboost","expansioncontent:HyperBeam"],"picked":"expansioncontent:AwakenDeath","floor":40},{"not_picked":["expansioncontent:HyperBeam","expansioncontent:LastStand"],"picked":"expansioncontent:PrepareCrush","floor":40},{"not_picked":["hexamod:FastForward"],"picked":"SKIP","floor":43},{"not_picked":[],"picked":"hexamod:StepThrough+1","floor":44},{"not_picked":["hexamod:Hexaguard"],"picked":"SKIP","floor":45},{"not_picked":["hexamod:SpectralAdrenaline"],"picked":"SKIP","floor":47},{"not_picked":["hexamod:SearingWound"],"picked":"SKIP","floor":49}],"player_experience":1076118,"relics_obtained":[{"floor":7,"key":"Peace Pipe"},{"floor":12,"key":"Dream Catcher"},{"floor":24,"key":"Pantograph"},{"floor":28,"key":"Strawberry"},{"floor":30,"key":"White Beast Statue"},{"floor":45,"key":"MawBank"}],"event_choices":[{"damage_healed":0,"gold_gain":0,"player_choice":"Trade","damage_taken":0,"relics_obtained":["FaceOfCleric"],"max_hp_gain":0,"max_hp_loss":0,"event_name":"FaceTrader","floor":8,"gold_loss":0},{"damage_healed":0,"gold_gain":0,"player_choice":"Rummage","damage_taken":0,"relics_obtained":["WarpedTongs"],"max_hp_gain":0,"max_hp_loss":0,"event_name":"Accursed Blacksmith","floor":23,"gold_loss":0,"cards_obtained":["Pain"]}],"is_beta":false,"boss_relics":[{"not_picked":["Velvet Choker","bronze:MakeshiftBattery"],"picked":"hexamod:IceCube"},{"not_picked":["Pandora\u0027s Box","SlaversCollar"],"picked":"Busted Crown"}],"items_purged_floors":[29],"is_endless":false,"potions_floor_spawned":[4,5,14,16,20,25,27,30,31,32,33,36,38,43,44,45,47,49],"ascension_level":0}}