{"host":"u8f6oqzdc7r6igag","time":1613273672,"event":{"mods":["BaseMod","Minty Spire (QoL Compilation)","Relic Stats"],"gold_per_floor":[112,126,126,301,313,313,340,340,340,340,340],"floor_reached":10,"language":"ENG","playtime":832,"items_purged":[],"score":92,"play_id":"684a74e1-7dfc-496c-a38f-3e721d481248","local_time":"20210213213432","is_ascension_mode":true,"campfire_choices":[{"data":"Backflip","floor":6,"key":"SMITH"}],"circlet_count":0,"master_deck":["Strike_G","Strike_G","Strike_G","Strike_G","Strike_G","Defend_G","Defend_G","Defend_G","Defend_G","Defend_G","Survivor","Neutralize","Backflip+1","Flying Knee","Doubt","Crippling Poison"],"relics":["Ring of the Snake","Oddly Smooth Stone","Shovel","Singing Bowl","Letter Opener"],"acts_visited":["Exordium"],"potions_floor_usage":[10],"damage_taken":[{"damage":0,"enemies":"Small Slimes","floor":1,"turns":3},{"damage":15,"enemies":"Jaw Worm","floor":2,"turns":7},{"damage":10,"enemies":"2 Louse","floor":5,"turns":4},{"damage":38,"enemies":"3 Sentries","floor":7,"turns":16},{"damage":19,"enemies":"Gremlin Nob","floor":10,"turns":3}],"seed_played":"5342504591240945282","potions_obtained":[{"floor":2,"key":"FearPotion"}],"is_trial":false,"path_per_floor":["M","M","?","?","M","R","E","T","T","E"],"character_chosen":"THE_SILENT","items_purchased":[],"campfire_rested":0,"item_purchase_floors":[],"current_hp_per_floor":[63,48,53,53,43,43,5,5,5,0,0],"gold":340,"neow_bonus":"RANDOM_COMMON_RELIC","is_daily":false,"chose_seed":false,"campfire_upgraded":1,"win_rate":0.0,"timestamp":1613273672,"path_taken":["M","M","?","?","M","R","E","?","T","E"],"items_purchased_type":[],"build_version":"2020-12-22","purchased_purges":0,"victory":false,"max_hp_per_floor":[70,70,75,75,75,75,75,75,75,75,75],"relic_stats":{"Shovel":0,"Singing Bowl":0,"counters":[5,33],"Letter Opener":[0],"obtain_stats":[{"Shovel":7,"Singing Bowl":8,"Oddly Smooth Stone":0,"Letter Opener":9,"Ring of the Snake":0},{"Shovel":4,"Singing Bowl":4,"Oddly Smooth Stone":0,"Letter Opener":4,"Ring of the Snake":0},{"Shovel":30,"Singing Bowl":30,"Oddly Smooth Stone":0,"Letter Opener":30,"Ring of the Snake":0}],"Ring of the Snake":[10]},"card_choices":[{"not_picked":["Catalyst","Terror"],"picked":"Backflip","floor":1},{"not_picked":["Caltrops","Cloak And Dagger"],"picked":"Flying Knee","floor":2},{"not_picked":["Outmaneuver","Tactician","Bane"],"picked":"SKIP","floor":5},{"not_picked":["Eviscerate","Riddle With Holes"],"picked":"Crippling Poison","floor":7}],"player_experience":188355,"relics_obtained":[{"floor":7,"key":"Shovel"},{"floor":8,"key":"Singing Bowl"},{"floor":9,"key":"Letter Opener"}],"event_choices":[{"damage_healed":0,"gold_gain":0,"player_choice":"Donut","damage_taken":0,"max_hp_gain":5,"max_hp_loss":0,"event_name":"Big Fish","floor":3,"gold_loss":0},{"damage_healed":0,"gold_gain":175,"player_choice":"AGREE","damage_taken":0,"max_hp_gain":0,"max_hp_loss":0,"event_name":"Liars Game","floor":4,"gold_loss":0,"cards_obtained":["Doubt"]}],"is_beta":false,"boss_relics":[],"items_purged_floors":[],"is_endless":false,"potions_floor_spawned":[2],"killed_by":"Gremlin Nob","ascension_level":8}}