{"host":"lv7etzzgwahaenh9","time":1613339258,"event":{"mods":["AchievementEnabler","BaseMod","Colored Map","Colored Powertips","Highlight Path","Minty Spire (QoL Compilation)","Permanent Neow","Quick Restart","Random Character Button","StSLib"],"gold_per_floor":[217,235,249,249,262,262,295,295,373,393,393,406,441,457,457,457,457],"floor_reached":16,"language":"ENG","playtime":635,"items_purged":[],"score":177,"play_id":"a52343f2-57be-4dba-ad04-d4e4a303731c","local_time":"20210214134738","is_ascension_mode":true,"campfire_choices":[{"data":"Poisoned Stab","floor":6,"key":"SMITH"},{"floor":8,"key":"REST"},{"data":"Calculated Gamble","floor":15,"key":"SMITH"}],"circlet_count":0,"master_deck":["AscendersBane","Strike_G","Strike_G","Strike_G","Strike_G+1","Strike_G","Defend_G","Defend_G","Defend_G","Defend_G","Survivor","Neutralize+1","Underhanded Strike","Poisoned Stab+1","Acrobatics","Predator","Die Die Die","Leg Sweep","Caltrops","Bane","Calculated Gamble+1"],"relics":["Ring of the Snake","Bird Faced Urn","Whetstone","Letter Opener","Question Card"],"acts_visited":["Exordium"],"potions_floor_usage":[13],"damage_taken":[{"damage":4,"enemies":"Jaw Worm","floor":1,"turns":7},{"damage":0,"enemies":"Small Slimes","floor":2,"turns":3},{"damage":0,"enemies":"Cultist","floor":3,"turns":4},{"damage":4,"enemies":"Blue Slaver","floor":5,"turns":6},{"damage":25,"enemies":"Gremlin Nob","floor":7,"turns":4},{"damage":2,"enemies":"Exordium Thugs","floor":10,"turns":3},{"damage":0,"enemies":"Red Slaver","floor":12,"turns":3},{"damage":12,"enemies":"Lagavulin","floor":13,"turns":7},{"damage":0,"enemies":"2 Fungi Beasts","floor":14,"turns":3},{"damage":36,"enemies":"Slime Boss","floor":16,"turns":7}],"seed_played":"3741239794925459701","potions_obtained":[{"floor":3,"key":"DuplicationPotion"},{"floor":5,"key":"LiquidBronze"}],"is_trial":false,"path_per_floor":["M","M","M","?","M","R","E","R","T","M","?","M","E","M","R","B"],"character_chosen":"THE_SILENT","items_purchased":[],"campfire_rested":1,"item_purchase_floors":[],"current_hp_per_floor":[59,59,59,52,48,48,23,44,44,42,42,42,32,32,32,0,0],"gold":457,"neow_bonus":"HUNDRED_GOLD","is_daily":false,"chose_seed":false,"campfire_upgraded":2,"win_rate":0.0,"timestamp":1613339258,"path_taken":["M","M","M","?","M","R","E","R","T","M","?","M","E","M","R","BOSS"],"items_purchased_type":[],"build_version":"2020-12-22","purchased_purges":0,"victory":false,"max_hp_per_floor":[70,70,70,70,70,70,70,70,70,70,70,70,70,70,70,70,70],"card_choices":[{"not_picked":["Concentrate","Flying Knee"],"picked":"Underhanded Strike","floor":1},{"not_picked":["Flechettes","Riddle With Holes"],"picked":"Poisoned Stab","floor":2},{"not_picked":["Outmaneuver","Escape Plan"],"picked":"Acrobatics","floor":3},{"not_picked":["Flechettes","Dagger Spray"],"picked":"Predator","floor":5},{"not_picked":["Bane","Quick Slash"],"picked":"Die Die Die","floor":7},{"not_picked":["Calculated Gamble","Prepared"],"picked":"Leg Sweep","floor":10},{"not_picked":["Flying Knee","Acrobatics"],"picked":"Caltrops","floor":12},{"not_picked":["Deadly Poison","Acrobatics"],"picked":"Bane","floor":13},{"not_picked":["Deadly Poison","Terror","Deflect"],"picked":"Calculated Gamble","floor":14}],"player_experience":393980,"relics_obtained":[{"floor":7,"key":"Whetstone"},{"floor":9,"key":"Letter Opener"},{"floor":13,"key":"Question Card"}],"event_choices":[{"damage_healed":0,"gold_gain":0,"player_choice":"Success","damage_taken":7,"relics_obtained":["Bird Faced Urn"],"max_hp_gain":0,"max_hp_loss":0,"event_name":"Scrap Ooze","floor":4,"gold_loss":0},{"cards_removed":["Defend_G"],"damage_healed":0,"gold_gain":0,"player_choice":"Offered Basic","damage_taken":0,"max_hp_gain":0,"max_hp_loss":0,"event_name":"Bonfire Elementals","floor":11,"gold_loss":0}],"is_beta":false,"boss_relics":[],"items_purged_floors":[],"is_endless":false,"potions_floor_spawned":[3,5,12],"killed_by":"Slime Boss","ascension_level":11}}