{"host":"640uue19m79c7wbt","time":1613317860,"event":{"mods":["BaseMod","Colored Map","Googly Eyes","Highlight Path","Minty Spire (QoL Compilation)","Quick Restart","StSLib"],"gold_per_floor":[116,116,126,126,52,85,85,85,85,117,117,147,48,60,60,135,185,205,185,201,213,11,11,37,48,48,66,29,47,65,65,65,139,139,149,149,166,216,233,233,44,44,124,124,136,71,91,91,91,91,91,91],"floor_reached":51,"language":"ENG","playtime":2441,"items_purged":["Pain","Writhe"],"score":1545,"play_id":"b8b30497-9ade-4b37-b44e-da88013fa693","local_time":"20210214105100","is_ascension_mode":true,"campfire_choices":[{"data":"Accuracy","floor":7.0,"key":"SMITH"},{"data":"Blade Dance","floor":11.0,"key":"SMITH"},{"data":"Bouncing Flask","floor":15.0,"key":"SMITH"},{"data":"Night Terror","floor":23.0,"key":"SMITH"},{"data":"After Image","floor":32,"key":"SMITH"},{"floor":40,"key":"REST"},{"floor":42,"key":"REST"},{"floor":44,"key":"REST"},{"data":"Burst","floor":49,"key":"SMITH"}],"circlet_count":0,"master_deck":["AscendersBane","Strike_G","Strike_G","Strike_G","Strike_G","Strike_G","Defend_G","Defend_G","Defend_G","Defend_G","Survivor","Neutralize","Blade Dance+1","Neutralize","Accuracy+1","Infinite Blades","PiercingWail","Bouncing Flask+1","Footwork","Blade Dance","Bouncing Flask","Night Terror+1","Well Laid Plans","Accuracy","Caltrops","Accuracy","Leg Sweep","Infinite Blades","Backstab","Accuracy","After Image+1","Adrenaline","Burst+1","Caltrops","Parasite","Noxious Fumes","Cloak And Dagger+1"],"relics":["Ring of the Snake","NeowsBlessing","Gambling Chip","MealTicket","WarpedTongs","Mummified Hand","White Beast Statue","Paper Crane","Tiny House","Lee\u0027s Waffle","Bronze Scales","Pear","SlaversCollar","The Courier"],"acts_visited":["Exordium","TheCity","TheBeyond"],"potions_floor_usage":[33,37,45,47,50],"damage_taken":[{"damage":0.0,"enemies":"2 Louse","floor":1.0,"turns":1.0},{"damage":0.0,"enemies":"Cultist","floor":3.0,"turns":1.0},{"damage":0.0,"enemies":"3 Sentries","floor":6.0,"turns":1.0},{"damage":0.0,"enemies":"Gremlin Nob","floor":10.0,"turns":3.0},{"damage":15.0,"enemies":"Lagavulin","floor":12.0,"turns":3.0},{"damage":0.0,"enemies":"Jaw Worm","floor":14.0,"turns":2.0},{"damage":0.0,"enemies":"The Guardian","floor":16.0,"turns":7.0},{"damage":0.0,"enemies":"Spheric Guardian","floor":18.0,"turns":1.0},{"damage":16.0,"enemies":"Shell Parasite","floor":20.0,"turns":3.0},{"damage":34.0,"enemies":"3 Cultists","floor":21.0,"turns":5.0},{"damage":20.0,"enemies":"Slavers","floor":24.0,"turns":4.0},{"damage":0.0,"enemies":"Chosen and Byrds","floor":25.0,"turns":4.0},{"damage":16.0,"enemies":"Sentry and Sphere","floor":27.0,"turns":5.0},{"damage":0.0,"enemies":"Cultist and Chosen","floor":29.0,"turns":3.0},{"damage":0.0,"enemies":"Snecko","floor":30.0,"turns":2.0},{"damage":17,"enemies":"Automaton","floor":33,"turns":7},{"damage":23,"enemies":"Orb Walker","floor":35,"turns":4},{"damage":43,"enemies":"3 Darklings","floor":37,"turns":4},{"damage":29,"enemies":"Maw","floor":39,"turns":6},{"damage":6,"enemies":"Writhing Mass","floor":45,"turns":6},{"damage":11,"enemies":"Jaw Worm Horde","floor":47,"turns":5},{"damage":68,"enemies":"Time Eater","floor":50,"turns":8},{"damage":15,"enemies":"Donu and Deca","floor":51,"turns":1}],"seed_played":"1182727321277429550","potions_obtained":[{"floor":3.0,"key":"LiquidBronze"},{"floor":6.0,"key":"CultistPotion"},{"floor":12.0,"key":"DuplicationPotion"},{"floor":14.0,"key":"Swift Potion"},{"floor":16.0,"key":"AttackPotion"},{"floor":17.0,"key":"EntropicBrew"},{"floor":20.0,"key":"DuplicationPotion"},{"floor":21.0,"key":"PowerPotion"},{"floor":24.0,"key":"AttackPotion"},{"floor":25.0,"key":"FearPotion"},{"floor":27.0,"key":"FearPotion"},{"floor":29.0,"key":"PowerPotion"},{"floor":30.0,"key":"Weak Potion"},{"floor":33,"key":"CultistPotion"},{"floor":35,"key":"GamblersBrew"},{"floor":37,"key":"Strength Potion"},{"floor":45,"key":"DistilledChaos"},{"floor":47,"key":"SkillPotion"}],"is_trial":false,"path_per_floor":["M","?","M","T","$","E","R","?","T","E","R","E","$","M","R","B",null,"M","?","M","M","$","R","E","M","T","M","$","M","M","?","R","B",null,"M","?","M","?","M","R","$","R","T","R","M","$","M","?","R","B","B"],"character_chosen":"THE_SILENT","items_purchased":["Infinite Blades","Blade Dance","Lee\u0027s Waffle","Leg Sweep","Accuracy","Caltrops","Noxious Fumes"],"campfire_rested":3,"item_purchase_floors":[5,13,22,22,28,41,46],"current_hp_per_floor":[59,59,59,59,59,59,59,59,59,59,59,44,59,59,59,59,69,69,69,53,19,78,78,58,58,68,52,67,67,67,67,67,50,79,56,74,31,31,2,28,43,69,69,88,82,88,77,77,77,9,0,0],"gold":91,"neow_bonus":"THREE_ENEMY_KILL","is_daily":false,"chose_seed":false,"campfire_upgraded":6,"win_rate":0.0,"timestamp":1613317860,"path_taken":["M","?","?","?","$","E","R","?","T","E","R","E","$","?","R","BOSS","M","?","M","M","?","R","E","M","T","M","$","M","?","?","R","BOSS","M","?","M","?","M","R","$","R","T","R","?","?","M","?","R","BOSS","BOSS"],"items_purchased_type":["Card","Card","Relic","Card","Card","Card","Card"],"build_version":"2020-12-22","purchased_purges":2,"victory":false,"max_hp_per_floor":[66,66,66,66,66,66,66,66,66,66,66,66,66,66,66,66,71,71,71,71,71,78,78,78,78,88,88,88,88,88,88,88,88,88,88,88,88,88,88,88,88,88,88,88,88,88,88,88,88,88,88,88],"card_choices":[{"not_picked":["Deflect","Sucker Punch"],"picked":"Blade Dance","floor":1.0},{"not_picked":["PiercingWail","Distraction"],"picked":"Accuracy","floor":3.0},{"not_picked":["Deadly Poison","Endless Agony"],"picked":"PiercingWail","floor":6.0},{"not_picked":["Backstab","Dagger Throw"],"picked":"Bouncing Flask","floor":10.0},{"not_picked":["Flying Knee","Bane"],"picked":"Footwork","floor":12.0},{"not_picked":["Endless Agony","Underhanded Strike"],"picked":"Bouncing Flask","floor":14.0},{"not_picked":["Envenom","Die Die Die"],"picked":"Night Terror","floor":16.0},{"not_picked":["Backstab","Outmaneuver"],"picked":"Well Laid Plans","floor":17.0},{"not_picked":["Dagger Spray","Concentrate"],"picked":"Accuracy","floor":18.0},{"not_picked":["Backflip","Concentrate+1"],"picked":"Caltrops","floor":20.0},{"not_picked":["Flying Knee","Prepared+1"],"picked":"Accuracy","floor":21.0},{"not_picked":["Flying Knee","Dodge and Roll"],"picked":"Infinite Blades","floor":24.0},{"not_picked":["Backflip","Prepared"],"picked":"Backstab","floor":25.0},{"not_picked":["Backflip","Slice","Dagger Spray"],"picked":"SKIP","floor":27.0},{"not_picked":["PiercingWail","Catalyst"],"picked":"After Image","floor":29.0},{"not_picked":["Slice","Dash","Underhanded Strike"],"picked":"SKIP","floor":30.0},{"not_picked":["Phantasmal Killer","Grand Finale"],"picked":"Adrenaline","floor":33},{"not_picked":["Poisoned Stab","Slice","Dodge and Roll"],"picked":"SKIP","floor":35},{"not_picked":["Slice","Leg Sweep","Dodge and Roll+1"],"picked":"SKIP","floor":37},{"not_picked":["Cloak And Dagger","Dagger Throw+1"],"picked":"Burst","floor":39},{"not_picked":["Acrobatics","Flying Knee","Deadly Poison+1"],"picked":"SKIP","floor":45},{"not_picked":["Deflect","Expertise+1"],"picked":"Cloak And Dagger+1","floor":47}],"player_experience":683566,"relics_obtained":[{"floor":4.0,"key":"Gambling Chip"},{"floor":6.0,"key":"MealTicket"},{"floor":9.0,"key":"Mummified Hand"},{"floor":10.0,"key":"White Beast Statue"},{"floor":12.0,"key":"Paper Crane"},{"floor":24.0,"key":"Bronze Scales"},{"floor":26.0,"key":"Pear"},{"floor":43,"key":"The Courier"}],"event_choices":[{"damage_healed":0.0,"max_hp_gain":0.0,"max_hp_loss":0.0,"gold_gain":0.0,"event_name":"Match and Keep!","player_choice":"1 cards matched","floor":2.0,"gold_loss":0.0,"damage_taken":0.0,"cards_obtained":["Neutralize"]},{"damage_healed":0.0,"max_hp_gain":0.0,"max_hp_loss":0.0,"gold_gain":0.0,"event_name":"Accursed Blacksmith","player_choice":"Rummage","floor":8.0,"gold_loss":0.0,"damage_taken":0.0,"relics_obtained":["WarpedTongs"],"cards_obtained":["Pain"]},{"damage_healed":0.0,"max_hp_gain":0.0,"max_hp_loss":0.0,"gold_gain":0.0,"event_name":"The Woman in Blue","player_choice":"Bought 1 Potion","floor":19.0,"gold_loss":0.0,"damage_taken":0.0},{"damage_healed":0,"gold_gain":0,"player_choice":"Ignored","damage_taken":0,"max_hp_gain":0,"max_hp_loss":0,"event_name":"The Mausoleum","floor":31,"gold_loss":0},{"damage_healed":18,"gold_gain":0,"player_choice":"Writhe","damage_taken":0,"max_hp_gain":0,"max_hp_loss":0,"event_name":"Winding Halls","floor":36,"gold_loss":0,"cards_obtained":["Writhe"]},{"damage_healed":0,"gold_gain":50,"player_choice":"Pray","damage_taken":0,"max_hp_gain":0,"max_hp_loss":0,"event_name":"Golden Shrine","floor":38,"gold_loss":0},{"cards_removed":["Defend_G"],"damage_healed":0,"gold_gain":0,"player_choice":"Removed Skill","damage_taken":0,"max_hp_gain":0,"max_hp_loss":0,"event_name":"Falling","floor":48,"gold_loss":0}],"is_beta":false,"boss_relics":[{"not_picked":["Pandora\u0027s Box","Philosopher\u0027s Stone"],"picked":"Tiny House"},{"not_picked":["Astrolabe","Busted Crown"],"picked":"SlaversCollar"}],"items_purged_floors":[13,41],"is_endless":false,"potions_floor_spawned":[3,6,12,14,16,18,20,21,24,25,27,29,30,33,35,37,39,45,47],"killed_by":"Donu and Deca","ascension_level":20}}