{"host":"43wsnxh97mgjl5zw","time":1613332656,"event":{"mods":["Aspiration","BaseMod","Colored Map","Colored Powertips","Downfall","Hubris","Minty Spire (QoL Compilation)","Quick Restart","Rare Cards Sparkle","Relic Sorter","Replay The Spire","StSLib"],"gold_per_floor":[114,129,172,188,188,188,206,237,309,309,309],"floor_reached":10,"language":"ENG","playtime":338,"items_purged":[],"score":136,"play_id":"52822bf2-b495-49be-ac11-db928c8ccfac","local_time":"20210214215736","is_ascension_mode":true,"campfire_choices":[{"data":"Slimebound:Prepare","floor":6.0,"key":"SMITH"}],"circlet_count":0,"master_deck":["AscendersBane","Strike_R","Strike_R","Strike_R","Strike_R","Strike_R","Defend_R","Defend_R","Defend_R","Defend_R","Bash","ReplayTheSpireMod:Stacked","Slimebound:Prepare+1","Hidden Blade","Thunderclap","Intimidate+1","Impervious+1"],"relics":["Burning Blood","aspiration:Nostalgia","m_SlimeRing","Toxic Egg 2","Akabeko","Mirror"],"acts_visited":["Exordium"],"potions_floor_usage":[10],"damage_taken":[{"damage":13.0,"enemies":"Small Slimes","floor":1.0,"turns":4.0},{"damage":2.0,"enemies":"Jaw Worm","floor":2.0,"turns":4.0},{"damage":0.0,"enemies":"2 Louse","floor":4.0,"turns":3.0},{"damage":0.0,"enemies":"Looter","floor":7.0,"turns":3.0},{"damage":8.0,"enemies":"Gremlin Nob","floor":8.0,"turns":3.0},{"damage":32,"enemies":"3 Sentries","floor":10,"turns":9}],"seed_played":"4061018596679407108","potions_obtained":[{"floor":1.0,"key":"FearPotion"},{"floor":3.0,"key":"Elixir"},{"floor":3.0,"key":"DistilledChaos"},{"floor":4.0,"key":"LifebloodPotion"},{"floor":8.0,"key":"SpeedPotion"}],"is_trial":false,"path_per_floor":["M","M","?","M","?","R","M","E","T","E"],"character_chosen":"IRONCLAD","items_purchased":[],"campfire_rested":0,"item_purchase_floors":[],"current_hp_per_floor":[61,65,41,47,36,36,42,40,40,8,8],"gold":309,"neow_bonus":"NOSTALGIA","is_daily":false,"chose_seed":false,"campfire_upgraded":1,"win_rate":0.0,"timestamp":1613332656,"path_taken":["M","M","?","M","?","R","M","E","T","E"],"items_purchased_type":[],"build_version":"2020-12-22","purchased_purges":0,"victory":false,"max_hp_per_floor":[75,75,75,75,75,75,75,75,75,75,75],"card_choices":[{"not_picked":["Dual Wield","Combust"],"picked":"ReplayTheSpireMod:Stacked","floor":1.0},{"not_picked":["Clash","ReplayTheSpireMod:Corrosion Curse"],"picked":"Slimebound:Prepare","floor":2.0},{"not_picked":["Sentinel","Defy Death"],"picked":"Hidden Blade","floor":3.0},{"not_picked":["Sword Boomerang","ReplayTheSpireMod:Strike From Hell"],"picked":"Thunderclap","floor":4.0},{"not_picked":["Hidden Blade+1","ReplayTheSpireMod:Strike From Hell"],"picked":"Intimidate+1","floor":7.0},{"not_picked":["Warcry+1","Anger"],"picked":"Impervious+1","floor":8.0}],"player_experience":1244523,"relics_obtained":[{"floor":8.0,"key":"Akabeko"},{"floor":9.0,"key":"Mirror"}],"event_choices":[{"damage_healed":0.0,"max_hp_gain":0.0,"max_hp_loss":0.0,"gold_gain":0.0,"event_name":"Scrap Ooze","player_choice":"Success","floor":5.0,"gold_loss":0.0,"damage_taken":11.0,"relics_obtained":["Toxic Egg 2"]}],"is_beta":false,"boss_relics":[],"items_purged_floors":[],"is_endless":false,"potions_floor_spawned":[1,4,8],"killed_by":"3 Sentries","ascension_level":20}}