{"host":"166mvycy0az0i7z6","time":1613286276,"event":{"mods":["AchievementEnabler","Aspiration","BaseMod","Bestiary","Better Altar","Better Third Choice","BetterRewards","Challenge The Spire","Conspire","DeckTracker","Downfall","Halation","Hubris","Minty Spire (QoL Compilation)","Relic Filter","Relic Stats","Replay The Spire","Shop Mod","StSLib"],"gold_per_floor":[0,12,28,28,43,60,85,115,15,15,39,50,4,4,25,141,141,141,165,165,165,165,17,44,103,126,153,153,34,54,77,81,81,81],"floor_reached":32,"language":"ENG","playtime":2940,"items_purged":[],"score":269,"play_id":"1275f10e-1598-46ec-941b-0f7b68d4ebe3","local_time":"20210214180436","is_ascension_mode":false,"campfire_choices":[{"data":"Mayhem","floor":1,"key":"SMITH"},{"data":"hexamod:HexaLevel","floor":18,"key":"SMITH"},{"data":"hexamod:GhostLash","floor":28,"key":"SMITH"}],"circlet_count":0,"master_deck":["hexamod:Strike","hexamod:Strike","hexamod:Strike","hexamod:Strike","hexamod:Defend","hexamod:Defend+1","hexamod:Defend","hexamod:Defend","hexamod:Sear","hexamod:Float","Mayhem+1","hexamod:Firestarter","hexamod:Incineration+1","hexamod:GhostOfSpireFuture","hexamod:Firestarter","hexamod:FirstSeal","conspire:SpireCoStock","conspire:SpireCoStock","hexamod:ShieldOfDarkness","hexamod:GhostLash+1","hexamod:NightmareGuise","hexamod:FlamesFromBeyond","Injury","hexamod:DynamicBlow","hexamod:HexaLevel+1","hexamod:BurningTouch+1","hexamod:HauntingEcho","hexamod:SwordOfDarkness","hexamod:SwordOfDarkness","hexamod:ChargedBarrage+1","hexamod:ChargedBarrage+1","hexamod:EmpoweredFlame","hexamod:BurningTouch+1","hexamod:HeatMetal","hexamod:ExtraCrispy"],"relics":["hexamod:SpiritBrand","hubris:OldNail","Replay:Bottled Flurry","halation:PinkSoulGem","Toxic Egg 2","conspire:SlowCooker","hubris:Towel","hubris:Icosahedron","halation:NonexistentMirror","Oddly Smooth Stone","Replay:Bandana"],"acts_visited":["Exordium","TheCity"],"potions_floor_usage":[16,16,26,30,32,32],"damage_taken":[{"damage":0,"enemies":"Cultist","floor":2,"turns":3},{"damage":6,"enemies":"Jaw Worm","floor":3,"turns":3},{"damage":7,"enemies":"2 Louse","floor":5,"turns":3},{"damage":0,"enemies":"Large Slime","floor":6,"turns":3},{"damage":15,"enemies":"Gremlin Nob","floor":8,"turns":4},{"damage":7,"enemies":"3 Louse","floor":11,"turns":5},{"damage":0,"enemies":"Blue Slaver","floor":12,"turns":3},{"damage":3,"enemies":"downfall:FleeingMerchant","floor":13,"turns":4},{"damage":0,"enemies":"downfall:LooterAlt","floor":15,"turns":3},{"damage":1,"enemies":"SI_SHIV_ARCHETYPE","floor":16,"turns":6},{"damage":10,"enemies":"Chosen","floor":19,"turns":6},{"damage":6,"enemies":"downfall:FleeingMerchant","floor":23,"turns":4},{"damage":16,"enemies":"Shell Parasite","floor":25,"turns":7},{"damage":10,"enemies":"Centurion and Healer","floor":26,"turns":8},{"damage":4,"enemies":"Chosen and Byrds","floor":27,"turns":4},{"damage":5,"enemies":"downfall:FleeingMerchant","floor":29,"turns":4},{"damage":42,"enemies":"3 Cultists","floor":30,"turns":6},{"damage":23,"enemies":"Shelled Parasite and Fungi","floor":32,"turns":2}],"seed_played":"-7134766382699015901","potions_obtained":[{"floor":2,"key":"GamblersBrew"},{"floor":3,"key":"Adrenaline Potion"},{"floor":12,"key":"SteroidPotion"},{"floor":15,"key":"EssenceOfSteel"},{"floor":16,"key":"SpeedPotion"},{"floor":26,"key":"ColorlessPotion"},{"floor":30,"key":"hexamod:EctoCoolerPotion"}],"is_trial":false,"path_per_floor":["R","M","M","?","M","M","T","E","?","?","M","M","$","?","M","B",null,"R","M","?","?","?","$","T","M","M","M","R","$","M","T","M"],"character_chosen":"THE_SPIRIT","items_purchased":["hexamod:FlamesFromBeyond","halation:NonexistentMirror","hexamod:HeatMetal","sneckomod:MuddlingPotion"],"campfire_rested":0,"item_purchase_floors":[13,23,29,29],"current_hp_per_floor":[70,70,64,64,57,57,57,42,42,42,42,49,53,53,60,66,70,70,67,67,67,67,68,68,59,56,59,59,54,19,19,0,0,0],"gold":81,"neow_bonus":"RANDOM_COLORLESS_2","is_daily":false,"chose_seed":false,"campfire_upgraded":3,"win_rate":0.0,"timestamp":1613286276,"path_taken":["R","M","M","?","M","?","T","E","?","?","?","M","?","?","M","BOSS","R","M","?","?","?","$","T","M","?","M","R","$","?","?","M"],"items_purchased_type":["Card","Relic","Card","Potion"],"build_version":"2020-12-22","purchased_purges":0,"victory":false,"max_hp_per_floor":[70,70,70,70,70,70,70,70,70,70,70,70,70,70,70,70,70,70,70,70,70,70,70,70,70,70,70,70,70,70,70,70,70,70],"relic_stats":{"counters":[18,78],"obtain_stats":[{"halation:NonexistentMirror":23,"Replay:Bandana":31,"hubris:Icosahedron":22,"Oddly Smooth Stone":24,"conspire:SlowCooker":17,"Replay:Bottled Flurry":8,"Toxic Egg 2":14,"hubris:Towel":21,"halation:PinkSoulGem":10,"hexamod:SpiritBrand":0,"hubris:OldNail":7},{"halation:NonexistentMirror":12,"Replay:Bandana":17,"hubris:Icosahedron":11,"Oddly Smooth Stone":12,"conspire:SlowCooker":10,"Replay:Bottled Flurry":5,"Toxic Egg 2":8,"hubris:Towel":11,"halation:PinkSoulGem":5,"hexamod:SpiritBrand":0,"hubris:OldNail":4},{"halation:NonexistentMirror":47,"Replay:Bandana":76,"hubris:Icosahedron":43,"Oddly Smooth Stone":47,"conspire:SlowCooker":37,"Replay:Bottled Flurry":16,"Toxic Egg 2":28,"hubris:Towel":43,"halation:PinkSoulGem":16,"hexamod:SpiritBrand":0,"hubris:OldNail":12}]},"card_choices":[{"not_picked":["ReplayUltimateDefense","Master of Strategy"],"picked":"Mayhem","floor":0},{"not_picked":["hexamod:InspiringFlames","hexamod:SwordOfDarkness"],"picked":"hexamod:Firestarter","floor":2},{"not_picked":["hexamod:SpectersWail","hexamod:Firestarter"],"picked":"hexamod:Incineration","floor":3},{"not_picked":["hexamod:HauntingEcho","hexamod:BacktrackSmack"],"picked":"hexamod:GhostOfSpireFuture","floor":5},{"not_picked":["hexamod:GhostOfSpireFuture","hexamod:GhostShield"],"picked":"hexamod:Firestarter","floor":6},{"not_picked":["hexamod:Incineration","hexamod:NightmareStrike"],"picked":"hexamod:FirstSeal","floor":8},{"not_picked":["hexamod:InspiringFlames","hexamod:AdvancingGuard"],"picked":"hexamod:ShieldOfDarkness","floor":11},{"not_picked":["hexamod:CatchUp","hexamod:Haunt"],"picked":"hexamod:GhostLash","floor":12},{"not_picked":["hexamod:BacktrackSmack","hexamod:Incineration"],"picked":"hexamod:NightmareGuise","floor":13},{"not_picked":["hexamod:SpectersWail","hexamod:Hexaguard+1"],"picked":"hexamod:DynamicBlow","floor":15},{"not_picked":["hexamod:ForkedFlame","hexamod:GhostflameInferno+1"],"picked":"hexamod:HexaLevel","floor":16},{"not_picked":["hexamod:SkipABeat+1","hexamod:NightmareStrike"],"picked":"hexamod:BurningTouch+1","floor":19},{"not_picked":["hexamod:HeatMetal","hexamod:Incineration+1"],"picked":"hexamod:HauntingEcho","floor":23},{"not_picked":["hexamod:Incineration","hexamod:NecessarySacrifice+1"],"picked":"hexamod:SwordOfDarkness","floor":25},{"not_picked":["hexamod:RetreatToShadows+1","hexamod:PhantomCloak+1"],"picked":"hexamod:ChargedBarrage+1","floor":26},{"not_picked":["hexamod:SpectersWail+1","hexamod:EtherealExpedition+1"],"picked":"hexamod:EmpoweredFlame","floor":27},{"not_picked":["hexamod:RetreatToShadows+1","hexamod:NightmareStrike"],"picked":"hexamod:BurningTouch+1","floor":29},{"not_picked":["hexamod:FlamesFromBeyond+1","hexamod:ParanormalForm"],"picked":"hexamod:ExtraCrispy","floor":30}],"player_experience":110183,"relics_obtained":[{"floor":7,"key":"hubris:OldNail"},{"floor":8,"key":"Replay:Bottled Flurry"},{"floor":24,"key":"Oddly Smooth Stone"},{"floor":31,"key":"Replay:Bandana"}],"event_choices":[{"damage_healed":0,"gold_gain":0,"player_choice":"Invest 2","damage_taken":0,"max_hp_gain":0,"max_hp_loss":0,"event_name":"conspire:Investor","floor":9,"gold_loss":0}],"is_beta":false,"boss_relics":[{"not_picked":["aspiration:RunicSpoon","Empty Cage"],"picked":"conspire:SlowCooker"}],"items_purged_floors":[],"is_endless":false,"potions_floor_spawned":[2,3,12,15,16,26,30],"killed_by":"Shelled Parasite and Fungi","ascension_level":0}}