{"host":"sum4dy402bbv9y4o","time":1613326219,"event":{"mods":["Aspiration","BaseMod","Conspire","Highlight Path","Minty Spire (QoL Compilation)","StSLib"],"gold_per_floor":[116,128,128,138,6,33,33,183,231,245,256,273,25,54,54,126,126,140,15,15,15,15],"floor_reached":21,"language":"ENG","playtime":805,"items_purged":["Defend_P","Doubt","Strike_P"],"score":378,"play_id":"6e9e62de-0a7a-439f-9b5c-761fe9de5425","local_time":"20210214211019","is_ascension_mode":true,"campfire_choices":[{"data":"Eruption","floor":7,"key":"SMITH"},{"floor":15,"key":"REST"}],"circlet_count":0,"master_deck":["AscendersBane","Strike_P","Strike_P","Strike_P","Defend_P","Defend_P","Defend_P","Eruption+1","Vigilance","Halt","Adaptation","FearNoEvil","EmptyBody","BowlingBash","Halt","Protect","EmptyFist","LikeWater","Consecrate","FollowUp","ConjureBlade","Perseverance","Shame"],"relics":["PureWater","aspiration:Nostalgia","Burning Blood","Damaru","Bag of Marbles","conspire:TopHat","aspiration:IroncladSkillbook","Bag of Preparation"],"acts_visited":["Exordium","TheCity"],"potions_floor_usage":[16,21],"damage_taken":[{"damage":11,"enemies":"2 Louse","floor":1,"turns":4},{"damage":2,"enemies":"Jaw Worm","floor":2,"turns":2},{"damage":0,"enemies":"conspire:RoseBush","floor":4,"turns":5},{"damage":16,"enemies":"Lagavulin","floor":6,"turns":6},{"damage":24,"enemies":"Large Slime","floor":10,"turns":6},{"damage":6,"enemies":"Exordium Thugs","floor":11,"turns":5},{"damage":6,"enemies":"Exordium Wildlife","floor":12,"turns":7},{"damage":23,"enemies":"Gremlin Nob","floor":14,"turns":4},{"damage":13,"enemies":"The Guardian","floor":16,"turns":13},{"damage":19,"enemies":"Chosen","floor":18,"turns":5},{"damage":50,"enemies":"3 Byrds","floor":21,"turns":5}],"seed_played":"-3644519587902865306","potions_obtained":[{"floor":2,"key":"SneckoOil"},{"floor":10,"key":"Dexterity Potion"},{"floor":12,"key":"Fire Potion"},{"floor":18,"key":"Explosive Potion"}],"is_trial":false,"path_per_floor":["M","M","?","M","$","E","R","?","T","M","M","M","$","E","R","B",null,"M","$","?","M"],"character_chosen":"WATCHER","items_purchased":["EmptyBody","LikeWater","Consecrate","FollowUp"],"campfire_rested":1,"item_purchase_floors":[5,13,13,13],"current_hp_per_floor":[56,60,56,62,62,52,52,52,52,34,34,34,34,17,37,30,59,50,50,50,0,0],"gold":15,"neow_bonus":"NOSTALGIA","is_daily":false,"chose_seed":false,"campfire_upgraded":1,"win_rate":0.0,"timestamp":1613326219,"path_taken":["M","M","?","M","$","E","R","?","T","M","M","M","$","E","R","BOSS","M","$","?","M"],"items_purchased_type":["Card","Card","Card","Card"],"build_version":"2020-12-22","purchased_purges":3,"victory":false,"max_hp_per_floor":[68,68,68,68,68,68,68,68,68,68,68,68,68,68,68,68,68,68,68,68,68,68],"card_choices":[{"not_picked":["Prostrate","JustLucky"],"picked":"Halt","floor":1},{"not_picked":["FollowUp","LikeWater"],"picked":"Adaptation","floor":2},{"not_picked":["Evaluate","Halt"],"picked":"FearNoEvil","floor":4},{"not_picked":["BattleHymn","CarveReality"],"picked":"BowlingBash","floor":6},{"not_picked":["Sanctity","CutThroughFate"],"picked":"Halt","floor":10},{"not_picked":["Evaluate","Crescendo"],"picked":"Protect","floor":11},{"not_picked":["FollowUp","EmptyBody"],"picked":"EmptyFist","floor":12},{"not_picked":["Evaluate","WaveOfTheHand","Crescendo"],"picked":"SKIP","floor":14},{"not_picked":["Blasphemy","MasterReality"],"picked":"ConjureBlade","floor":16},{"not_picked":["Wild Strike","Second Wind","Consecrate"],"picked":"Perseverance","floor":18}],"player_experience":3100919,"relics_obtained":[{"floor":6,"key":"Damaru"},{"floor":9,"key":"Bag of Marbles"},{"floor":14,"key":"conspire:TopHat"}],"event_choices":[{"damage_healed":0,"gold_gain":0,"player_choice":"Leave","damage_taken":0,"max_hp_gain":0,"max_hp_loss":0,"event_name":"conspire:Investor","floor":3,"gold_loss":0},{"damage_healed":0,"gold_gain":150,"player_choice":"AGREE","damage_taken":0,"max_hp_gain":0,"max_hp_loss":0,"event_name":"Liars Game","floor":8,"gold_loss":0,"cards_obtained":["Doubt"]},{"damage_healed":0,"gold_gain":0,"player_choice":"Stole Relic","damage_taken":0,"relics_obtained":["Bag of Preparation"],"max_hp_gain":0,"max_hp_loss":0,"event_name":"Addict","floor":20,"gold_loss":0,"cards_obtained":["Shame"]}],"is_beta":false,"boss_relics":[{"not_picked":["Cursed Key","Runic Dome"],"picked":"aspiration:IroncladSkillbook"}],"items_purged_floors":[5,13,19],"is_endless":false,"potions_floor_spawned":[2,10,12,14,18],"killed_by":"3 Byrds","ascension_level":20}}