{"host":"m9osufisr3agwk96","time":1613284609,"event":{"mods":["AchievementEnabler","Aspiration","BaseMod","Colored Map","Colored Powertips","Downfall","Duelist Mod","Friendly Minions","GifTheSpireLib","Gremlin Mod","Hermit","Highlight Path","Hubris","Minty Spire (QoL Compilation)","Rare Cards Sparkle","Reliquary","Replay The Spire","Shop Mod","StSLib"],"gold_per_floor":[135,77,91,166,184,184,184,201,201,401,414,414,29,45,45,145,145,159,173,173,173],"floor_reached":20,"language":"ENG","playtime":1782,"items_purged":["theDuelist:CurseAging"],"score":216,"play_id":"82532485-e396-4870-9f03-cf8a3297d5c3","local_time":"20210213223649","is_ascension_mode":false,"campfire_choices":[{"floor":6,"key":"REST"},{"floor":12,"key":"REST"},{"data":"theDuelist:TimeWizard","floor":15,"key":"SMITH"}],"circlet_count":0,"master_deck":["theDuelist:CastleWalls","theDuelist:CastleWalls","theDuelist:DarkMagician","theDuelist:MysticalElf","theDuelist:MysticalElf","theDuelist:NeoMagic","theDuelist:NeoMagic","theDuelist:Sparks","theDuelist:Sparks","theDuelist:Sparks","theDuelist:TimeWizard+1","theDuelist:LegendaryExodia+1","theDuelist:WeepingIdol","theDuelist:ExodiaLL","theDuelist:CurseAnubis","theDuelist:MillenniumSpellbook","theDuelist:StatueAnguishPattern","Thinking Ahead","Master of Strategy","theDuelist:ExodiaHead","theDuelist:IrisEarthMother","theDuelist:ContractExodia","theDuelist:GemArmadillo"],"relics":["theDuelist:MillenniumPuzzle","theDuelist:CardPoolRelic","theDuelist:CardPoolBasicRelic","theDuelist:BoosterPackPoolRelic","theDuelist:CardPoolAddRelic","theDuelist:CardPoolMinusRelic","theDuelist:CardPoolSaveRelic","theDuelist:CardPoolOptionsRelic","reliquary:PartyBalloon","theDuelist:MillenniumCoin","theDuelist:ShopToken","hubris:GrandSneckoEye"],"acts_visited":["Exordium","TheCity"],"potions_floor_usage":[14,16,20],"damage_taken":[{"damage":0,"enemies":"2 Louse","floor":1,"turns":4},{"damage":6,"enemies":"Small Slimes","floor":3,"turns":4},{"damage":0,"enemies":"Cultist","floor":5,"turns":5},{"damage":0,"enemies":"Red Slaver","floor":8,"turns":2},{"damage":13,"enemies":"Looter","floor":11,"turns":4},{"damage":10,"enemies":"Blue Slaver","floor":14,"turns":3},{"damage":13,"enemies":"Fading Forest","floor":16,"turns":11},{"damage":10,"enemies":"Shell Parasite","floor":18,"turns":5},{"damage":10,"enemies":"2 Thieves","floor":19,"turns":4},{"damage":101,"enemies":"2 Thieves","floor":20,"turns":14}],"seed_played":"5981996895234354604","potions_obtained":[{"floor":8,"key":"SkillPotion"},{"floor":14,"key":"theDuelist:SteelBrew"},{"floor":16,"key":"Weak Potion"}],"is_trial":false,"path_per_floor":["M","$","M","?","M","R","?","M","T","?","M","R","$","M","R","B",null,"M","M","?"],"character_chosen":"THE_DUELIST","items_purchased":["theDuelist:LegendaryExodia+1","theDuelist:ShopToken","Master of Strategy","theDuelist:SteelBrew"],"campfire_rested":2,"item_purchase_floors":[2,13,13,13],"current_hp_per_floor":[88,88,82,71,71,88,88,88,88,88,75,88,88,78,78,78,87,81,82,0,0],"gold":173,"neow_bonus":"TEN_PERCENT_HP_BONUS","is_daily":false,"chose_seed":false,"campfire_upgraded":1,"win_rate":0.0,"timestamp":1613284609,"path_taken":["M","$","M","?","M","R","?","M","T","?","M","R","$","?","R","BOSS","M","M","?"],"items_purchased_type":["Card","Relic","Card","Potion"],"build_version":"2020-12-22","purchased_purges":1,"victory":false,"max_hp_per_floor":[88,88,88,88,88,88,88,88,88,88,88,88,88,86,86,87,87,85,83,83,83],"card_choices":[{"not_picked":["theDuelist:VoidExpansion","theDuelist:StatueAnguishPattern","theDuelist:GoblinSecret"],"picked":"theDuelist:TimeWizard","floor":1},{"not_picked":["theDuelist:BlockGolem","theDuelist:EarthquakeGiant","theDuelist:GiantSoldierSteel","theDuelist:RainbowOverdragon"],"picked":"theDuelist:WeepingIdol","floor":3},{"not_picked":["theDuelist:DarkMagician","theDuelist:MysticalElf","theDuelist:OnslaughtFireKings","theDuelist:CallAtlanteans"],"picked":"theDuelist:ExodiaLL","floor":5},{"not_picked":["theDuelist:WhiteHowling","theDuelist:TimeWizard","theDuelist:WonderWand"],"picked":"theDuelist:StatueAnguishPattern","floor":8},{"not_picked":["Good Instincts","Mayhem","Metamorphosis"],"picked":"Thinking Ahead","floor":11},{"not_picked":["theDuelist:SilentDoom+1","theDuelist:InfernoFireBlast+1","theDuelist:ApprenticeIllusionMagician","theDuelist:Wildfire+1"],"picked":"theDuelist:ExodiaHead","floor":14},{"not_picked":["theDuelist:RainbowMagician","theDuelist:GrandSpellbookTower","theDuelist:DarkPaladin","theDuelist:IceQueen"],"picked":"theDuelist:IrisEarthMother","floor":16},{"not_picked":["theDuelist:SilentDoom","theDuelist:InfernoFireBlast","theDuelist:GrandSpellbookTower","theDuelist:SwordsBurning"],"picked":"theDuelist:ContractExodia","floor":18},{"not_picked":["theDuelist:WormKing","theDuelist:MagicalStone","theDuelist:FuryFire","theDuelist:EvilswarmHeliotrope"],"picked":"theDuelist:GemArmadillo","floor":19}],"player_experience":486200,"relics_obtained":[{"floor":9,"key":"reliquary:PartyBalloon"}],"event_choices":[{"damage_healed":0,"gold_gain":75,"player_choice":"Gather Gold","damage_taken":11,"max_hp_gain":0,"max_hp_loss":0,"event_name":"World of Goop","floor":4,"gold_loss":0},{"damage_healed":0,"gold_gain":0,"player_choice":"Took item - Received: Millennium Spellbook","duelist":true,"damage_taken":0,"max_hp_gain":0,"max_hp_loss":0,"event_name":"Millennium Items","floor":7,"gold_loss":0},{"damage_healed":0,"gold_gain":0,"player_choice":"Took item - Received: Millennium Coin","duelist":true,"damage_taken":0,"max_hp_gain":0,"max_hp_loss":0,"event_name":"Millennium Items","floor":10,"gold_loss":0},{"damage_healed":0,"gold_gain":0,"player_choice":"Fight","duelist":true,"damage_taken":0,"max_hp_gain":0,"max_hp_loss":0,"event_name":"Battle City","floor":20,"gold_loss":0}],"is_beta":false,"boss_relics":[{"not_picked":["aspiration:WatcherSkillbook","Replay:Wanted Poster"],"picked":"hubris:GrandSneckoEye"}],"items_purged_floors":[13],"is_endless":false,"potions_floor_spawned":[8,14,16],"killed_by":"2 Thieves","ascension_level":0}}