{"host":"u0pglb4bn1g4qngk","time":1613286338,"event":{"mods":["Bard","BaseMod","CapriCore","Chen","Colored Map","Colored Powertips","Downfall","Marisa（霧雨　魔理沙）","Minty Spire (QoL Compilation)","Quick Restart","Remilia（蕾米莉亚）","Replay The Spire","Robot Space Explorer","StSLib","The Animator","The Cursed","The Immortal","The Senshi","The Servant 0.9.4","WarShipGirlsR/战舰少女R mod","Youmu（魂魄妖梦）"],"gold_per_floor":[144,10,55,55,104,202,251,349,349,398,447,496,496,545,545,870,870,919,149,149,198,33,82,42,140,190,239,288,288,337,386,386,711,711,760,135,184,17,180,278,327,327,402,735,780,825,915,960,960,960],"floor_reached":51,"language":"ZHS","playtime":3174,"items_purged":["TheCursedMod:Defend_TheCursed","TheCursedMod:Defend_TheCursed","TheCursedMod:Defend_TheCursed"],"score":1272,"play_id":"db83ab8e-c8a0-4bd5-83dd-449ab354d760","local_time":"20210214150538","daily_mods":["Cursed Run","Colorless Cards","Midas"],"is_ascension_mode":false,"campfire_choices":[{"floor":15,"key":"REST"},{"data":"TheCursedMod:Defend_TheCursed","floor":32,"key":"PURGE"}],"circlet_count":0,"master_deck":["TheCursedMod:CursedWand","TheCursedMod:CleanUpWorkshop","TheCursedMod:Dregs","TheCursedMod:CursedMace","TheCursedMod:ManaBullet","TheCursedMod:WearCloak","TheCursedMod:CursedShiv","TheCursedMod:CursedAmulet","Injury","TheCursedMod:WearCloak","TheCursedMod:SurpriseAttack","TheCursedMod:CursedSpellbook+1","TheCursedMod:CursedAmulet","ReplayTheSpireMod:Faulty Equipment","TheCursedMod:TroublousMinions","ReplayTheSpireMod:Uncanny Aura","TheCursedMod:WearCloak","Parasite","Delirium","TheCursedMod:DemonSword","TheCursedMod:Wield","TheCursedMod:ShockAndAwe+1","TheCursedMod:LuckyCharm","Bite","Bite","Bite","Bite","Bite","TheCursedMod:CursedMace","TheCursedMod:TacticalStrike+1","TheCursedMod:LuckyCharm","TheCursedMod:CursedShiv","Finesse","Replay:Sluggish","TheCursedMod:SurpriseAttack","TheCursedMod:CursedShiv+1","TheCursedMod:RavingStaff","Hallucinations","TheCursedMod:StunningStrike","TheCursedMod:CursedBlade+1","TheCursedMod:CursedMace","TheCursedMod:SpitefulStrike","TheCursedMod:RapidMovement","TheCursedMod:RapidMovement+1","Apotheosis","TheCursedMod:Stigma+1","TheCursedMod:SpitefulStrike","TheCursedMod:RapidMovement+1","animator:Curse_GriefSeed","TheCursedMod:SpitefulStrike+1","TheCursedMod:SoulReap","animator:LimeBell+1","TheCursedMod:SpitefulStrike+1","Shame"],"relics":["Cursed Key","Darkstone Periapt","Du-Vu Doll","Meat on the Bone","Smiling Mask","Singing Bowl","Philosopher\u0027s Stone","Shuriken","Iron Hammer","Chameleon Ring","Replay:Baseball","Honey Jar","Bag of Preparation","Torii","Turnip","Replay:Wax Seal","Golden Egg","Vajra"],"acts_visited":["Exordium","TheCity","TheBeyond"],"potions_floor_usage":[16,21,33,50,50],"damage_taken":[{"damage":4.0,"enemies":"Jaw Worm","floor":1.0,"turns":3.0},{"damage":1.0,"enemies":"Cultist","floor":3.0,"turns":3.0},{"damage":0.0,"enemies":"2 Louse","floor":5.0,"turns":2.0},{"damage":0.0,"enemies":"Lagavulin","floor":6.0,"turns":6.0},{"damage":0.0,"enemies":"Red Slaver","floor":7.0,"turns":3.0},{"damage":1.0,"enemies":"3 Sentries","floor":8.0,"turns":5.0},{"damage":0,"enemies":"Large Slime","floor":10,"turns":5},{"damage":0,"enemies":"Exordium Wildlife","floor":11,"turns":3},{"damage":7,"enemies":"Exordium Thugs","floor":12,"turns":5},{"damage":0,"enemies":"Looter","floor":14,"turns":3},{"damage":46,"enemies":"The Guardian","floor":16,"turns":9},{"damage":3,"enemies":"2 Thieves","floor":18,"turns":3},{"damage":0,"enemies":"3 Byrds","floor":21,"turns":3},{"damage":1,"enemies":"Cultist and Chosen","floor":23,"turns":4},{"damage":3,"enemies":"Book of Stabbing","floor":25,"turns":4},{"damage":0,"enemies":"Shelled Parasite and Fungi","floor":27,"turns":2},{"damage":0,"enemies":"Centurion and Healer","floor":28,"turns":2},{"damage":0,"enemies":"Snecko","floor":30,"turns":2},{"damage":0,"enemies":"Shelled Parasite and Fungi","floor":31,"turns":1},{"damage":21,"enemies":"Pondfish","floor":33,"turns":7},{"damage":1,"enemies":"3 Shapes","floor":35,"turns":1},{"damage":0,"enemies":"Orb Walker","floor":37,"turns":1},{"damage":0,"enemies":"2 Orb Walkers","floor":39,"turns":2},{"damage":0,"enemies":"Reptomancer","floor":40,"turns":2},{"damage":10,"enemies":"4 Shapes","floor":41,"turns":3},{"damage":1,"enemies":"Sphere and 2 Shapes","floor":45,"turns":3},{"damage":0,"enemies":"Jaw Worm Horde","floor":46,"turns":2},{"damage":0,"enemies":"Nemesis","floor":47,"turns":3},{"damage":0,"enemies":"4 Shapes","floor":48,"turns":1},{"damage":28,"enemies":"Donu and Deca","floor":50,"turns":4}],"seed_played":"-463004689936713651","potions_obtained":[{"floor":1.0,"key":"LiquidMemories"},{"floor":8.0,"key":"Doom Potion"},{"floor":11,"key":"TheCursedMod:DregsPotion"},{"floor":14,"key":"ColorlessPotion"},{"floor":18,"key":"Fire Potion"},{"floor":28,"key":"Explosive Potion"},{"floor":30,"key":"Explosive Potion"},{"floor":31,"key":"Strength Potion"},{"floor":40,"key":"Fire Potion"},{"floor":42,"key":"BlessingOfTheForge"},{"floor":42,"key":"Fire Potion"},{"floor":46,"key":"Fire Potion"},{"floor":48,"key":"SkillPotion"},{"floor":49,"key":"SkillPotion"},{"floor":49,"key":"Block Potion"}],"is_trial":false,"path_per_floor":["M","$","M","?","M","E","M","E","T","M","M","M","?","M","R","B",null,"M","$","?","M","$","M","?","E","T","M","M","?","M","M","R_BF","B",null,"M","$","M","$","?","E","M","R","T","?","M","M","E","M","R","B",null],"character_chosen":"THE_CURSED","items_purchased":["TheCursedMod:ManaBullet","TheCursedMod:WearCloak","TheCursedMod:CursedShiv","TheCursedMod:ShockAndAwe","TheCursedMod:LuckyCharm","Shuriken","Iron Hammer","TheCursedMod:TacticalStrike+1","TheCursedMod:LuckyCharm","Bag of Preparation","TheCursedMod:CursedMace","TheCursedMod:SpitefulStrike","Torii","TheCursedMod:RapidMovement","Apotheosis"],"campfire_rested":1,"item_purchase_floors":[2,2,2,19,19,19,19,22,22,36,36,36,36,36,38],"current_hp_per_floor":[71,71,70,76,76,76,76,75,81,81,81,74,93,95,95,55,101,98,98,70,70,70,70,70,69,75,76,76,76,78,78,78,69,84,83,83,84,84,86,86,79,79,85,85,90,92,96,96,96,77],"gold":960,"neow_bonus":"","is_daily":true,"chose_seed":false,"campfire_upgraded":0,"win_rate":0.0,"timestamp":1613286338,"path_taken":["M","$","M","?","M","E","M","E","T","M","M","M","?","M","R","BOSS","M","$","?","M","$","M","?","E","T","?","M","?","M","M","R_BF","BOSS","M","$","M","?","?","E","M","R","T","?","M","?","E","M","R","BOSS"],"items_purchased_type":["Card","Card","Card","Card","Card","Relic","Relic","Card","Card","Relic","Card","Card","Relic","Card","Card"],"build_version":"2020-12-22","purchased_purges":3,"victory":true,"max_hp_per_floor":[75,75,75,81,81,81,81,81,87,87,87,87,93,95,95,101,101,101,101,70,70,70,70,70,70,76,76,76,76,78,78,78,84,84,84,84,84,84,86,86,86,86,92,92,92,94,96,96,96,102],"card_choices":[{"not_picked":["TheCursedMod:SpreadPlague","TheCursedMod:RavingStaff"],"picked":"TheCursedMod:CursedMace","floor":1.0},{"not_picked":["Madness","TheCursedMod:Stretching"],"picked":"TheCursedMod:CursedAmulet","floor":3.0},{"not_picked":["TheCursedMod:Obscuration","TheCursedMod:CursedAmulet"],"picked":"TheCursedMod:WearCloak","floor":5.0},{"not_picked":["Swift Strike","Bandage Up"],"picked":"TheCursedMod:SurpriseAttack","floor":6.0},{"not_picked":["TheCursedMod:RavingStaff","animator:Cirno"],"picked":"TheCursedMod:CursedSpellbook","floor":7.0},{"not_picked":["animator:Magilou","TheCursedMod:CircleOfAmplification"],"picked":"TheCursedMod:CursedAmulet","floor":8.0},{"not_picked":["Deep Breath","TheCursedMod:CircleOfFocus"],"picked":"TheCursedMod:TroublousMinions","floor":10},{"not_picked":["animator:TanyaDegurechaff","TheCursedMod:CursedAmulet"],"picked":"ReplayTheSpireMod:Uncanny Aura","floor":11},{"not_picked":["TheCursedMod:CircleOfFlame","TheCursedMod:TroublousMinions"],"picked":"TheCursedMod:WearCloak","floor":12},{"not_picked":["TheCursedMod:DoubleShield","TheCursedMod:SmokeScreen","Forethought"],"picked":"Singing Bowl","floor":14},{"not_picked":["TheCursedMod:UltimatePain","Secret Weapon"],"picked":"TheCursedMod:DemonSword","floor":16},{"not_picked":["animator:Urushihara","PanicButton"],"picked":"TheCursedMod:Wield","floor":18},{"not_picked":["animator:Urushihara","TheCursedMod:AshesToAshes+1"],"picked":"TheCursedMod:CursedMace","floor":21},{"not_picked":["Enlightenment","TheCursedMod:FleshFromBone"],"picked":"TheCursedMod:CursedShiv","floor":23},{"not_picked":["TheCursedMod:Stretching+1","TheCursedMod:Obscuration"],"picked":"Finesse","floor":25},{"not_picked":["TheCursedMod:Stigma","TheCursedMod:CursedArmor+1"],"picked":"TheCursedMod:SurpriseAttack","floor":27},{"not_picked":["TheCursedMod:VitalStrike","TheCursedMod:ReleasedKnowledge"],"picked":"TheCursedMod:CursedShiv+1","floor":28},{"not_picked":["Discovery","TheCursedMod:RapidMovement","TheCursedMod:Stigma"],"picked":"Singing Bowl","floor":30},{"not_picked":["Replay:Sssssssssshield","Sadistic Nature"],"picked":"TheCursedMod:RavingStaff","floor":31},{"not_picked":["animator:Patchouli","ReplayTheSpireMod:Necrogeddon"],"picked":"TheCursedMod:StunningStrike","floor":33},{"not_picked":["TheCursedMod:SmokeScreen+1","TheCursedMod:CircleOfCorruption+1","TheCursedMod:CursedAmulet+1"],"picked":"TheCursedMod:CursedBlade+1","floor":35},{"not_picked":["TheCursedMod:AbyssShockwave+1","animator:Urushihara+1","Enlightenment+1"],"picked":"TheCursedMod:RapidMovement+1","floor":37},{"not_picked":["TheCursedMod:RavingStaff+1","TheCursedMod:CursedShiv","TheCursedMod:CircleOfCorruption+1","TheCursedMod:Stigma+1"],"picked":"Singing Bowl","floor":39},{"not_picked":["animator:HououinKyouma","animator:MisakiNakahara+1","TheCursedMod:RavingStaff+1"],"picked":"TheCursedMod:SpitefulStrike","floor":40},{"not_picked":["animator:LimeBell","TheCursedMod:SmokeScreen","animator:MisakiNakahara+1"],"picked":"TheCursedMod:RapidMovement+1","floor":41},{"not_picked":["TheCursedMod:Stigma","TheCursedMod:CursedMace","Good Instincts"],"picked":"TheCursedMod:SpitefulStrike+1","floor":45},{"not_picked":["TheCursedMod:SoulReap","TheCursedMod:CircleOfCorruption+1","TheCursedMod:CursedMace","TheCursedMod:SaltUponWound+1"],"picked":"Singing Bowl","floor":46},{"not_picked":["TheCursedMod:ReleasedStrength","animator:LimeBell+1","TheCursedMod:RavingStaff+1","Swift Strike"],"picked":"Singing Bowl","floor":47},{"not_picked":["TheCursedMod:DoubleShield+1","TheCursedMod:Stigma","TheCursedMod:WearCloak"],"picked":"TheCursedMod:SpitefulStrike+1","floor":48}],"player_experience":82709,"relics_obtained":[{"floor":6.0,"key":"Meat on the Bone"},{"floor":8.0,"key":"Smiling Mask"},{"floor":9.0,"key":"Singing Bowl"},{"floor":25,"key":"Chameleon Ring"},{"floor":26,"key":"Replay:Baseball"},{"floor":39,"key":"Turnip"},{"floor":40,"key":"Replay:Wax Seal"},{"floor":43,"key":"Golden Egg"},{"floor":47,"key":"Vajra"}],"event_choices":[{"damage_healed":0.0,"max_hp_gain":0.0,"max_hp_loss":0.0,"gold_gain":0.0,"event_name":"Golden Idol","player_choice":"Take Wound","floor":4.0,"gold_loss":0.0,"damage_taken":0.0,"relics_obtained":["Golden Idol"],"cards_obtained":["Injury"]},{"damage_healed":21,"gold_gain":0,"player_choice":"Healed and dodged fight","damage_taken":0,"max_hp_gain":0,"max_hp_loss":0,"event_name":"Mushrooms","floor":13,"gold_loss":0,"cards_obtained":["Parasite"]},{"damage_healed":0,"gold_gain":0,"player_choice":"Became a vampire","damage_taken":0,"max_hp_gain":0,"max_hp_loss":31,"event_name":"Vampires","floor":20,"gold_loss":0,"cards_obtained":["Bite","Bite","Bite","Bite","Bite"]},{"damage_healed":0,"gold_gain":0,"player_choice":"Upgraded Two","damage_taken":0,"max_hp_gain":0,"max_hp_loss":0,"event_name":"Designer","floor":24,"gold_loss":40,"cards_upgraded":["TheCursedMod:ShockAndAwe","TheCursedMod:CursedSpellbook"]},{"damage_healed":0,"gold_gain":0,"player_choice":"Ignored","damage_taken":0,"max_hp_gain":0,"max_hp_loss":0,"event_name":"Fountain of Cleansing","floor":29,"gold_loss":0},{"damage_healed":0,"gold_gain":0,"player_choice":"Fight","damage_taken":0,"max_hp_gain":0,"max_hp_loss":0,"event_name":"Mysterious Sphere","floor":39,"gold_loss":0},{"damage_healed":0,"gold_gain":333,"player_choice":"Gave Idol","damage_taken":0,"max_hp_gain":0,"max_hp_loss":0,"event_name":"The Moai Head","floor":44,"relics_lost":["Golden Idol"],"gold_loss":0}],"is_beta":false,"boss_relics":[{"not_picked":["Replay:Bronze Core","Tiny House"],"picked":"Philosopher\u0027s Stone"},{"not_picked":["Empty Cage","Snecko Heart"],"picked":"Honey Jar"}],"items_purged_floors":[19,22,36],"is_endless":false,"potions_floor_spawned":[1,8,11,14,18,28,30,31,40,46,48],"ascension_level":0}}