{"host":"27tk4xseidcli2mr","time":1613311889,"event":{"mods":["2.2 Compatiblity","AchievementEnabler","Aspiration","BaseMod","Better Third Choice","Conspire","Custom Start","Downfall","GungeonMod","Hubris","Infinite Spire","Jorbs\u0027s Wanderer Trilogy","Minty Spire (QoL Compilation)","Replay The Spire","StSLib","SuperFastMode","[IsaacMod]????"],"gold_per_floor":[116,130,80,80,95,125,125,141,141,141,141,173,193,223,223,223,223],"floor_reached":16,"language":"ENG","playtime":662,"items_purged":[],"score":174,"play_id":"5990829a-ff16-49c5-abd9-735b22b882ae","local_time":"20210214151129","is_ascension_mode":true,"campfire_choices":[{"data":"Ragnarok","floor":7.0,"key":"SMITH"},{"floor":10.0,"key":"RECALL"},{"data":"TalkToTheHand","floor":15,"key":"SMITH"}],"circlet_count":0,"master_deck":["Strike_P","Strike_P","Strike_P","Strike_P","Defend_P","Defend_P","Defend_P","Eruption+1","Vigilance","DeceiveReality","Bomb","Indignation","Ragnarok+1","TalkToTheHand+1","JustLucky"],"relics":["PureWater","HushsDoor","GuppysTail","GuppysPaw","Iron Hammer","Toy Ornithopter","DemoMod:JetPack"],"acts_visited":["Exordium"],"potions_floor_usage":[12,12,16],"damage_taken":[{"damage":0.0,"enemies":"Jaw Worm","floor":1.0,"turns":5.0},{"damage":6.0,"enemies":"Cultist","floor":2.0,"turns":5.0},{"damage":0.0,"enemies":"Small Slimes","floor":5.0,"turns":2.0},{"damage":14.0,"enemies":"Lagavulin","floor":6.0,"turns":6.0},{"damage":0.0,"enemies":"Blue Slaver","floor":8.0,"turns":4.0},{"damage":0,"enemies":"3 Sentries","floor":12,"turns":4},{"damage":0,"enemies":"2 Fungi Beasts","floor":13,"turns":2},{"damage":12,"enemies":"Lagavulin","floor":14,"turns":4},{"damage":62,"enemies":"Fading Forest","floor":16,"turns":7}],"seed_played":"-1457263811695333426","potions_obtained":[{"floor":1.0,"key":"Guardian:BlockOnCardUsePotion"},{"floor":2.0,"key":"SteroidPotion"},{"floor":5.0,"key":"champ:CounterPotion"},{"floor":12,"key":"Elixir"},{"floor":13,"key":"champ:CounterPotion"}],"is_trial":false,"path_per_floor":["M","M","?","?","M","E","R","M","T","R","?","E","M","E","R","B"],"character_chosen":"WATCHER","items_purchased":[],"campfire_rested":0,"item_purchase_floors":[],"current_hp_per_floor":[79,73,73,73,73,59,59,59,59,59,59,59,59,47,47,0,0],"gold":223,"neow_bonus":"TEN_PERCENT_HP_BONUS","is_daily":false,"chose_seed":false,"campfire_upgraded":2,"win_rate":0.0,"timestamp":1613311889,"path_taken":["M","M","?","?","M","E","R","?","T","R","?","E","M","E","R","BOSS"],"items_purchased_type":[],"build_version":"2020-12-22","purchased_purges":0,"victory":false,"max_hp_per_floor":[79,79,79,79,79,79,79,79,79,79,79,79,79,79,79,79,79],"card_choices":[{"not_picked":["SashWhip","Perseverance"],"picked":"DeceiveReality","floor":1.0},{"not_picked":["Weave","CrushJoints"],"picked":"Bomb","floor":2.0},{"not_picked":["SandsOfTime","Halt"],"picked":"Indignation","floor":5.0},{"not_picked":["Crescendo","CrushJoints"],"picked":"Ragnarok","floor":6.0},{"not_picked":["Evaluate","Replay:BluntJabs","CutThroughFate"],"picked":"SKIP","floor":8.0},{"not_picked":["CutThroughFate","SandsOfTime"],"picked":"TalkToTheHand","floor":12},{"not_picked":["Replay:Vibes","CutThroughFate"],"picked":"JustLucky","floor":13},{"not_picked":["FollowUp","Replay:Cycle","Indignation"],"picked":"SKIP","floor":14}],"player_experience":1337173,"relics_obtained":[{"floor":6.0,"key":"GuppysPaw"},{"floor":9.0,"key":"Iron Hammer"},{"floor":12,"key":"Toy Ornithopter"},{"floor":14,"key":"DemoMod:JetPack"}],"event_choices":[{"cards_removed":["Defend_P"],"damage_healed":0.0,"max_hp_gain":0.0,"max_hp_loss":0.0,"gold_gain":0.0,"event_name":"The Cleric","player_choice":"Card Removal","floor":3.0,"gold_loss":50.0,"damage_taken":0.0}],"is_beta":false,"boss_relics":[],"items_purged_floors":[],"is_endless":false,"potions_floor_spawned":[1,2,5,12,13],"killed_by":"Fading Forest","ascension_level":4}}