{"host":"52m1o8iwwagurbjs","time":1613267651,"event":{"mods":["AchievementEnabler","BaseMod","Bestiary","Challenge The Spire","Colored Powertips","GifTheSpireLib","Minty Spire (QoL Compilation)","Quick Restart","Relic Stats","StSLib"],"gold_per_floor":[112,16,31,49,1,28,28,63,63,81,113,113,138,153,153,153,153],"floor_reached":16,"language":"ENG","playtime":563,"items_purged":[],"score":162,"play_id":"46988b38-4b17-4a9b-8fde-e64f85dcb92c","local_time":"20210213205411","is_ascension_mode":true,"campfire_choices":[{"floor":12.0,"key":"REST"},{"data":"Spot Weakness","floor":15,"key":"SMITH"}],"circlet_count":0,"master_deck":["Strike_R","Strike_R","Strike_R","Strike_R","Strike_R","Defend_R","Defend_R","Defend_R","Defend_R","Bash","Combust","Feel No Pain","Cleave","Inflame","Spot Weakness+1","Battle Trance","Twin Strike","Pummel"],"relics":["Burning Blood","Singing Bowl","StoneCalendar","Mango","Ancient Tea Set","Juzu Bracelet"],"acts_visited":["Exordium"],"potions_floor_usage":[14,14,16],"damage_taken":[{"damage":6.0,"enemies":"Cultist","floor":1.0,"turns":4.0},{"damage":1.0,"enemies":"2 Louse","floor":3.0,"turns":2.0},{"damage":11.0,"enemies":"Jaw Worm","floor":4.0,"turns":2.0},{"damage":19.0,"enemies":"Gremlin Nob","floor":6.0,"turns":4.0},{"damage":30.0,"enemies":"Lagavulin","floor":8.0,"turns":7.0},{"damage":14.0,"enemies":"Blue Slaver","floor":10.0,"turns":3.0},{"damage":22.0,"enemies":"3 Sentries","floor":11.0,"turns":7.0},{"damage":30.0,"enemies":"Gremlin Nob","floor":13.0,"turns":4.0},{"damage":3,"enemies":"Exordium Thugs","floor":14,"turns":4},{"damage":52,"enemies":"The Guardian","floor":16,"turns":8}],"seed_played":"-7764740012225037729","potions_obtained":[{"floor":1.0,"key":"Regen Potion"},{"floor":4.0,"key":"Block Potion"},{"floor":8.0,"key":"ColorlessPotion"},{"floor":11.0,"key":"GamblersBrew"},{"floor":13.0,"key":"Block Potion"}],"is_trial":false,"path_per_floor":["M","$","M","M","$","E","$","E","T","M","E","R","E","M","R","B"],"character_chosen":"IRONCLAD","items_purchased":["Feel No Pain","Cleave","Swift Potion"],"campfire_rested":1,"item_purchase_floors":[2,2,5],"current_hp_per_floor":[88,88,88,83,83,72,72,48,62,54,38,69,47,52,52,0,0],"gold":153,"neow_bonus":"TEN_PERCENT_HP_BONUS","is_daily":false,"chose_seed":false,"campfire_upgraded":1,"win_rate":0.0,"timestamp":1613267651,"path_taken":["M","$","M","?","?","E","$","E","T","M","E","R","E","M","R","BOSS"],"items_purchased_type":["Card","Card","Potion"],"build_version":"2020-12-22","purchased_purges":0,"victory":false,"max_hp_per_floor":[88,88,88,88,88,90,90,90,104,104,104,104,106,108,108,108,108],"relic_stats":{"Singing Bowl":6,"counters":[10,45],"StoneCalendar":[52],"Juzu Bracelet":0,"obtain_stats":[{"Singing Bowl":6,"StoneCalendar":8,"Mango":9,"Juzu Bracelet":13,"Ancient Tea Set":11,"Burning Blood":0},{"Singing Bowl":4,"StoneCalendar":5,"Mango":5,"Juzu Bracelet":8,"Ancient Tea Set":7,"Burning Blood":0},{"Singing Bowl":12,"StoneCalendar":19,"Mango":19,"Juzu Bracelet":33,"Ancient Tea Set":29,"Burning Blood":0}],"Burning Blood":49},"card_choices":[{"not_picked":["Pommel Strike","Second Wind"],"picked":"Combust","floor":1.0},{"not_picked":["Cleave","Wild Strike"],"picked":"Inflame","floor":3.0},{"not_picked":["Power Through","Fire Breathing"],"picked":"Spot Weakness","floor":4.0},{"not_picked":["Uppercut","Wild Strike","Spot Weakness"],"picked":"Singing Bowl","floor":6.0},{"not_picked":["Pummel","Clothesline"],"picked":"Battle Trance","floor":8.0},{"not_picked":["Uppercut","Clash"],"picked":"Twin Strike","floor":10.0},{"not_picked":["Anger","Rupture"],"picked":"Pummel","floor":11.0},{"not_picked":["Clash","Fire Breathing","Reckless Charge"],"picked":"Singing Bowl","floor":13.0},{"not_picked":["Flex","Bloodletting","Cleave"],"picked":"Singing Bowl","floor":14}],"player_experience":1353760,"relics_obtained":[{"floor":6.0,"key":"Singing Bowl"},{"floor":8.0,"key":"StoneCalendar"},{"floor":9.0,"key":"Mango"},{"floor":11.0,"key":"Ancient Tea Set"},{"floor":13.0,"key":"Juzu Bracelet"}],"event_choices":[],"is_beta":false,"boss_relics":[],"items_purged_floors":[],"is_endless":false,"potions_floor_spawned":[1,4,8,11,13],"killed_by":"The Guardian","ascension_level":1}}