{"host":"166mvycy0az0i7z6","time":1613281606,"event":{"mods":["AchievementEnabler","Aspiration","BaseMod","Bestiary","Better Altar","Better Third Choice","BetterRewards","Challenge The Spire","Conspire","DeckTracker","Downfall","Halation","Hubris","Minty Spire (QoL Compilation)","Relic Filter","Relic Stats","Replay The Spire","Shop Mod","StSLib"],"gold_per_floor":[99,109,109,109,109,184,184,195,211,223,255,267,267,267,279,374,374,374,385,1,20,38,38,38,108,108,126,136,165,165,165,175,271,271,271,281,381,381,381,381],"floor_reached":38,"language":"ENG","playtime":2618,"items_purged":[],"score":446,"play_id":"27e03ce3-e7ba-4f73-8759-524212ae9063","local_time":"20210214164646","is_ascension_mode":false,"campfire_choices":[{"data":"Carnage","floor":13,"key":"SMITH"},{"data":"sneckomod:DiceBoulder","floor":18,"key":"SMITH"},{"floor":26,"key":"REST"},{"floor":30,"key":"REST"},{"data":"Feed","floor":35,"key":"SMITH"}],"circlet_count":0,"master_deck":["sneckomod:Strike+1","sneckomod:Strike+1","sneckomod:Defend+1","sneckomod:Defend+1","sneckomod:Defend+1","sneckomod:TailWhip","sneckomod:SnekBite","sneckomod:Unknown","Carnage+1","sneckomod:Unknown0Cost","CommonCold","sneckomod:Unknown0Cost","sneckomod:UnknownBlock","sneckomod:DiceBoulder+1","sneckomod:UnendingSupply+1","sneckomod:MorePower","sneckomod:UnknownUncommonPower+1","sneckomod:SoulRoll","sneckomod:Unknown0Cost+1","sneckomod:DangerNoodle","sneckomod:UnknownCommonAttack+1","Pummel","sneckomod:UnknownClassSLIMEBOUND+1","Rage","sneckomod:WideSting","Rupture","sneckomod:Unknown0Cost+1","Armaments","sneckomod:Unknown3Cost+1","ReplayTheSpireMod:Strike From Hell","Replay:Undeath\u0027s Touch","sneckomod:UnknownStrike+1","Infernal Blade","hexamod:SpectersWail","sneckomod:UnknownUncommonAttack+1","hexamod:GhostShield","sneckomod:UnlimitedRolls","Feed+1","Replay:Undeath\u0027s Touch","Fusion","Run Through","sneckomod:SlitherStrike","sneckomod:MorePower","Replay:Sssssssssstrike","Hallucinations","Heavy Blade+1"],"relics":["sneckomod:SneckoSoul","TungstenRod","Ring of Fury","Ring of Hypnosis","conspire:DeflatedDodgeball","hubris:MysteriousPyramids","aspiration:HatOfInfinitePower","aspiration:IroncladSkillbook","ReplayTheSpireMod:Lightbulb","Blue Candle","hubris:DisguiseKit","hubris:DeckOfHolding","hubris:TerracottaHorce","downfall:GremlinSack"],"acts_visited":["Exordium","TheCity","TheBeyond"],"potions_floor_usage":[11,16,16,28,29,29,33,36],"damage_taken":[{"damage":0,"enemies":"2 Louse","floor":2,"turns":2},{"damage":0,"enemies":"Small Slimes","floor":8,"turns":3},{"damage":0,"enemies":"Jaw Worm","floor":9,"turns":2},{"damage":13,"enemies":"Lots of Slimes","floor":10,"turns":6},{"damage":5,"enemies":"Lagavulin","floor":11,"turns":4},{"damage":11,"enemies":"downfall:LooterAlt","floor":12,"turns":3},{"damage":1,"enemies":"Gremlin Gang","floor":15,"turns":4},{"damage":7,"enemies":"IC_STATUS_ARCHETYPE","floor":16,"turns":7},{"damage":56,"enemies":"3 Byrds","floor":19,"turns":7},{"damage":0,"enemies":"downfall:FleeingMerchant","floor":20,"turns":4},{"damage":9,"enemies":"Shell Parasite","floor":21,"turns":4},{"damage":33,"enemies":"Sentry and Sphere","floor":22,"turns":6},{"damage":12,"enemies":"Snecko","floor":27,"turns":4},{"damage":10,"enemies":"3 Cultists","floor":28,"turns":4},{"damage":30,"enemies":"Gremlin Leader","floor":29,"turns":3},{"damage":20,"enemies":"Snake Plant","floor":32,"turns":4},{"damage":7,"enemies":"SI_MIRROR_ARCHETYPE","floor":33,"turns":9},{"damage":12,"enemies":"Orb Walker","floor":36,"turns":2},{"damage":27,"enemies":"Orb Walker","floor":37,"turns":4},{"damage":53,"enemies":"3 Shapes","floor":38,"turns":3}],"seed_played":"166250757715352642","potions_obtained":[{"floor":9,"key":"Weak Potion"},{"floor":11,"key":"Doom Potion"},{"floor":15,"key":"Toxic Potion"},{"floor":27,"key":"ColorlessPotion"},{"floor":28,"key":"Elixir"},{"floor":32,"key":"SteroidPotion"},{"floor":33,"key":"champ:CounterPotion"}],"is_trial":false,"path_per_floor":["R","M","?","?","?","T","T","M","M","M","E","M","R","?","M","B",null,"R","M","$","M","M","?","T","T","R","M","M","E","R","?","M","B",null,"R","M","?","M"],"character_chosen":"THE_SNECKO","items_purchased":["ReplayTheSpireMod:Lightbulb","sneckomod:WideSting","sneckomod:DiceRollPotion","Rupture"],"campfire_rested":2,"item_purchase_floors":[20,20,20,20],"current_hp_per_floor":[99,99,99,87,87,87,87,87,87,74,69,58,58,58,57,54,99,99,47,51,46,17,17,17,17,46,38,32,6,35,35,19,16,78,78,74,51,0,0,0],"gold":381,"neow_bonus":"TEN_PERCENT_HP_BONUS","is_daily":false,"chose_seed":false,"campfire_upgraded":3,"win_rate":0.0,"timestamp":1613281606,"path_taken":["R","M","?","?","?","?","T","M","?","?","E","M","R","?","M","BOSS","R","M","$","?","?","?","T","?","R","M","M","E","R","?","M","BOSS","R","M","?","?"],"items_purchased_type":["Relic","Card","Potion","Card"],"build_version":"2020-12-22","purchased_purges":0,"victory":false,"max_hp_per_floor":[99,99,99,99,99,99,99,99,99,99,99,99,99,99,99,99,99,99,99,99,99,99,99,99,99,99,99,99,99,99,99,99,99,99,99,103,103,103,103,103],"relic_stats":{"counters":[20,84],"Blue Candle":[2],"obtain_stats":[{"hubris:DisguiseKit":25,"Ring of Hypnosis":5,"Blue Candle":24,"hubris:MysteriousPyramids":7,"sneckomod:SneckoSoul":0,"aspiration:IroncladSkillbook":17,"hubris:TerracottaHorce":34,"downfall:GremlinSack":37,"Ring of Fury":5,"hubris:DeckOfHolding":29,"conspire:DeflatedDodgeball":6,"aspiration:HatOfInfinitePower":11,"ReplayTheSpireMod:Lightbulb":20,"TungstenRod":4},{"hubris:DisguiseKit":12,"Ring of Hypnosis":1,"Blue Candle":12,"hubris:MysteriousPyramids":1,"sneckomod:SneckoSoul":0,"aspiration:IroncladSkillbook":8,"hubris:TerracottaHorce":17,"downfall:GremlinSack":19,"Ring of Fury":1,"hubris:DeckOfHolding":15,"conspire:DeflatedDodgeball":1,"aspiration:HatOfInfinitePower":5,"ReplayTheSpireMod:Lightbulb":10,"TungstenRod":1},{"hubris:DisguiseKit":51,"Ring of Hypnosis":2,"Blue Candle":51,"hubris:MysteriousPyramids":2,"sneckomod:SneckoSoul":0,"aspiration:IroncladSkillbook":31,"hubris:TerracottaHorce":75,"downfall:GremlinSack":81,"Ring of Fury":2,"hubris:DeckOfHolding":62,"conspire:DeflatedDodgeball":2,"aspiration:HatOfInfinitePower":17,"ReplayTheSpireMod:Lightbulb":42,"TungstenRod":2}],"TungstenRod":64},"card_choices":[{"not_picked":["sneckomod:Nope","sneckomod:SoulDraw"],"picked":"sneckomod:Unknown0Cost","floor":2},{"not_picked":["sneckomod:RainOfDice","sneckomod:UnknownClassGREEN"],"picked":"sneckomod:Unknown0Cost","floor":8},{"not_picked":["sneckomod:UnknownClassPURPLE","sneckomod:UnknownVulnerable"],"picked":"sneckomod:UnknownBlock","floor":9},{"not_picked":["sneckomod:ImprovisedGuard","sneckomod:UnknownClassRED"],"picked":"sneckomod:DiceBoulder","floor":10},{"not_picked":["sneckomod:SoulCleanse","sneckomod:UnknownCommonAttack"],"picked":"sneckomod:UnendingSupply","floor":11},{"not_picked":["sneckomod:Nope","sneckomod:SnekBeam"],"picked":"sneckomod:MorePower","floor":12},{"not_picked":["sneckomod:UnknownStrike+1","sneckomod:UnknownClassGUARDIAN+1"],"picked":"sneckomod:UnknownUncommonPower+1","floor":15},{"not_picked":["sneckomod:UnknownClassTHE_CHAMP_GRAY","sneckomod:UnknownClassGUARDIAN"],"picked":"sneckomod:SoulRoll","floor":15},{"not_picked":["sneckomod:UnknownCommonAttack+1","sneckomod:UnknownWeak+1"],"picked":"sneckomod:Unknown0Cost+1","floor":16},{"not_picked":["sneckomod:MorePower","sneckomod:UnlimitedRolls"],"picked":"sneckomod:DangerNoodle","floor":16},{"not_picked":["sneckomod:Unknown2Cost+1","sneckomod:UnknownClassHEXA_GHOST_PURPLE+1"],"picked":"sneckomod:UnknownCommonAttack+1","floor":19},{"not_picked":["Body Slam","sneckomod:MasterEye+1","Headbutt"],"picked":"Pummel","floor":19},{"not_picked":["sneckomod:UnknownClassPURPLE+1","sneckomod:UnknownWeak+1"],"picked":"sneckomod:UnknownClassSLIMEBOUND+1","floor":20},{"not_picked":["Life Link","sneckomod:SnakeSap+1","Iron Wave"],"picked":"Rage","floor":20},{"not_picked":["sneckomod:UnknownClassGUARDIAN+1","sneckomod:UnknownCommonSkill+1"],"picked":"sneckomod:Unknown0Cost+1","floor":21},{"not_picked":["sneckomod:SoulRoll+1","sneckomod:QuickMove","Sword Boomerang"],"picked":"Armaments","floor":21},{"not_picked":["sneckomod:UnknownExhaust+1","sneckomod:UnknownWeak+1"],"picked":"sneckomod:Unknown3Cost+1","floor":22},{"not_picked":["Iron Wave","Clothesline+1","sneckomod:IronFang"],"picked":"ReplayTheSpireMod:Strike From Hell","floor":22},{"not_picked":["sneckomod:UnknownClassTHE_CHAMP_GRAY","sneckomod:UnknownCommonSkill","Reckless Charge","hexamod:Haunt"],"picked":"Replay:Undeath\u0027s Touch","floor":27},{"not_picked":["sneckomod:UnknownClassHEXA_GHOST_PURPLE+1","sneckomod:Unknown2Cost+1"],"picked":"sneckomod:UnknownStrike+1","floor":28},{"not_picked":["ReplayTheSpireMod:Limb From Limb","Power Through","Iron Wave","hexamod:BacktrackSmack"],"picked":"Infernal Blade","floor":28},{"not_picked":["Reckless Charge+1","sneckomod:DiceBlock","Barricade","Abandon"],"picked":"hexamod:SpectersWail","floor":29},{"not_picked":["sneckomod:UnknownDraw+1","sneckomod:UnknownCommonSkill+1"],"picked":"sneckomod:UnknownUncommonAttack+1","floor":32},{"not_picked":["Wild Strike","Dual Wield","Twin Strike","sneckomod:Unknown1Cost"],"picked":"hexamod:GhostShield","floor":32},{"not_picked":["sneckomod:Cheat","sneckomod:UnknownRareAttack","Reaper","hexamod:UnlimitedPower"],"picked":"sneckomod:UnlimitedRolls","floor":33},{"not_picked":["sneckomod:Cheat","Bludgeon","sneckomod:SerpentMind","hexamod:SixthSeal"],"picked":"Feed","floor":33},{"not_picked":["sneckomod:SnekBeam","hubris:ReadiedAction","Pommel Strike+1","hexamod:BacktrackSmack"],"picked":"Replay:Undeath\u0027s Touch","floor":36},{"not_picked":["Entrench","Disarm","Bloodletting+1","hexamod:ThermalTransfer"],"picked":"Heavy Blade+1","floor":37}],"player_experience":106021,"relics_obtained":[{"floor":5,"key":"Ring of Fury"},{"floor":5,"key":"Ring of Hypnosis"},{"floor":6,"key":"conspire:DeflatedDodgeball"},{"floor":7,"key":"hubris:MysteriousPyramids"},{"floor":11,"key":"aspiration:HatOfInfinitePower"},{"floor":24,"key":"Blue Candle"},{"floor":25,"key":"hubris:DisguiseKit"},{"floor":29,"key":"hubris:DeckOfHolding"},{"floor":37,"key":"downfall:GremlinSack"}],"event_choices":[{"damage_healed":0,"gold_gain":0,"player_choice":"Relic ","damage_taken":12,"max_hp_gain":0,"max_hp_loss":0,"event_name":"betterThird:BetterScrap","floor":4,"gold_loss":0,"cards_obtained":["Dark Embrace"]},{"damage_healed":0,"gold_gain":0,"player_choice":"Forge","damage_taken":0,"max_hp_gain":0,"max_hp_loss":0,"event_name":"Accursed Blacksmith","floor":14,"gold_loss":0,"cards_upgraded":["sneckomod:UnendingSupply"]},{"damage_healed":0,"gold_gain":0,"player_choice":"Ignored","damage_taken":0,"max_hp_gain":0,"max_hp_loss":0,"event_name":"Vampires","floor":31,"gold_loss":0}],"is_beta":false,"boss_relics":[{"not_picked":["aspiration:SecretTechniqueScroll","hubris:VirtuousBlindfold"],"picked":"aspiration:IroncladSkillbook"},{"not_picked":["conspire:RunicOctahedron","halation:Prosthetics"],"picked":"hubris:TerracottaHorce"}],"items_purged_floors":[],"is_endless":false,"potions_floor_spawned":[9,11,15,27,28,32,33],"killed_by":"3 Shapes","ascension_level":0}}