{"host":"oqv3vxnsjitmn8w8","time":1613309825,"event":{"mods":["BaseMod","DeckTracker","Minty Spire (QoL Compilation)","StSLib","The Gatherer"],"gold_per_floor":[119,136,151,151,1,1,21,21,21,21,21,39,53,80,80,177,177,195,206,206,216,229,257,257,335,335,345,345,355,355,25,25,122,422,437,447,447,447,497,497,497,497],"floor_reached":40,"language":"KOR","playtime":1538,"items_purged":[],"score":398,"play_id":"ce5c71bc-90d3-4492-b599-8056aa10fa34","local_time":"20210214223705","is_ascension_mode":false,"metric_token":349,"campfire_choices":[{"data":"Gatherer:FlowerWhip","floor":6.0,"key":"SMITH"},{"data":"Gatherer:FlowerWhip+1","floor":8.0,"key":"SMITH"},{"data":"Gatherer:FlowerWhip+2","floor":10.0,"key":"SMITH"},{"floor":15.0,"key":"REST"},{"data":"Gatherer:StoneFence","floor":24.0,"key":"SMITH"},{"floor":28.0,"key":"DIG"},{"floor":30.0,"key":"REST"},{"floor":32.0,"key":"REST"}],"circlet_count":0,"master_deck":["Gatherer:Strike_Gatherer","Gatherer:Strike_Gatherer","Gatherer:Strike_Gatherer","Gatherer:Strike_Gatherer","Gatherer:Strike_Gatherer","Gatherer:Defend_Gatherer+1","Gatherer:Defend_Gatherer","Gatherer:Defend_Gatherer","Gatherer:Defend_Gatherer+1","Gatherer:Defend_Gatherer","Gatherer:Centralize","Gatherer:FlowerWhip+3","Gatherer:FragileHammer","Gatherer:UpgradeBag+1","Gatherer:FruitForce","Gatherer:Duality","Gatherer:Snatch","Gatherer:Liquidism","Gatherer:BlackTea","Gatherer:Enchant","Gatherer:FlowerShield","Gatherer:Snatch","Gatherer:Pollute+1","Gatherer:StoneFence+1","Gatherer:FlowerFalling","Gatherer:Liquidism","Gatherer:Liquidism","CurseOfTheBell","Gatherer:GlowingPlant+1","Gatherer:Shadow+1","Gatherer:Light+1"],"relics":["Gatherer:AlchemyBag","Smiling Mask","Pear","The Courier","Bag of Marbles","SacredBark","MutagenicStrength","Toy Ornithopter","Shuriken","Shovel","Toxic Egg 2","Membership Card","War Paint","Bronze Scales","PreservedInsect","Calling Bell","Old Coin","Gatherer:MistGenerator","Molten Egg 2","Calipers"],"acts_visited":["Exordium","TheCity","TheBeyond"],"potions_floor_usage":[40],"damage_taken":[{"damage":6.0,"enemies":"Jaw Worm","floor":1.0,"turns":4.0},{"damage":9.0,"enemies":"Small Slimes","floor":2.0,"turns":3.0},{"damage":1.0,"enemies":"Cultist","floor":3.0,"turns":4.0},{"damage":0.0,"enemies":"Exordium Wildlife","floor":7.0,"turns":3.0},{"damage":5.0,"enemies":"Lots of Slimes","floor":12.0,"turns":3.0},{"damage":10.0,"enemies":"Looter","floor":13.0,"turns":2.0},{"damage":34.0,"enemies":"Slime Boss","floor":16.0,"turns":9.0},{"damage":21.0,"enemies":"3 Byrds","floor":18.0,"turns":3.0},{"damage":0.0,"enemies":"Spheric Guardian","floor":19.0,"turns":2.0},{"damage":8.0,"enemies":"Centurion and Healer","floor":21.0,"turns":3.0},{"damage":0.0,"enemies":"3 Cultists","floor":22.0,"turns":3.0},{"damage":11.0,"enemies":"Gremlin Leader","floor":23.0,"turns":4.0},{"damage":10.0,"enemies":"Cultist and Chosen","floor":27.0,"turns":4.0},{"damage":27.0,"enemies":"Centurion and Healer","floor":29.0,"turns":5.0},{"damage":34.0,"enemies":"Collector","floor":33.0,"turns":6.0},{"damage":37.0,"enemies":"3 Darklings","floor":35.0,"turns":3.0},{"damage":21.0,"enemies":"3 Shapes","floor":36.0,"turns":4.0},{"damage":12.0,"enemies":"Mind Bloom Boss Battle","floor":39.0,"turns":7.0},{"damage":29,"enemies":"Nemesis","floor":40,"turns":4}],"seed_played":"2710004743786578953","potions_obtained":[{"floor":2.0,"key":"BottledMiracle"},{"floor":12.0,"key":"GamblersBrew"},{"floor":13.0,"key":"EssenceOfSteel"},{"floor":19.0,"key":"BlessingOfTheForge"},{"floor":22.0,"key":"SkillPotion"},{"floor":23.0,"key":"Dexterity Potion"},{"floor":35.0,"key":"BottledMiracle"}],"is_trial":false,"path_per_floor":["M","M","M","?","$","R","M","R","T","R","?","M","M","T","R","B",null,"M","M","?","M","M","E","R","T","T","M","R","M","R","$","R","B",null,"M","M","?","?","?","E"],"character_chosen":"THE_GATHERER","items_purchased":["Gatherer:FruitForce","Gatherer:Duality","Membership Card","War Paint","Bronze Scales","PreservedInsect","Gatherer:Liquidism"],"campfire_rested":3,"item_purchase_floors":[5,5,31,31,31,31,31],"current_hp_per_floor":[66,57,56,41,45,45,45,45,45,45,45,40,30,30,55,21,86,65,65,65,57,57,46,46,46,46,36,36,9,34,34,59,40,86,49,28,28,28,16,0,0,0],"gold":497,"neow_bonus":"RANDOM_COMMON_RELIC","is_daily":false,"chose_seed":false,"campfire_upgraded":4,"win_rate":0.0,"timestamp":1613309825,"path_taken":["M","M","M","?","$","R","M","R","T","R","?","M","?","?","R","BOSS","M","?","?","M","M","E","R","?","T","?","R","M","R","$","R","BOSS","M","M","?","?","?","E"],"items_purchased_type":["Card","Card","Relic","Relic","Relic","Relic","Card"],"build_version":"2020-12-22","purchased_purges":0,"victory":false,"max_hp_per_floor":[72,72,72,82,86,86,86,86,86,86,86,86,86,86,86,86,86,86,86,86,86,86,86,86,86,86,86,86,86,86,86,86,86,86,86,86,86,86,86,86,86,86],"card_choices":[{"not_picked":["Gatherer:DrugPower","Gatherer:ScrollOfWall"],"picked":"Gatherer:FragileHammer","floor":1.0},{"not_picked":["Gatherer:ScrollOfWall","Gatherer:Solidify","Gatherer:WoolGloves"],"picked":"SKIP","floor":2.0},{"not_picked":["Gatherer:Transmute","Gatherer:AromaProtection"],"picked":"Gatherer:UpgradeBag","floor":3.0},{"not_picked":["Gatherer:ScrollOfPurity","Gatherer:Frenzy","Gatherer:FeelingFine"],"picked":"SKIP","floor":7.0},{"not_picked":["Gatherer:ScentOfRosmari","Gatherer:AlchemyTrial"],"picked":"Gatherer:Snatch","floor":12.0},{"not_picked":["Gatherer:PotentialSlash","Gatherer:Snatch"],"picked":"Gatherer:Liquidism","floor":13.0},{"not_picked":["Gatherer:FinishingStrike","Gatherer:LuckyClover"],"picked":"Gatherer:BlackTea","floor":16.0},{"not_picked":["Gatherer:DrugPower","Gatherer:Nutrients+1"],"picked":"Gatherer:Enchant","floor":18.0},{"not_picked":["Gatherer:Frenzy","Gatherer:WoolGloves"],"picked":"Gatherer:FlowerShield","floor":19.0},{"not_picked":["Gatherer:ScentOfRosmari","Gatherer:AcidicSpray"],"picked":"Gatherer:Snatch","floor":21.0},{"not_picked":["Gatherer:Frenzy+1","Gatherer:CollectorsShot"],"picked":"Gatherer:Pollute+1","floor":22.0},{"not_picked":["Gatherer:WoolGloves","Gatherer:Nutrients"],"picked":"Gatherer:StoneFence","floor":23.0},{"not_picked":["Gatherer:WoolGloves","Gatherer:CollectorsShot+1"],"picked":"Gatherer:FlowerFalling","floor":27.0},{"not_picked":["Gatherer:CollectorsShot","Gatherer:SaveValuables+1"],"picked":"Gatherer:Liquidism","floor":29.0},{"not_picked":["Gatherer:Frenzy+1","Gatherer:WoolGloves+1","Gatherer:GatherMaterial+1"],"picked":"SKIP","floor":35.0},{"not_picked":["Gatherer:GatherMaterial+1","Gatherer:Frenzy+1","Gatherer:CollectorsShot+1"],"picked":"SKIP","floor":36.0},{"not_picked":["Gatherer:Liquidism","Gatherer:Frenzy+1"],"picked":"Gatherer:GlowingPlant+1","floor":39.0}],"player_experience":96081,"relics_obtained":[{"floor":9.0,"key":"The Courier"},{"floor":14.0,"key":"Bag of Marbles"},{"floor":23.0,"key":"Toy Ornithopter"},{"floor":25.0,"key":"Shuriken"},{"floor":26.0,"key":"Shovel"},{"floor":28.0,"key":"Toxic Egg 2"},{"floor":34.0,"key":"Old Coin"},{"floor":34.0,"key":"Gatherer:MistGenerator"},{"floor":34.0,"key":"Molten Egg 2"},{"floor":39.0,"key":"Calipers"}],"event_choices":[{"damage_healed":0.0,"max_hp_gain":0.0,"max_hp_loss":0.0,"gold_gain":0.0,"event_name":"Scrap Ooze","player_choice":"Success","floor":4.0,"gold_loss":0.0,"damage_taken":25.0,"relics_obtained":["Pear"]},{"damage_healed":0.0,"max_hp_gain":0.0,"max_hp_loss":0.0,"gold_gain":0.0,"event_name":"Accursed Blacksmith","player_choice":"Forge","floor":11.0,"gold_loss":0.0,"damage_taken":0.0,"cards_upgraded":["Gatherer:UpgradeBag"]},{"damage_healed":0.0,"max_hp_gain":0.0,"max_hp_loss":0.0,"gold_gain":0.0,"event_name":"Drug Dealer","player_choice":"Inject Mutagens","floor":20.0,"gold_loss":0.0,"damage_taken":0.0,"relics_obtained":["MutagenicStrength"]},{"damage_healed":0.0,"max_hp_gain":0.0,"max_hp_loss":0.0,"gold_gain":0.0,"event_name":"Mysterious Sphere","player_choice":"Ignored","floor":37.0,"gold_loss":0.0,"damage_taken":0.0},{"damage_healed":0.0,"max_hp_gain":0.0,"max_hp_loss":0.0,"gold_gain":0.0,"event_name":"Tomb of Lord Red Mask","player_choice":"Ignored","floor":38.0,"gold_loss":0.0,"damage_taken":0.0},{"damage_healed":0.0,"max_hp_gain":0.0,"max_hp_loss":0.0,"gold_gain":0.0,"event_name":"MindBloom","player_choice":"Fight","floor":39.0,"gold_loss":0.0,"damage_taken":0.0}],"is_beta":false,"boss_relics":[{"not_picked":["Fusion Hammer","Philosopher\u0027s Stone"],"picked":"SacredBark"},{"not_picked":["Sozu","Velvet Choker"],"picked":"Calling Bell"}],"items_purged_floors":[],"is_endless":false,"potions_floor_spawned":[2,12,13,19,22,23,29,35],"killed_by":"Nemesis","ascension_level":0}}