{"host":"a3gu5zu37ht99mpa","time":1613343621,"event":{"mods":["100% Spire Juice","Act Like it!","Arknights","BaseMod","Better Silent Start","BetterRewards","Conspire","Downfall","Energized Spire","GifTheSpireLib","Gold Saver","Halation","Minty Spire (QoL Compilation)","Prisma Mod","Robot Space Explorer","Shop Mod","StSLib","Stuff the Spire","The Animator","The Servant 0.9.4","Virulent Crown","Wandering Minibosses","yUi"],"gold_per_floor":[147,147,147,147,147,172,172,172,185,185,185,199,209,309,327,429,429,129,142,152,76,76,76,102,102,102,114,114,145,156,156,170,268,268,268,280,290,290,290,301,301,301,319,319,319,319,331,344,361,361,361,390,117,117,117,117],"floor_reached":57,"language":"ENG","playtime":4828,"items_purged":[],"score":1222,"play_id":"f794a63f-b571-41b5-92cb-18ec0fdd1e7c","local_time":"20210214180021","is_ascension_mode":false,"campfire_choices":[{"floor":1.0,"key":"RECALL"},{"data":"PrismaMod:MiyuUncommonDexBuff","floor":8.0,"key":"SMITH"},{"data":"PrismaMod:MiyuCheapChannelAttack","floor":11.0,"key":"SMITH"},{"data":"PrismaMod:MiyuCheapChannelDefend","floor":18.0,"key":"SMITH"},{"data":"PrismaMod:MiyuCheapChannelRandom","floor":23.0,"key":"SMITH"},{"data":"PrismaMod:MiyuCheapDexBuff","floor":26.0,"key":"SMITH"},{"data":"PrismaMod:MiyuUberAOEAttack","floor":28.0,"key":"SMITH"},{"data":"PrismaMod:MiyuDefendChannelDefend","floor":35.0,"key":"SMITH"},{"data":"expansioncontent:Chronoboost","floor":42.0,"key":"SMITH"},{"data":"PrismaMod:MiyuUncommonDexBuff","floor":46.0,"key":"SMITH"},{"data":"PrismaMod:MiyuUncommonDexBuff","floor":54,"key":"SMITH"}],"circlet_count":0,"master_deck":["PrismaMod:MiyuCommonDefend+1","PrismaMod:MiyuCommonDefend+1","PrismaMod:MiyuCommonDefend+1","PrismaMod:MiyuCommonDefend+1","PrismaMod:MiyuCommonDefend+1","PrismaMod:MiyuCommonAttack+1","PrismaMod:MiyuCommonAttack+1","PrismaMod:MiyuCommonAttack+1","PrismaMod:MiyuCommonAttack+1","PrismaMod:MiyuCommonAttack+1","PrismaMod:MiyuCheapChannelAttack+1","PrismaMod:MiyuCheapChannelDefend+1","PrismaMod:MiyuCheapAttack1+1","PrismaMod:ChloeCheapDefend+1","PrismaMod:MiyuCheapEvoke+1","PrismaMod:MiyuUncommonDexBuff+1","PrismaMod:MiyuCheapChannelRandom+1","PrismaMod:MiyuUberAOEAttack+1","PrismaMod:MiyuCheapDexBuff+1","PrismaMod:MiyuEvokeAllDefend+1","PrismaMod:MiyuEvokeCheapAttack+1","PrismaMod:MiyuCheapStrBuff+1","StuffTheSpire:Vigor+1","PrismaMod:MiyuUberAttack+1","PrismaMod:MiyuUncommonDexBuff+1","PrismaMod:MiyuCheapChannelDefend+1","PrismaMod:MiyuCheapAttack1+1","PrismaMod:MiyuDefendChannelDefend+1","PrismaMod:MiyuCheapChannelHeal+1","PrismaMod:MiyuUncommonPlate+1","expansioncontent:Chronoboost+1","PrismaMod:MiyuAttackChannelWeak+1","PrismaMod:MiyuUncommonDexBuff+1","PrismaMod:MiyuCheapChannelVul+1","PrismaMod:MiyuUncommonStrBuff+1","PrismaMod:MiyuCheapPlate+1","PrismaMod:MiyuEvokeCheapAttack+1","PrismaMod:MiyuCarnivalAttack+1","PrismaMod:MiyuUncommonDexBuff+1"],"relics":["PrismaMod:PrismaSapphire","downfall:HeartsMalice","Letter Opener","StuffTheSpire:DarkSteelAnvil","downfall:GremlinWheel","halation:HeavySnake","downfall:HeartBlessingRed","downfall:HeartBlessingBlue","downfall:HeartBlessingGreen","Blood Vial","StuffTheSpire:HeavyRock","halation:PinkSoulGem","Thread and Needle","energizedSpire:SpiderWeb","halation:EternalFortune","Ginger","StuffTheSpire:EmeraldSignet","Bottled Tornado"],"acts_visited":["Exordium","TheCity","TheBeyond","TheEnding"],"potions_floor_usage":[],"damage_taken":[{"damage":0.0,"enemies":"Jaw Worm","floor":2.0,"turns":1.0},{"damage":0.0,"enemies":"Cultist","floor":3.0,"turns":1.0},{"damage":0.0,"enemies":"Small Slimes","floor":5.0,"turns":1.0},{"damage":21.0,"enemies":"3 Sentries","floor":6.0,"turns":16.0},{"damage":3.0,"enemies":"3 Louse","floor":9.0,"turns":3.0},{"damage":6.0,"enemies":"Large Slime","floor":12.0,"turns":5.0},{"damage":9.0,"enemies":"Exordium Thugs","floor":13.0,"turns":4.0},{"damage":23.0,"enemies":"Exordium Thugs","floor":14.0,"turns":5.0},{"damage":1.0,"enemies":"Blue Slaver","floor":15.0,"turns":3.0},{"damage":10.0,"enemies":"IC_STATUS_ARCHETYPE","floor":16.0,"turns":6.0},{"damage":1.0,"enemies":"Spheric Guardian","floor":19.0,"turns":3.0},{"damage":0.0,"enemies":"Snake Plant","floor":20.0,"turns":6.0},{"damage":3.0,"enemies":"3 Cultists","floor":27.0,"turns":6.0},{"damage":1.0,"enemies":"Gremlin Leader","floor":29.0,"turns":5.0},{"damage":5.0,"enemies":"Cultist and Chosen","floor":30.0,"turns":4.0},{"damage":1.0,"enemies":"Centurion and Healer","floor":32.0,"turns":5.0},{"damage":51.0,"enemies":"DF_ARCHETYPE_CLAW","floor":33.0,"turns":10.0},{"damage":0.0,"enemies":"3 Darklings","floor":36.0,"turns":6.0},{"damage":0.0,"enemies":"Orb Walker","floor":37.0,"turns":5.0},{"damage":0.0,"enemies":"4 Shapes","floor":40.0,"turns":13.0},{"damage":6.0,"enemies":"Jaw Worm Horde","floor":43.0,"turns":5.0},{"damage":40,"enemies":"Transient","floor":47,"turns":5},{"damage":0,"enemies":"4 Shapes","floor":48,"turns":6},{"damage":11,"enemies":"3 Darklings","floor":49,"turns":5},{"damage":20,"enemies":"SI_POISON_ARCHETYPE","floor":50,"turns":12},{"damage":35,"enemies":"downfall:CharBossMerchant","floor":52,"turns":10},{"damage":4,"enemies":"downfall:NeowBoss","floor":55,"turns":15},{"damage":2,"enemies":"downfall:NeowBossFinal","floor":56,"turns":13}],"seed_played":"-2385492021729952598","potions_obtained":[{"floor":12.0,"key":"EssenceOfSteel"},{"floor":13.0,"key":"SkillPotion"},{"floor":14.0,"key":"Energy Potion"},{"floor":19.0,"key":"Dexterity Potion"},{"floor":27.0,"key":"DistilledChaos"},{"floor":31.0,"key":"BlessingOfTheForge"},{"floor":31.0,"key":"LiquidMemories"},{"floor":36.0,"key":"PowerPotion"},{"floor":49,"key":"sneckomod:MuddlingPotion"}],"is_trial":false,"path_per_floor":["R","M","M","?","M","E","T","R","M","T","R","M","M","?","M","B",null,"R","M","M","?","?","R","T","?","R","M","R","E","M","?","M","B",null,"R","M","M","?","?","M","T","R","M","?","?","R","M","M","M","B",null,"E","$","R","B","B",null],"character_chosen":"MIYU","items_purchased":["PrismaMod:MiyuUncommonDexBuff","Bottled Tornado"],"campfire_rested":0,"item_purchase_floors":[53,53],"current_hp_per_floor":[75,75,75,75,75,54,54,54,51,51,51,45,36,13,12,2,75,85,84,84,84,84,84,84,84,84,82,82,85,84,84,84,37,85,85,85,85,85,88,91,91,91,85,85,85,85,47,49,40,36,91,61,61,61,91,91],"gold":117,"neow_bonus":"THREE_ENEMY_KILL","is_daily":false,"chose_seed":false,"campfire_upgraded":10,"win_rate":0.0,"timestamp":1613343621,"path_taken":["R","M","M","?","M","E","T","R","?","?","R","M","M","?","M","BOSS","R","M","?","?","?","R","T","?","R","M","R","E","M","?","M","BOSS","R","M","M","?","?","M","T","R","?","?","?","R","M","M","M","BOSS","E","$","R","BOSS","BOSS"],"items_purchased_type":["Card","Relic"],"build_version":"2020-12-22","purchased_purges":0,"victory":true,"max_hp_per_floor":[75,75,75,75,75,75,75,75,75,75,75,75,75,75,75,75,75,85,85,85,85,85,85,85,85,85,85,85,85,85,85,85,85,85,85,85,85,85,88,91,91,91,91,91,91,91,91,91,91,91,91,91,91,91,91,91],"card_choices":[{"not_picked":["PrismaMod:MiyuDefenseExplosion","PrismaMod:MiyuMaid"],"picked":"PrismaMod:MiyuCheapAttack1","floor":2.0},{"not_picked":["PrismaMod:MiyuUncommonAOEAttack","PrismaMod:MiyuCheapAttack2"],"picked":"PrismaMod:MiyuUberAOEAttack","floor":3.0},{"not_picked":["PrismaMod:MiyuDefenseRemoval","PrismaMod:MiyuEvokeBuffStr"],"picked":"PrismaMod:MiyuCheapEvoke","floor":5.0},{"not_picked":["PrismaMod:MiyuUberDefend","PrismaMod:MiyuMaid"],"picked":"PrismaMod:MiyuUncommonDexBuff","floor":6.0},{"not_picked":["PrismaMod:MiyuCheapChannelWeak","PrismaMod:MiyuDevil"],"picked":"PrismaMod:MiyuEvokeBuffDex","floor":9.0},{"not_picked":["PrismaMod:MiyuDefenseExplosion","PrismaMod:MiyuCheapStrBuff"],"picked":"PrismaMod:MiyuCheapChannelRandom","floor":12.0},{"not_picked":["PrismaMod:MiyuCheapPlate","PrismaMod:MiyuChristmas"],"picked":"PrismaMod:MiyuUberAOEAttack","floor":13.0},{"not_picked":["PrismaMod:MiyuCheapChannelAttack","PrismaMod:MiyuCarnivalAttack"],"picked":"PrismaMod:MiyuCheapDexBuff","floor":15.0},{"not_picked":["PrismaMod:MiyuCheapDefend2","PrismaMod:MiyuCarnivalDefend"],"picked":"PrismaMod:MiyuEvokeAllDefend","floor":16.0},{"not_picked":["PrismaMod:MiyuCheapPlate+1","PrismaMod:MiyuDefenseRemoval+1"],"picked":"PrismaMod:MiyuEvokeCheapAttack+1","floor":19.0},{"not_picked":["PrismaMod:MiyuCheapPlate","PrismaMod:MiyuDefenseExplosion"],"picked":"PrismaMod:MiyuCheapStrBuff+1","floor":20.0},{"not_picked":["PrismaMod:MiyuCheapStrBuff","PrismaMod:MiyuUberAOEAttack"],"picked":"PrismaMod:MiyuUberAttack+1","floor":27.0},{"not_picked":["PrismaMod:MiyuCheapStrBuff","PrismaMod:MiyuCheapEvoke"],"picked":"PrismaMod:MiyuUncommonDexBuff","floor":29.0},{"not_picked":["PrismaMod:MiyuUncommonAttack","PrismaMod:MiyuUberDefend"],"picked":"PrismaMod:MiyuCheapChannelDefend","floor":30.0},{"not_picked":["PrismaMod:MiyuDefenseExplosion","PrismaMod:MiyuCheapChannelVul"],"picked":"PrismaMod:MiyuCheapAttack1+1","floor":32.0},{"not_picked":["PrismaMod:MiyuChannelDefendEvoke","PrismaMod:MiyuUberDefend"],"picked":"PrismaMod:MiyuDefendChannelDefend","floor":33.0},{"not_picked":["PrismaMod:MiyuMaid+1","PrismaMod:MiyuAttackChannelWeak"],"picked":"PrismaMod:MiyuCheapChannelHeal+1","floor":36.0},{"not_picked":["PrismaMod:MiyuUncommonAOEAttack","PrismaMod:MiyuMaid"],"picked":"PrismaMod:MiyuUncommonPlate+1","floor":37.0},{"not_picked":["expansioncontent:GuardianWhirl","expansioncontent:PolyBeam"],"picked":"expansioncontent:Chronoboost","floor":38.0},{"not_picked":["PrismaMod:MiyuCheapChannelRandom","PrismaMod:MiyuMaid"],"picked":"PrismaMod:MiyuAttackChannelWeak","floor":40.0},{"not_picked":["PrismaMod:MiyuCheapStrBuff","PrismaMod:MiyuAttackChannelVul"],"picked":"PrismaMod:MiyuUncommonDexBuff","floor":43.0},{"not_picked":["PrismaMod:MiyuEvokeCheapDefend+1","PrismaMod:MiyuUncommonDefend+1"],"picked":"PrismaMod:MiyuUncommonStrBuff+1","floor":47},{"not_picked":["PrismaMod:MiyuCheapEvoke","PrismaMod:MiyuAttackChannelVul+1"],"picked":"PrismaMod:MiyuCheapPlate+1","floor":48},{"not_picked":["PrismaMod:MiyuUncommonAttack","PrismaMod:MiyuCarnivalDefend"],"picked":"PrismaMod:MiyuEvokeCheapAttack","floor":49},{"not_picked":["PrismaMod:MiyuEvokeBuffStr","PrismaMod:MiyuDefenseRemoval+1"],"picked":"PrismaMod:MiyuCarnivalAttack","floor":52}],"player_experience":68685,"relics_obtained":[{"floor":6.0,"key":"Letter Opener"},{"floor":10.0,"key":"StuffTheSpire:DarkSteelAnvil"},{"floor":14.0,"key":"downfall:GremlinWheel"},{"floor":23.0,"key":"Blood Vial"},{"floor":24.0,"key":"StuffTheSpire:HeavyRock"},{"floor":29.0,"key":"Thread and Needle"},{"floor":40.0,"key":"halation:EternalFortune"},{"floor":41.0,"key":"Ginger"},{"floor":52,"key":"StuffTheSpire:EmeraldSignet"}],"event_choices":[{"cards_removed":["PrismaMod:MiyuUberAOEAttack"],"damage_healed":0.0,"max_hp_gain":0.0,"max_hp_loss":0.0,"gold_gain":0.0,"event_name":"NoteForYourself","player_choice":"Took Card","floor":4.0,"gold_loss":0.0,"damage_taken":0.0,"cards_obtained":["PrismaMod:ChloeCheapDefend"]},{"damage_healed":0.0,"max_hp_gain":0.0,"max_hp_loss":0.0,"gold_gain":0.0,"event_name":"Wheel of Change","player_choice":"Relic","floor":23.0,"gold_loss":0.0,"damage_taken":0.0},{"damage_healed":0.0,"max_hp_gain":0.0,"max_hp_loss":0.0,"gold_gain":0.0,"event_name":"Lab","player_choice":"Got Potions","floor":31.0,"gold_loss":0.0,"damage_taken":0.0}],"is_beta":false,"boss_relics":[{"not_picked":["halation:CatFaceCupcake","halation:Prosthetics"],"picked":"halation:HeavySnake"},{"not_picked":["conspire:RunicOctahedron","Coffee Dripper"],"picked":"energizedSpire:SpiderWeb"}],"items_purged_floors":[],"is_endless":false,"potions_floor_spawned":[12,13,14,19,27,32,33,36,37,49],"ascension_level":0}}