{"host":"gh98ee7752e7cjcc","time":1613339813,"event":{"mods":["AchievementEnabler","Act Like it!","Arknights","BaseMod","Colored Powertips","Duelist Mod","Infinite Spire","Minty Spire (QoL Compilation)","Quick Restart","Reliquary","Replay The Spire","StSLib","SuperFastMode","The Hierophant"],"gold_per_floor":[137,157,69,87,87,115,134,167,214,229,256,256,269,289,289,388,388,374,299,313,331,331,331,346,246,246,256,267,342,357,367,367,495,495,544,595,595,651,492,552,259,259,259,292,342,342,342,383,383,383],"floor_reached":51,"language":"ENG","playtime":5522,"items_purged":["theDuelist:CastleWalls","theDuelist:CastleWalls","theDuelist:CastleWalls","ats:Strike S"],"score":800,"play_id":"834291b2-539e-4eae-8d05-87bb586f68dd","local_time":"20210214165653","is_ascension_mode":false,"campfire_choices":[{"floor":15.0,"key":"REST"},{"data":"theDuelist:HuntingInstinct","floor":23.0,"key":"SMITH"},{"floor":32.0,"key":"REST"},{"data":"theDuelist:NaturiaSacredTree","floor":42.0,"key":"SMITH"},{"floor":47.0,"key":"REST"},{"data":"theDuelist:NaturiaWhiteOak","floor":49.0,"key":"SMITH"}],"circlet_count":0,"master_deck":["theDuelist:NaturiaHorneedle","theDuelist:NaturiaSunflower+1","theDuelist:NaturiaBeast","theDuelist:NaturiaEggplant","theDuelist:DarkHole","theDuelist:Sparks","theDuelist:NaturiaRock","ats:Defend","theDuelist:Sparks","theDuelist:SummoningSwarm","theDuelist:Sparks","theDuelist:NaturiaMarron","theDuelist:HuntingInstinct+1","theDuelist:NaturiaHydrangea+1","theDuelist:NaturiaRock","theDuelist:Alpacaribou","theDuelist:NaturiaSacredTree+1","theDuelist:NaturiaEggplant","theDuelist:NaturiaCliff","theDuelist:NaturiaTulip","theDuelist:NaturiaSunflower","theDuelist:NaturiaEggplant+1","theDuelist:NaturiaWhiteOak+1","theDuelist:NaturiaStinkbug","theDuelist:MultiplicationOfAnts","theDuelist:HeartUnderdog"],"relics":["theDuelist:MillenniumPuzzle","theDuelist:CardPoolRelic","theDuelist:CardPoolBasicRelic","theDuelist:BoosterPackPoolRelic","theDuelist:CardPoolAddRelic","theDuelist:CardPoolMinusRelic","theDuelist:CardPoolSaveRelic","theDuelist:CardPoolOptionsRelic","ats:Originium","theDuelist:SummonAnchor","reliquary:HotPoker","Bag of Preparation","Odd Mushroom","theDuelist:GamblerChip","Durian","theDuelist:BoosterPackHealer","Iron Hammer","infinitespire:EvilPickle","Replay:Bronze Core","Chemical X","reliquary:Boomerang","theDuelist:ZoneToken","Ornamental Fan","Nunchaku","theDuelist:MillenniumArmor"],"acts_visited":["Exordium","TheCity","TheBeyond"],"potions_floor_usage":[],"damage_taken":[{"damage":0.0,"enemies":"2 Louse","floor":1.0,"turns":2.0},{"damage":20.0,"enemies":"infinitespire:Voidling","floor":2.0,"turns":5.0},{"damage":12.0,"enemies":"ats:Genji","floor":4.0,"turns":5.0},{"damage":12.0,"enemies":"3 Sentries","floor":6.0,"turns":6.0},{"damage":5.0,"enemies":"2 Fungi Beasts","floor":7.0,"turns":4.0},{"damage":15.0,"enemies":"Lagavulin","floor":8.0,"turns":9.0},{"damage":1.0,"enemies":"Red Slaver","floor":10.0,"turns":3.0},{"damage":0.0,"enemies":"The Mushroom Lair","floor":11.0,"turns":4.0},{"damage":0.0,"enemies":"Gremlin Gang","floor":13.0,"turns":4.0},{"damage":0.0,"enemies":"Large Slime","floor":14.0,"turns":4.0},{"damage":9.0,"enemies":"Slime Boss","floor":16.0,"turns":6.0},{"damage":14.0,"enemies":"2 Thieves","floor":18.0,"turns":4.0},{"damage":4.0,"enemies":"Shell Parasite","floor":20.0,"turns":4.0},{"damage":2.0,"enemies":"3 Cultists","floor":21.0,"turns":4.0},{"damage":13.0,"enemies":"Snecko","floor":24.0,"turns":5.0},{"damage":14.0,"enemies":"Centurion and Healer","floor":27.0,"turns":4.0},{"damage":17.0,"enemies":"3 Cultists","floor":28.0,"turns":5.0},{"damage":0.0,"enemies":"Cultist and Chosen","floor":30.0,"turns":4.0},{"damage":0.0,"enemies":"Centurion and Healer","floor":31.0,"turns":4.0},{"damage":19.0,"enemies":"Pondfish","floor":33.0,"turns":8.0},{"damage":19.0,"enemies":"3 Darklings","floor":35.0,"turns":6.0},{"damage":0.0,"enemies":"Orb Walker","floor":36.0,"turns":4.0},{"damage":0.0,"enemies":"Maw","floor":38.0,"turns":7.0},{"damage":0.0,"enemies":"Nightmare","floor":40.0,"turns":5.0},{"damage":0.0,"enemies":"Writhing Mass","floor":44.0,"turns":5.0},{"damage":19.0,"enemies":"Reptomancer","floor":45.0,"turns":5.0},{"damage":0.0,"enemies":"Transient","floor":48.0,"turns":5.0},{"damage":0,"enemies":"Replay:Hell Engine","floor":50,"turns":7}],"seed_played":"3169652253420950590","potions_obtained":[{"floor":2.0,"key":"Elixir"},{"floor":4.0,"key":"LiquidBronze"},{"floor":8.0,"key":"SpeedPotion"},{"floor":13.0,"key":"Energy Potion"},{"floor":21.0,"key":"theDuelist:MillenniumElixir"},{"floor":31.0,"key":"SpeedPotion"},{"floor":33.0,"key":"theDuelist:SealedPackE"},{"floor":36.0,"key":"theDuelist:BurningPotion"},{"floor":38.0,"key":"Flashbang"},{"floor":48.0,"key":"theDuelist:SealedPack"}],"is_trial":false,"path_per_floor":["M","M","?","M","$","E","M","E","T","M","?","?","M","M","R","B",null,"M","$","M","M","AVR","R","M","$","T","M","M","T","M","M","R","B",null,"M","M","AVR","M","$","NM","$","R","T","M","E","?","R","M","R","B",null],"character_chosen":"THE_DUELIST","items_purchased":["theDuelist:NaturiaBrambi","theDuelist:ZoneToken"],"campfire_rested":3,"item_purchase_floors":[39,41],"current_hp_per_floor":[80,73,73,61,61,49,44,29,29,28,28,28,28,28,52,43,80,66,66,62,60,65,65,52,52,52,38,25,25,29,33,58,39,85,70,70,70,70,70,70,70,70,70,70,51,45,70,74,74,74],"gold":383,"neow_bonus":"THREE_RARE_CARDS","is_daily":false,"chose_seed":false,"campfire_upgraded":3,"win_rate":0.0,"timestamp":1613339813,"path_taken":["M","M","?","M","$","E","M","E","T","?","?","?","M","M","R","BOSS","M","$","M","M","AVR","R","M","$","T","M","M","?","M","M","R","BOSS","M","M","AVR","?","$","NM","?","R","T","M","E","?","R","M","R","BOSS"],"items_purchased_type":["Card","Relic"],"build_version":"2020-12-22","purchased_purges":4,"victory":true,"max_hp_per_floor":[80,80,80,80,80,80,80,80,80,80,80,80,80,80,80,80,80,80,80,80,80,85,85,85,85,85,85,85,85,85,85,85,85,85,85,85,85,85,85,85,85,85,85,85,85,85,85,85,85,85],"card_choices":[{"not_picked":["theDuelist:HuntingInstinct","theDuelist:HeartUnderdog"],"picked":"theDuelist:NaturiaHorneedle","floor":0.0},{"not_picked":["theDuelist:NaturiaVein","theDuelist:ClosedForest","theDuelist:Canyon","theDuelist:HeartUnderdog"],"picked":"theDuelist:MultiplicationOfAnts","floor":1.0},{"not_picked":["theDuelist:NaturiaForest","theDuelist:NaturiaVein","theDuelist:HuntingInstinct","theDuelist:MultiplicationOfAnts"],"picked":"theDuelist:HeartUnderdog","floor":2.0},{"not_picked":["theDuelist:NaturiaHydrangea","theDuelist:NaturiaCliff","theDuelist:WildNatureRelease","theDuelist:NaturiaStrawberry"],"picked":"theDuelist:NaturiaEggplant","floor":4.0},{"not_picked":["theDuelist:NaturiaHydrangea","theDuelist:NaturiaEggplant","theDuelist:NaturiaTulip","theDuelist:Spore"],"picked":"theDuelist:NaturiaRock","floor":6.0},{"not_picked":["theDuelist:VenomShot","theDuelist:DigitalBug","theDuelist:BottomlessTrapHole","theDuelist:LairWire"],"picked":"theDuelist:NaturiaStinkbug","floor":7.0},{"not_picked":["theDuelist:NaturiaHydrangea","theDuelist:NaturiaDragonfly","theDuelist:NaturiaStinkbug","theDuelist:SangaEarth"],"picked":"theDuelist:NaturiaSunflower","floor":8.0},{"not_picked":["theDuelist:NaturiaDragonfly","theDuelist:Spore","theDuelist:NaturiaCliff","theDuelist:SummoningSwarm"],"picked":"theDuelist:NaturiaEggplant","floor":10.0},{"not_picked":["theDuelist:AcidTrapHole","theDuelist:Pollinosis","theDuelist:FossilExcavation","theDuelist:DigitalBug"],"picked":"theDuelist:Alpacaribou","floor":11.0},{"not_picked":["theDuelist:FuryFire+1","theDuelist:Wiretap","theDuelist:VenomShot+1","theDuelist:DestructPotion","theDuelist:RedMedicine+1"],"picked":"SKIP","floor":13.0},{"not_picked":["theDuelist:HammerShot","theDuelist:MudragonSwamp","theDuelist:HaneHane","theDuelist:BigEye"],"picked":"theDuelist:DarkHole","floor":14.0},{"not_picked":["theDuelist:NaturiaHydrangea","theDuelist:NaturiaRock+1","theDuelist:NaturiaMantis+1","theDuelist:NaturiaLeodrake"],"picked":"theDuelist:NaturiaEggplant+1","floor":18.0},{"not_picked":["theDuelist:SeismicShockwave","theDuelist:NaturiaBarkion","theDuelist:HuntingInstinct","theDuelist:Canyon","theDuelist:Wildfire"],"picked":"SKIP","floor":20.0},{"not_picked":["theDuelist:MudragonSwamp","theDuelist:PowerWall","theDuelist:DarkCreator","theDuelist:HeavyStorm","theDuelist:Mudora"],"picked":"SKIP","floor":21.0},{"not_picked":["theDuelist:LeodrakeMane","theDuelist:LairWire","theDuelist:NaturiaSacredTree","theDuelist:NaturiaVein"],"picked":"theDuelist:ConvulsionNature+1","floor":24.0},{"not_picked":["theDuelist:NaturiaHydrangea","theDuelist:NaturiaRosewhip","theDuelist:NaturiaCliff","theDuelist:BarkionBark"],"picked":"theDuelist:NaturiaMarron","floor":27.0},{"not_picked":["theDuelist:NaturiaPumpkin+1","theDuelist:NaturiaDragonfly","theDuelist:NaturiaLadybug+1","theDuelist:NaturiaBrambi+1"],"picked":"theDuelist:NaturiaWhiteOak","floor":28.0},{"not_picked":["theDuelist:FuryFire","theDuelist:FrozenRose","theDuelist:ConvulsionNature+1","theDuelist:SeedSacredTree"],"picked":"theDuelist:NaturiaSacredTree","floor":30.0},{"not_picked":["theDuelist:ConvulsionNature","theDuelist:NaturalDisaster","theDuelist:LeodrakeMane","theDuelist:NaturiaSacredTree","theDuelist:NaturiaForest"],"picked":"SKIP","floor":31.0},{"not_picked":["theDuelist:VenomShot+2","theDuelist:SphereKuriboh+2","theDuelist:DestructPotion","theDuelist:DianKeto+1","theDuelist:RedMedicine+1"],"picked":"SKIP","floor":35.0},{"not_picked":["theDuelist:NaturiaEggplant","theDuelist:NaturiaDragonfly","theDuelist:NaturiaCliff","theDuelist:NaturiaBambooShoot"],"picked":"theDuelist:NaturiaHydrangea+1","floor":36.0},{"not_picked":["theDuelist:NaturiaHydrangea","theDuelist:NaturiaEggplant+1","theDuelist:NaturiaDragonfly+1","theDuelist:NaturiaCliff","theDuelist:NaturiaStrawberry"],"picked":"SKIP","floor":38.0},{"not_picked":["theDuelist:NaturiaHydrangea","theDuelist:NaturiaEggplant+1","theDuelist:NaturiaDragonfly","theDuelist:NaturiaCliff+1","theDuelist:BottomlessTrapHole+1"],"picked":"SKIP","floor":40.0},{"not_picked":["theDuelist:NaturiaCliff","theDuelist:NaturiaAntjaw+1","theDuelist:NaturiaEggplant","theDuelist:NaturiaBambooShoot"],"picked":"theDuelist:SummoningSwarm","floor":44.0},{"not_picked":["theDuelist:NaturiaCliff","theDuelist:LonefireBlossom","theDuelist:FossilDig","theDuelist:NaturiaTulip+1"],"picked":"theDuelist:NaturiaSunflower","floor":45.0},{"not_picked":["theDuelist:AttackTheMoon+1","theDuelist:GraniteLoyalist+1","theDuelist:MudragonSwamp","theDuelist:Blockman+1","theDuelist:HammerShot+1"],"picked":"SKIP","floor":48.0}],"player_experience":171286,"relics_obtained":[{"floor":6.0,"key":"ats:Originium"},{"floor":6.0,"key":"theDuelist:SummonAnchor"},{"floor":8.0,"key":"ats:Originium"},{"floor":8.0,"key":"reliquary:HotPoker"},{"floor":9.0,"key":"Bag of Preparation"},{"floor":11.0,"key":"Odd Mushroom"},{"floor":26.0,"key":"theDuelist:BoosterPackHealer"},{"floor":29.0,"key":"Iron Hammer"},{"floor":40.0,"key":"ats:Originium"},{"floor":40.0,"key":"reliquary:Boomerang"},{"floor":43.0,"key":"Ornamental Fan"},{"floor":45.0,"key":"ats:Originium"},{"floor":45.0,"key":"Nunchaku"}],"event_choices":[{"damage_healed":0.0,"max_hp_gain":0.0,"max_hp_loss":0.0,"gold_gain":0.0,"event_name":"Card Trader","player_choice":"Purchased Hunting Instinct for 88 Gold.","duelist":true,"floor":3.0,"gold_loss":0.0,"damage_taken":0.0},{"damage_healed":0.0,"max_hp_gain":0.0,"max_hp_loss":0.0,"gold_gain":0.0,"event_name":"Mushrooms","player_choice":"Fought Mushrooms","floor":11.0,"gold_loss":0.0,"damage_taken":0.0},{"damage_healed":0.0,"max_hp_gain":0.0,"max_hp_loss":0.0,"gold_gain":0.0,"event_name":"Upgrade Shrine","player_choice":"Upgraded","floor":12.0,"gold_loss":0.0,"damage_taken":0.0,"cards_upgraded":["theDuelist:NaturiaSunflower"]},{"damage_healed":0.0,"max_hp_gain":0.0,"max_hp_loss":0.0,"gold_gain":0.0,"event_name":"Aknamkanon\u0027s Tomb","player_choice":"Dig - random Duelist relic","duelist":true,"floor":46.0,"gold_loss":0.0,"damage_taken":0.0}],"is_beta":false,"boss_relics":[{"not_picked":["reliquary:KinkedSpring","Ooze Armor"],"picked":"theDuelist:GamblerChip"},{"not_picked":["SacredBark","Kintsugi"],"picked":"Replay:Bronze Core"}],"items_purged_floors":[19,25,39,41],"is_endless":true,"potions_floor_spawned":[2,4,8,13,14,21,24,31,33,35,36,38,45,48],"ascension_level":0}}