{"host":"wo90phlywfjtsb40","time":1613290901,"event":{"mods":["BaseMod","Hermit","Minty Spire (QoL Compilation)","StSLib","The Cursed"],"gold_per_floor":[110,122,18,18,18,48,48,60,84,59,78,78,93,108,108,108,108],"floor_reached":16,"language":"ENG","playtime":1147,"items_purged":[],"score":102,"play_id":"c1d95205-0024-4689-b786-17511f31c2e9","local_time":"20210214092141","is_ascension_mode":false,"campfire_choices":[{"floor":7,"key":"REST"},{"floor":15,"key":"REST"}],"circlet_count":0,"master_deck":["Strike_B","Strike_B","Strike_B","Strike_B","Defend_B","Defend_B","Defend_B","Defend_B","Zap+1","Dualcast","Auto Shields","Conserve Battery","Rebound","Streamline","Reprogram","Amplify","Gash","Loop+1","Rebound","Genetic Algorithm","Auto Shields","Ball Lightning"],"relics":["Cracked Core","Bag of Marbles","Potion Belt","Bronze Scales"],"acts_visited":["Exordium"],"potions_floor_usage":[16],"damage_taken":[{"damage":3,"enemies":"Small Slimes","floor":1,"turns":3},{"damage":0,"enemies":"2 Louse","floor":2,"turns":2},{"damage":34,"enemies":"3 Sentries","floor":6,"turns":8},{"damage":6,"enemies":"Cultist","floor":8,"turns":3},{"damage":29,"enemies":"Exordium Thugs","floor":11,"turns":4},{"damage":9,"enemies":"Looter","floor":13,"turns":2},{"damage":6,"enemies":"Lots of Slimes","floor":14,"turns":4},{"damage":33,"enemies":"Hexaghost","floor":16,"turns":9}],"seed_played":"-1159705513133767825","potions_obtained":[{"floor":1,"key":"Energy Potion"},{"floor":8,"key":"SpeedPotion"},{"floor":11,"key":"LiquidMemories"},{"floor":13,"key":"SneckoOil"}],"is_trial":false,"path_per_floor":["M","M","$","?","?","E","R","M","T","$","M","?","M","M","R","B"],"character_chosen":"DEFECT","items_purchased":["Rebound","Streamline","Rebound"],"campfire_rested":2,"item_purchase_floors":[3,3,10],"current_hp_per_floor":[72,72,72,72,72,38,60,54,54,54,25,25,16,10,32,0,0],"gold":108,"neow_bonus":"RANDOM_COMMON_RELIC","is_daily":false,"chose_seed":false,"campfire_upgraded":0,"win_rate":0.0,"timestamp":1613290901,"path_taken":["M","M","$","?","?","E","R","?","T","?","M","?","M","M","R","BOSS"],"items_purchased_type":["Card","Card","Card"],"build_version":"2020-12-22","purchased_purges":0,"victory":false,"max_hp_per_floor":[75,75,75,75,75,75,75,75,75,75,75,75,75,75,75,75,75],"card_choices":[{"not_picked":["Defragment","FTL"],"picked":"Auto Shields","floor":1},{"not_picked":["Turbo","Redo"],"picked":"Conserve Battery","floor":2},{"not_picked":["Consume","Buffer"],"picked":"Gash","floor":6},{"not_picked":["Scrape","Blizzard"],"picked":"Loop","floor":8},{"not_picked":["Coolheaded","Hello World"],"picked":"Genetic Algorithm","floor":11},{"not_picked":["Skim","Rebound"],"picked":"Auto Shields","floor":13},{"not_picked":["Redo","Streamline"],"picked":"Ball Lightning","floor":14}],"player_experience":32249,"relics_obtained":[{"floor":6,"key":"Potion Belt"},{"floor":9,"key":"Bronze Scales"}],"event_choices":[{"damage_healed":0,"gold_gain":0,"player_choice":"Grow","damage_taken":0,"max_hp_gain":0,"max_hp_loss":0,"event_name":"Living Wall","floor":4,"gold_loss":0,"cards_upgraded":["Zap"]},{"damage_healed":0,"gold_gain":0,"player_choice":"2 cards matched","damage_taken":0,"max_hp_gain":0,"max_hp_loss":0,"event_name":"Match and Keep!","floor":5,"gold_loss":0,"cards_obtained":["Reprogram","Amplify"]},{"damage_healed":0,"gold_gain":0,"player_choice":"Upgraded","damage_taken":0,"max_hp_gain":0,"max_hp_loss":0,"event_name":"Upgrade Shrine","floor":12,"gold_loss":0,"cards_upgraded":["Loop"]}],"is_beta":false,"boss_relics":[],"items_purged_floors":[],"is_endless":false,"potions_floor_spawned":[1,8,11,13],"killed_by":"Hexaghost","ascension_level":0}}