{"host":"ga4s3hj9m6nkn6gp","time":1613261126,"event":{"mods":["AchievementEnabler","BaseMod","Bestiary","Colored Powertips","Highlight Path","Minty Spire (QoL Compilation)","Relic Stats","everything is the same but u backflip on backflip"],"gold_per_floor":[111,127,76,88,107,32,48,48,118,118,148,148,173,73,73,152,152,170,45,45,45,55,55,55],"floor_reached":23,"language":"ENG","playtime":930,"items_purged":["Doubt","Strike_G","Strike_G"],"score":448,"play_id":"adcd66d9-5234-43a1-802f-b6c64209c5f7","local_time":"20210214010526","is_ascension_mode":true,"campfire_choices":[{"data":"Glass Knife","floor":8,"key":"SMITH"},{"data":"Blade Dance","floor":12,"key":"SMITH"},{"data":"Dagger Spray","floor":15,"key":"SMITH"}],"circlet_count":0,"master_deck":["AscendersBane","Strike_G","Strike_G","Strike_G","Defend_G","Defend_G","Defend_G","Defend_G","Defend_G","Survivor","Neutralize","Glass Knife+1","Bouncing Flask","Blade Dance+1","Leg Sweep","Dagger Spray+1","Die Die Die","Acrobatics","Bouncing Flask+1"],"relics":["Ring of the Snake","Ice Cream","Kunai","Vajra","Bird Faced Urn","Coffee Dripper"],"acts_visited":["Exordium","TheCity"],"potions_floor_usage":[5,7,11,13,23,23],"damage_taken":[{"damage":10,"enemies":"Cultist","floor":1,"turns":5},{"damage":11,"enemies":"Jaw Worm","floor":2,"turns":7},{"damage":0,"enemies":"Small Slimes","floor":4,"turns":4},{"damage":0,"enemies":"Exordium Wildlife","floor":5,"turns":1},{"damage":0,"enemies":"3 Louse","floor":7,"turns":4},{"damage":15,"enemies":"Lagavulin","floor":11,"turns":4},{"damage":0,"enemies":"Gremlin Nob","floor":13,"turns":3},{"damage":11,"enemies":"Slime Boss","floor":16,"turns":11},{"damage":0,"enemies":"Spheric Guardian","floor":18,"turns":1},{"damage":0,"enemies":"3 Byrds","floor":22,"turns":3},{"damage":28,"enemies":"Book of Stabbing","floor":23,"turns":6}],"seed_played":"3836821746832428686","potions_obtained":[{"floor":1,"key":"Explosive Potion"},{"floor":4,"key":"Fruit Juice"},{"floor":5,"key":"Energy Potion"},{"floor":7,"key":"Poison Potion"},{"floor":16,"key":"Block Potion"}],"is_trial":false,"path_per_floor":["M","M","?","M","M","$","M","R","T","?","E","R","E","$","R","B",null,"M","$","?","?","M","E"],"character_chosen":"THE_SILENT","items_purchased":[],"campfire_rested":0,"item_purchase_floors":[],"current_hp_per_floor":[49,38,38,38,38,38,43,43,43,43,28,28,28,28,28,17,58,58,58,38,26,26,0,0],"gold":55,"neow_bonus":"THREE_RARE_CARDS","is_daily":false,"chose_seed":false,"campfire_upgraded":3,"win_rate":0.0,"timestamp":1613261126,"path_taken":["M","?","?","M","?","$","M","R","T","?","E","R","E","?","R","BOSS","M","$","?","?","?","E"],"items_purchased_type":[],"build_version":"2020-12-22","purchased_purges":3,"victory":false,"max_hp_per_floor":[66,66,66,66,66,66,71,71,71,71,71,71,71,71,71,71,71,71,71,76,76,76,76,76],"relic_stats":{"counters":[11,49],"Bird Faced Urn":[0],"Kunai":[17],"obtain_stats":[{"Ice Cream":3,"Bird Faced Urn":13,"Vajra":11,"Coffee Dripper":17,"Kunai":9,"Ring of the Snake":0},{"Ice Cream":2,"Bird Faced Urn":7,"Vajra":6,"Coffee Dripper":8,"Kunai":5,"Ring of the Snake":0},{"Ice Cream":12,"Bird Faced Urn":28,"Vajra":25,"Coffee Dripper":39,"Kunai":21,"Ring of the Snake":0}],"Ring of the Snake":[22]},"card_choices":[{"not_picked":["Unload","Storm of Steel"],"picked":"Glass Knife","floor":0},{"not_picked":["Underhanded Strike","Deflect"],"picked":"Bouncing Flask","floor":1},{"not_picked":["Dash","Dodge and Roll"],"picked":"Blade Dance","floor":2},{"not_picked":["Underhanded Strike","Accuracy"],"picked":"Leg Sweep","floor":4},{"not_picked":["Prepared","Cloak And Dagger"],"picked":"Dagger Spray","floor":5},{"not_picked":["Deadly Poison","PiercingWail","Bane"],"picked":"SKIP","floor":7},{"not_picked":["Reflex","Leg Sweep","Flying Knee"],"picked":"SKIP","floor":11},{"not_picked":["Dodge and Roll","Grand Finale","Outmaneuver"],"picked":"SKIP","floor":13},{"not_picked":["Envenom","Corpse Explosion"],"picked":"Die Die Die","floor":16},{"not_picked":["Reflex","Prepared"],"picked":"Acrobatics","floor":18},{"not_picked":["Escape Plan","Noxious Fumes"],"picked":"Bouncing Flask+1","floor":22}],"player_experience":775856,"relics_obtained":[{"floor":9,"key":"Kunai"},{"floor":11,"key":"Vajra"},{"floor":13,"key":"Bird Faced Urn"}],"event_choices":[{"damage_healed":0,"gold_gain":0,"player_choice":"Paid Gold","damage_taken":0,"relics_obtained":["Ice Cream"],"max_hp_gain":0,"max_hp_loss":0,"event_name":"WeMeetAgain","floor":3,"gold_loss":51},{"damage_healed":0,"gold_gain":0,"player_choice":"Ignored","damage_taken":0,"max_hp_gain":0,"max_hp_loss":0,"event_name":"Liars Game","floor":10,"gold_loss":0},{"damage_healed":0,"gold_gain":0,"player_choice":"Shed Blood","damage_taken":25,"max_hp_gain":5,"max_hp_loss":0,"event_name":"Forgotten Altar","floor":20,"gold_loss":0},{"damage_healed":0,"gold_gain":0,"player_choice":"POTION ","damage_taken":12,"max_hp_gain":0,"max_hp_loss":0,"event_name":"Knowing Skull","floor":21,"potions_obtained":["DuplicationPotion"],"gold_loss":0,"cards_obtained":[]}],"is_beta":false,"boss_relics":[{"not_picked":["Busted Crown","Tiny House"],"picked":"Coffee Dripper"}],"items_purged_floors":[6,14,19],"is_endless":false,"potions_floor_spawned":[1,4,5,7,16,22],"killed_by":"Book of Stabbing","ascension_level":20}}