{"host":"a5lz0e76zb3fcwkm","time":1613327148,"event":{"mods":["AchievementEnabler","BaseMod","Colored Map","Colored Powertips","Minty Spire (QoL Compilation)","StSLib","SuperFastMode"],"gold_per_floor":[111,126,126,139,153,153,164,190,190,190,11,11,11],"floor_reached":12,"language":"KOR","playtime":235,"items_purged":[],"score":160,"play_id":"c76ecd08-ea1e-450e-b88d-9ba4fcc1ea9f","local_time":"20210215032548","is_ascension_mode":true,"campfire_choices":[{"data":"Consume","floor":6.0,"key":"SMITH"},{"data":"White Noise","floor":10,"key":"SMITH"}],"circlet_count":0,"master_deck":["AscendersBane","Strike_B","Strike_B","Strike_B+1","Defend_B","Defend_B","Defend_B","Defend_B","Zap","Dualcast","Ball Lightning","White Noise+1","Cold Snap","Consume+1","Cold Snap+1","Glacier","Clumsy","Conserve Battery"],"relics":["Cursed Key","Whetstone","Membership Card"],"acts_visited":[],"potions_floor_usage":[],"damage_taken":[{"damage":14.0,"enemies":"Jaw Worm","floor":1.0,"turns":4.0},{"damage":0.0,"enemies":"Cultist","floor":2.0,"turns":3.0},{"damage":0.0,"enemies":"2 Louse","floor":4.0,"turns":2.0},{"damage":2.0,"enemies":"Lots of Slimes","floor":5.0,"turns":4.0},{"damage":12.0,"enemies":"Looter","floor":7.0,"turns":3.0},{"damage":23.0,"enemies":"3 Sentries","floor":8.0,"turns":6.0},{"damage":18,"enemies":"Gremlin Nob","floor":12,"turns":3}],"seed_played":"-1255379195674453630","potions_obtained":[{"floor":1.0,"key":"Block Potion"},{"floor":4.0,"key":"Block Potion"},{"floor":5.0,"key":"Block Potion"}],"is_trial":false,"path_per_floor":["M","M","?","M","M","R","M","E","T","R","$","E"],"character_chosen":"DEFECT","items_purchased":["Membership Card","Conserve Battery"],"campfire_rested":0,"item_purchase_floors":[11,11],"current_hp_per_floor":[50,50,50,50,48,48,36,13,13,13,13,0,0],"gold":11,"neow_bonus":"BOSS_RELIC","is_daily":false,"chose_seed":false,"campfire_upgraded":2,"win_rate":0.0,"timestamp":1613327148,"path_taken":["M","M","?","?","?","R","M","E","T","R","$","E"],"items_purchased_type":["Relic","Card"],"build_version":"2020-12-22","purchased_purges":0,"victory":false,"max_hp_per_floor":[71,71,71,71,71,71,71,71,71,71,71,71,71],"card_choices":[{"not_picked":["Force Field","Rip and Tear"],"picked":"Ball Lightning","floor":1.0},{"not_picked":["Coolheaded","Rip and Tear"],"picked":"White Noise","floor":2.0},{"not_picked":["Compile Driver","Chill"],"picked":"Cold Snap","floor":4.0},{"not_picked":["Compile Driver","Streamline"],"picked":"Consume","floor":5.0},{"not_picked":["Go for the Eyes","Conserve Battery"],"picked":"Cold Snap","floor":7.0},{"not_picked":["Beam Cell","Reboot"],"picked":"Glacier","floor":8.0}],"player_experience":1894093,"relics_obtained":[{"floor":8.0,"key":"Whetstone"}],"event_choices":[{"cards_removed":["Strike_B"],"damage_healed":0.0,"max_hp_gain":0.0,"max_hp_loss":0.0,"gold_gain":0.0,"event_name":"Purifier","player_choice":"Purged","floor":3.0,"gold_loss":0.0,"damage_taken":0.0}],"is_beta":false,"boss_relics":[],"items_purged_floors":[],"is_endless":false,"potions_floor_spawned":[1,4,5],"killed_by":"Gremlin Nob","ascension_level":20}}