{"host":"o9lehcdjc4u6j9un","time":1613278603,"event":{"mods":["Aspiration","BaseMod","Better-Laid Plans","Colored Map","Downfall","Gremlin Mod","Hermit","Marisa£®ÏF”Í°°ƒß¿Ì…≥£©","Minty Spire (QoL Compilation)","Reimu£®≤©¿ˆ¡È√Œ£©","Remilia£®¿Ÿ√◊¿Ú—«£©","StSLib","The Alterego","The Hierophant","The Runesmith","The Senshi","The Servant 0.9.4","Yakumo Yukari mod","Youmu£®ªÍ∆«—˝√Œ£©","≤–¡Ù÷ÆŒÔ"],"gold_per_floor":[118,136,152,164,114,139,157,187,255,104,104,114,14,43,43,147,147,160,120,107,120,138,138,138],"floor_reached":23,"language":"ZHS","playtime":2133,"items_purged":["Runesmith:Strike_RS","Runesmith:Strike_RS"],"score":215,"play_id":"392b1268-24d7-49db-bca9-d062114f37bd","local_time":"20210214125643","is_ascension_mode":false,"campfire_choices":[{"floor":11,"key":"REST"},{"floor":15,"key":"REST"}],"circlet_count":0,"master_deck":["Runesmith:Strike_RS","Runesmith:Defend_RS","Runesmith:Defend_RS","Runesmith:Defend_RS","Runesmith:Defend_RS","Runesmith:CraftFirestone","Runesmith:Fortify","Runesmith:Firewall","Runesmith:EnergizedChisel","Runesmith:HeatedChisel","Runesmith:ChiselStab","Runesmith:EnergizedChisel","Runesmith:HammerAndChisel","Runesmith:LithiumIon","Runesmith:Firestorm","Runesmith:CraftMagma","Runesmith:MakeshiftArmor","Runesmith:UnlimitedPower+1","Runesmith:NanitesCloud","Runesmith:CraftMagma","Runesmith:CraftProtectio"],"relics":["Runesmith:BrokenRuby","Vajra","Slimebound:StickyStick","Meat on the Bone","Frozen Egg 2","Philosopher\u0027s Stone","ZunR:ReiMu"],"acts_visited":["Exordium","TheCity"],"potions_floor_usage":[6,16,20,20],"damage_taken":[{"damage":0,"enemies":"Small Slimes","floor":1,"turns":3},{"damage":3,"enemies":"2 Louse","floor":2,"turns":3},{"damage":3,"enemies":"Cultist","floor":3,"turns":4},{"damage":5,"enemies":"Looter","floor":4,"turns":4},{"damage":14,"enemies":"3 Sentries","floor":6,"turns":6},{"damage":5,"enemies":"3 Louse","floor":7,"turns":3},{"damage":17,"enemies":"Lagavulin","floor":8,"turns":7},{"damage":0,"enemies":"Exordium Wildlife","floor":12,"turns":3},{"damage":9,"enemies":"3 Sentries","floor":14,"turns":7},{"damage":7,"enemies":"Hexaghost","floor":16,"turns":10},{"damage":7,"enemies":"Chosen","floor":18,"turns":5},{"damage":10,"enemies":"2 Thieves","floor":20,"turns":4},{"damage":0,"enemies":"Chosen and Byrds","floor":21,"turns":7},{"damage":34,"enemies":"Snake Plant","floor":22,"turns":4},{"damage":40,"enemies":"Gremlin Leader","floor":23,"turns":5}],"seed_played":"8160541546329788115","potions_obtained":[{"floor":1,"key":"champ:CounterPotion"},{"floor":3,"key":"champ:CounterPotion"},{"floor":8,"key":"AttackPotion"},{"floor":16,"key":"PanachePotion"},{"floor":20,"key":"Dexterity Potion"},{"floor":21,"key":"FearPotion"}],"is_trial":false,"path_per_floor":["M","M","M","M","?","E","M","E","T","$","R","M","$","E","R","B",null,"M","?","M","M","M","E"],"character_chosen":"RUNESMITH_CLASS","items_purchased":["Runesmith:Firestorm"],"campfire_rested":2,"item_purchase_floors":[10],"current_hp_per_floor":[77,74,71,66,66,52,47,30,30,30,53,53,53,44,67,60,77,70,70,60,60,38,0,0],"gold":138,"neow_bonus":"TEN_PERCENT_HP_BONUS","is_daily":false,"chose_seed":false,"campfire_upgraded":0,"win_rate":0.0,"timestamp":1613278603,"path_taken":["M","M","M","M","?","E","M","E","T","$","R","M","$","E","R","BOSS","M","?","M","M","M","E"],"items_purchased_type":["Card"],"build_version":"2020-12-22","purchased_purges":2,"victory":false,"max_hp_per_floor":[77,77,77,77,77,77,77,77,77,77,77,77,77,77,77,77,77,77,77,77,77,77,77,77],"card_choices":[{"not_picked":["Runesmith:WhiteBalance","Runesmith:Superposition"],"picked":"Runesmith:Firewall","floor":1},{"not_picked":["Runesmith:CraftProtectio","Runesmith:MakeshiftArmor"],"picked":"Runesmith:EnergizedChisel","floor":2},{"not_picked":["Runesmith:ShiftingStrike","Runesmith:Repurpose"],"picked":"Runesmith:HeatedChisel","floor":3},{"not_picked":["Runesmith:FieryHammer","Runesmith:BackupBattery"],"picked":"Runesmith:ChiselStab","floor":4},{"not_picked":["Runesmith:CraftProtectio","Runesmith:FieryHammer"],"picked":"Runesmith:EnergizedChisel","floor":6},{"not_picked":["Runesmith:Attraction","Runesmith:UnstableHammer"],"picked":"Runesmith:HammerAndChisel","floor":7},{"not_picked":["Runesmith:HammerThrow","Runesmith:CraftMedicinae"],"picked":"Runesmith:LithiumIon","floor":8},{"not_picked":["Runesmith:Repurpose","Runesmith:UnstableHammer"],"picked":"Runesmith:CraftMagma","floor":12},{"not_picked":["Runesmith:EnergizedChisel","Runesmith:ChiselStab"],"picked":"Runesmith:MakeshiftArmor","floor":14},{"not_picked":["Runesmith:GrandSlam","Runesmith:DuctTape+1"],"picked":"Runesmith:UnlimitedPower+1","floor":16},{"not_picked":["Runesmith:FieryHammer+1","Runesmith:StaticCage"],"picked":"Runesmith:NanitesCloud","floor":18},{"not_picked":["Runesmith:NanitesCloud","Runesmith:ChargedHammer"],"picked":"Runesmith:CraftMagma","floor":20},{"not_picked":["Runesmith:BackupBattery","Runesmith:Overpower"],"picked":"Runesmith:CraftProtectio","floor":21},{"not_picked":["Runesmith:StaticCage","Runesmith:MakeshiftArmor","Runesmith:RuneHurl"],"picked":"SKIP","floor":22}],"player_experience":275050,"relics_obtained":[{"floor":6,"key":"Vajra"},{"floor":8,"key":"Slimebound:StickyStick"},{"floor":9,"key":"Meat on the Bone"},{"floor":14,"key":"Frozen Egg 2"}],"event_choices":[{"cards_removed":["Runesmith:Strike_RS"],"damage_healed":0,"gold_gain":0,"player_choice":"Card Removal","damage_taken":0,"max_hp_gain":0,"max_hp_loss":0,"event_name":"The Cleric","floor":5,"gold_loss":50},{"damage_healed":0,"gold_gain":0,"player_choice":"π∫¬Ú…Òæ∆","damage_taken":0,"relics_obtained":["ZunR:ReiMu"],"max_hp_gain":0,"max_hp_loss":0,"event_name":"ZunEvent","floor":19,"gold_loss":40}],"is_beta":false,"boss_relics":[{"not_picked":["Runic Dome","aspiration:DefectSkillbook"],"picked":"Philosopher\u0027s Stone"}],"items_purged_floors":[10,13],"is_endless":false,"potions_floor_spawned":[1,3,8,16,20,21],"killed_by":"Gremlin Leader","ascension_level":0}}