{"host":"xi9hztp74zq5zdao","time":1613330064,"event":{"mods":["BaseMod","Colored Map","Downfall","Googly Eyes","Hermit","Jorbs\u0027s Wanderer Trilogy","Marisa（霧雨　魔理沙）","Minty Spire (QoL Compilation)","Relic Sorter","StSLib","The Gatherer","The Hierophant","everything is the same but u backflip on backflip"],"gold_per_floor":[118,293,293,98,125,125,35,80,80,112,153,153,203,153,153,254,254,287,287,303,313,330,380,380,400,427,477,509,110,128,178,178,178,178],"floor_reached":33,"language":"ENG","playtime":2486,"items_purged":["Doubt","Strike_MRS"],"score":297,"play_id":"799554be-9190-44b1-bd0f-12997ff869f4","local_time":"20210214141424","is_ascension_mode":false,"campfire_choices":[{"data":"MagicChant","floor":6,"key":"SMITH"},{"data":"TreasureHunter","floor":12,"key":"SMITH"},{"data":"Deep Breath","floor":15,"key":"SMITH"},{"floor":24,"key":"REST"},{"floor":32,"key":"REST"}],"circlet_count":0,"master_deck":["Strike_MRS","Strike_MRS","Defend_MRS","Defend_MRS+1","Defend_MRS","Defend_MRS","MasterSpark","UpSweep","CollectingQuirk","SuperPerseids","Bandage Up+1","MasterSpark","WitchOfGreed","MagicChant+1","Deep Breath+1","TreasureHunter+1","UnstableBomb","CasketOfStar","GrandCross","GasGiant+1","Singularity","Orbital"],"relics":["MiniHakkero","AmplifyWand","Lantern","Strawberry","Shuriken","ExperimentalFamiliar","Juzu Bracelet","Letter Opener","War Paint","Omamori","Vajra","ShroomBag","Medical Kit"],"acts_visited":["Exordium","TheCity"],"potions_floor_usage":[11,16,20,27,33],"damage_taken":[{"damage":0,"enemies":"Small Slimes","floor":1,"turns":4},{"damage":0,"enemies":"2 Louse","floor":5,"turns":2},{"damage":1,"enemies":"Cultist","floor":8,"turns":3},{"damage":0,"enemies":"Gremlin Gang","floor":10,"turns":6},{"damage":13,"enemies":"Lagavulin","floor":11,"turns":6},{"damage":24,"enemies":"Gremlin Nob","floor":13,"turns":5},{"damage":53,"enemies":"The Guardian","floor":16,"turns":8},{"damage":11,"enemies":"Shell Parasite","floor":18,"turns":5},{"damage":0,"enemies":"3 Byrds","floor":20,"turns":3},{"damage":16,"enemies":"Snake Plant","floor":21,"turns":2},{"damage":22,"enemies":"Snecko","floor":22,"turns":4},{"damage":36,"enemies":"Book of Stabbing","floor":23,"turns":5},{"damage":0,"enemies":"Centurion and Healer","floor":25,"turns":5},{"damage":37,"enemies":"Slavers","floor":27,"turns":6},{"damage":20,"enemies":"Sentry and Sphere","floor":28,"turns":4},{"damage":0,"enemies":"Chosen and Byrds","floor":30,"turns":4},{"damage":55,"enemies":"Collector","floor":33,"turns":5}],"seed_played":"-6395510626650007658","potions_obtained":[{"floor":1,"key":"SpeedPotion"},{"floor":5,"key":"Guardian:BlockOnCardUsePotion"},{"floor":5,"key":"Swift Potion"},{"floor":10,"key":"Fire Potion"},{"floor":11,"key":"BlessingOfTheForge"},{"floor":13,"key":"PowerPotion"},{"floor":18,"key":"DistilledChaos"},{"floor":27,"key":"hexamod:SoulburnPotion"},{"floor":28,"key":"Weak Potion"}],"is_trial":false,"path_per_floor":["M","?","?","$","M","R","$","M","T","M","E","R","E","?","R","B",null,"M","?","M","M","M","E","R","M","T","E","M","$","M","?","R","B"],"character_chosen":"MARISA","items_purchased":["WitchOfGreed","MagicChant","Deep Breath","ShroomBag","Medical Kit"],"campfire_rested":2,"item_purchase_floors":[4,4,7,29,29],"current_hp_per_floor":[75,75,75,75,75,75,75,74,74,75,66,66,53,53,53,4,82,75,75,79,67,51,19,43,47,47,16,2,2,8,8,32,0,0],"gold":178,"neow_bonus":"ONE_RANDOM_RARE_CARD","is_daily":false,"chose_seed":false,"campfire_upgraded":3,"win_rate":0.0,"timestamp":1613330064,"path_taken":["M","?","?","$","M","R","$","?","T","?","E","R","E","?","R","BOSS","M","?","M","?","M","E","R","M","T","E","M","?","M","?","R","BOSS"],"items_purchased_type":["Card","Card","Card","Relic","Relic"],"build_version":"2020-12-22","purchased_purges":2,"victory":false,"max_hp_per_floor":[75,75,75,75,75,75,75,75,75,75,75,75,82,82,82,82,82,82,82,82,82,82,82,82,82,82,82,82,82,82,82,82,82,82],"card_choices":[{"not_picked":["PowerUp","UnstableBomb"],"picked":"SuperPerseids","floor":1},{"not_picked":["NonDirectionalLaser","MachineGunSpark","AsteroidBelt"],"picked":"SKIP","floor":5},{"not_picked":["UnstableBomb","Acceleration","MeteoricShower"],"picked":"SKIP","floor":8},{"not_picked":["IllusionStar","DC","DragonMeteor"],"picked":"SKIP","floor":10},{"not_picked":["WitchLeyline","ShootTheMoon"],"picked":"TreasureHunter","floor":11},{"not_picked":["UnstableBomb","MeteoricShower","ShootingEcho"],"picked":"SKIP","floor":13},{"not_picked":["MeteoricShower","ShootingEcho"],"picked":"UnstableBomb","floor":13},{"not_picked":["EscapeVelocity","ManaRampage"],"picked":"CasketOfStar","floor":16},{"not_picked":["ShootingEcho","AsteroidBelt+1"],"picked":"OpenUniverse","floor":18},{"not_picked":["MeteoricShower+1","DC","ChargeUpSpray"],"picked":"SKIP","floor":20},{"not_picked":["MeteoricShower","AsteroidBelt","OpenUniverse"],"picked":"SKIP","floor":21},{"not_picked":["PowerUp+1","DeepEcoloBomb","Acceleration"],"picked":"SKIP","floor":22},{"not_picked":["OpenUniverse","Robbery"],"picked":"GasGiant+1","floor":23},{"not_picked":["GravityBeat","IllusionStar"],"picked":"Singularity","floor":25},{"not_picked":["OortCloud","EscapeVelocity"],"picked":"Orbital","floor":27},{"not_picked":["GravityBeat","SporeBomb","PowerUp"],"picked":"SKIP","floor":28},{"not_picked":["EventHorizon","DoubleSpark","UnstableBomb+1"],"picked":"SKIP","floor":30}],"player_experience":1297690,"relics_obtained":[{"floor":9,"key":"AmplifyWand"},{"floor":11,"key":"Lantern"},{"floor":13,"key":"Strawberry"},{"floor":13,"key":"Shuriken"},{"floor":23,"key":"Juzu Bracelet"},{"floor":23,"key":"Letter Opener"},{"floor":26,"key":"War Paint"},{"floor":27,"key":"Omamori"},{"floor":27,"key":"Vajra"}],"event_choices":[{"damage_healed":0,"gold_gain":175,"player_choice":"AGREE","damage_taken":0,"max_hp_gain":0,"max_hp_loss":0,"event_name":"Liars Game","floor":2,"gold_loss":0,"cards_obtained":["Doubt"]},{"damage_healed":0,"gold_gain":0,"player_choice":"2 cards matched","damage_taken":0,"max_hp_gain":0,"max_hp_loss":0,"event_name":"Match and Keep!","floor":3,"gold_loss":0,"cards_obtained":["Bandage Up","MasterSpark"]},{"cards_removed":["Strike_MRS"],"damage_healed":0,"gold_gain":0,"player_choice":"Card Removal","damage_taken":0,"max_hp_gain":0,"max_hp_loss":0,"event_name":"The Cleric","floor":14,"gold_loss":50},{"damage_healed":0,"gold_gain":0,"cards_transformed":["OpenUniverse"],"player_choice":"Transformed","damage_taken":0,"max_hp_gain":0,"max_hp_loss":0,"event_name":"Transmorgrifier","floor":19,"gold_loss":0,"cards_obtained":["GrandCross"]},{"damage_healed":0,"gold_gain":100,"player_choice":"Bet on Murderer","damage_taken":0,"max_hp_gain":0,"max_hp_loss":0,"event_name":"The Joust","floor":31,"gold_loss":50}],"is_beta":false,"boss_relics":[{"not_picked":["Runic Pyramid","bronze:MakeshiftBattery"],"picked":"ExperimentalFamiliar"}],"items_purged_floors":[4,29],"is_endless":false,"potions_floor_spawned":[1,5,8,13,18,27,30],"killed_by":"Collector","ascension_level":0}}