{"host":"8iprjuzow65cevwy","time":1613264048,"event":{"mods":["BaseMod","Colored Map","Highlight Path","Minty Spire (QoL Compilation)"],"gold_per_floor":[112,122,27,47,47,75,150,150,175,175,195,215,225,239,239,338,338,348,366,81,94,94,94,121,131,157,157,182,202,202,202,202,202,202],"floor_reached":33,"language":"ENG","playtime":2342,"items_purged":[],"score":436,"play_id":"a6227b35-4ea5-4c37-b083-b9597e040133","local_time":"20210214015408","is_ascension_mode":true,"campfire_choices":[{"data":"Uppercut","floor":8,"key":"SMITH"},{"data":"Shrug It Off","floor":10,"key":"SMITH"},{"floor":15,"key":"REST"},{"data":"Entrench","floor":23,"key":"SMITH"},{"floor":27,"key":"REST"},{"data":"Berserk","floor":30,"key":"SMITH"},{"floor":32,"key":"REST"}],"circlet_count":0,"master_deck":["Defend_R","Defend_R","Defend_R","Defend_R","Bash","Feed+1","Warcry","Shrug It Off+1","Flash of Steel","Uppercut+1","Sword Boomerang","Ghostly Armor","Anger","Cleave","Dropkick","Barricade","Carnage+1","Dark Embrace+1","Reaper+1","Entrench+1","Immolate","Shockwave","Writhe","Berserk+1","Havoc","Warcry+1","Shrug It Off","Bite","Bite","Bite","Bite","Bite"],"relics":["Burning Blood","PreservedInsect","Lantern","Astrolabe","Vajra","Blue Candle","Nunchaku","Toy Ornithopter"],"acts_visited":["Exordium","TheCity"],"potions_floor_usage":[6,13,16,19,25,33],"damage_taken":[{"damage":1,"enemies":"Cultist","floor":1,"turns":3},{"damage":13,"enemies":"Jaw Worm","floor":2,"turns":5},{"damage":8,"enemies":"Small Slimes","floor":4,"turns":4},{"damage":24,"enemies":"Gremlin Nob","floor":6,"turns":4},{"damage":6,"enemies":"Exordium Thugs","floor":11,"turns":5},{"damage":24,"enemies":"Large Slime","floor":12,"turns":6},{"damage":2,"enemies":"3 Louse","floor":13,"turns":2},{"damage":6,"enemies":"Looter","floor":14,"turns":3},{"damage":53,"enemies":"Hexaghost","floor":16,"turns":10},{"damage":0,"enemies":"Chosen","floor":18,"turns":3},{"damage":3,"enemies":"2 Thieves","floor":19,"turns":4},{"damage":43,"enemies":"Sentry and Sphere","floor":21,"turns":4},{"damage":73,"enemies":"Book of Stabbing","floor":24,"turns":7},{"damage":19,"enemies":"Snake Plant","floor":25,"turns":3},{"damage":27,"enemies":"Gremlin Leader","floor":28,"turns":5},{"damage":18,"enemies":"3 Cultists","floor":29,"turns":4},{"damage":110,"enemies":"Automaton","floor":33,"turns":8}],"seed_played":"-4286438108941642765","potions_obtained":[{"floor":1,"key":"Weak Potion"},{"floor":4,"key":"Fire Potion"},{"floor":11,"key":"FearPotion"},{"floor":18,"key":"BlessingOfTheForge"},{"floor":21,"key":"ElixirPotion"},{"floor":24,"key":"AttackPotion"},{"floor":29,"key":"Explosive Potion"}],"is_trial":false,"path_per_floor":["M","M","$","M","?","E","?","R","T","R","M","M","M","M","R","B",null,"M","M","$","M","?","R","E","M","T","R","E","M","R","?","R","B"],"character_chosen":"IRONCLAD","items_purchased":["Flash of Steel","Immolate","Vajra"],"campfire_rested":3,"item_purchase_floors":[3,20,20],"current_hp_per_floor":[75,71,71,72,72,58,47,47,47,47,51,37,45,49,79,32,84,94,108,108,76,76,76,22,15,15,50,35,47,47,47,83,0,0],"gold":202,"neow_bonus":"THREE_RARE_CARDS","is_daily":false,"chose_seed":false,"campfire_upgraded":4,"win_rate":0.0,"timestamp":1613264048,"path_taken":["M","M","?","M","?","E","?","R","T","R","M","M","M","M","R","BOSS","M","M","$","M","?","R","E","M","T","R","E","M","R","?","R","BOSS"],"items_purchased_type":["Card","Card","Relic"],"build_version":"2020-12-22","purchased_purges":0,"victory":false,"max_hp_per_floor":[75,78,78,81,81,85,85,85,85,85,89,93,97,101,101,101,101,105,109,109,113,113,113,117,117,117,117,117,121,121,121,121,121,121],"card_choices":[{"not_picked":["Reaper","Corruption"],"picked":"Feed","floor":0},{"not_picked":["Perfected Strike","Cleave"],"picked":"Warcry","floor":1},{"not_picked":["Anger","Wild Strike"],"picked":"Shrug It Off","floor":2},{"not_picked":["Cleave","Sever Soul"],"picked":"Uppercut","floor":4},{"not_picked":["Clothesline","Feel No Pain"],"picked":"Sword Boomerang","floor":6},{"not_picked":["Rage","Armaments"],"picked":"Ghostly Armor","floor":11},{"not_picked":["Thunderclap","Twin Strike"],"picked":"Anger","floor":12},{"not_picked":["Bloodletting","Pommel Strike"],"picked":"Cleave","floor":13},{"not_picked":["Shrug It Off","True Grit"],"picked":"Dropkick","floor":14},{"not_picked":["Limit Break","Corruption"],"picked":"Barricade","floor":16},{"not_picked":["True Grit","Thunderclap","Clash"],"picked":"SKIP","floor":18},{"not_picked":["Shrug It Off+1","Reckless Charge+1"],"picked":"Entrench","floor":19},{"not_picked":["Flex","Pommel Strike"],"picked":"Shockwave","floor":21},{"not_picked":["Rage","Anger+1"],"picked":"Berserk","floor":24},{"not_picked":["Sword Boomerang+1","Cleave"],"picked":"Havoc","floor":25},{"not_picked":["Shockwave","Feed"],"picked":"Warcry+1","floor":28},{"not_picked":["Warcry","Clothesline"],"picked":"Shrug It Off","floor":29}],"player_experience":325855,"relics_obtained":[{"floor":6,"key":"PreservedInsect"},{"floor":9,"key":"Lantern"},{"floor":24,"key":"Nunchaku"},{"floor":26,"key":"Toy Ornithopter"},{"floor":28,"key":"Blood Vial"}],"event_choices":[{"damage_healed":0,"gold_gain":0,"player_choice":"Grow","damage_taken":0,"max_hp_gain":0,"max_hp_loss":0,"event_name":"Living Wall","floor":5,"gold_loss":0,"cards_upgraded":["Feed"]},{"damage_healed":0,"gold_gain":75,"player_choice":"Gather Gold","damage_taken":11,"max_hp_gain":0,"max_hp_loss":0,"event_name":"World of Goop","floor":7,"gold_loss":0},{"damage_healed":0,"gold_gain":0,"player_choice":"Opened","damage_taken":0,"relics_obtained":["Blue Candle"],"max_hp_gain":0,"max_hp_loss":0,"event_name":"The Mausoleum","floor":22,"gold_loss":0,"cards_obtained":["Writhe"]},{"damage_healed":0,"gold_gain":0,"player_choice":"Became a vampire (Vial)","damage_taken":0,"max_hp_gain":0,"max_hp_loss":0,"event_name":"Vampires","floor":31,"relics_lost":["Blood Vial"],"gold_loss":0,"cards_obtained":["Bite","Bite","Bite","Bite","Bite"]}],"is_beta":false,"boss_relics":[{"not_picked":["Black Blood","Philosopher\u0027s Stone"],"picked":"Astrolabe"}],"items_purged_floors":[],"is_endless":false,"potions_floor_spawned":[1,4,11,18,21,24,29],"killed_by":"Automaton","ascension_level":5}}