{"host":"cijwx898anu8dehj","time":1613330931,"event":{"mods":["AchievementEnabler","AlwaysNeverKeys","BaseMod","Colored Map","Colored Powertips","Highlight Path","Minty Spire (QoL Compilation)","Rare Cards Sparkle","Relic Stats","Slay-I"],"gold_per_floor":[109,120,132,144,144,179,179,192,192,217,217,217,251,251,251,350,350,360,379,79,90,104,131,145,172,172,201,218,218,243,257,257,352,352,364,414,428,78,89,117,0,0,0,30,40,72,72,404,404,404],"floor_reached":51,"language":"ENG","playtime":4745,"items_purged":[],"score":1217,"play_id":"d0249cdc-0baf-4019-bb1d-66e35fb6666a","local_time":"20210214172851","daily_mods":["SealedDeck","Heirloom","Elite Swarm"],"is_ascension_mode":false,"campfire_choices":[{"data":"Leg Sweep","floor":7,"key":"SMITH"},{"floor":11,"key":"DIG"},{"floor":15,"key":"DIG"},{"floor":29,"key":"DIG"},{"floor":32,"key":"DIG"},{"floor":42,"key":"DIG"},{"data":"1","floor":47,"key":"LIFT"},{"data":"2","floor":49,"key":"LIFT"}],"circlet_count":0,"master_deck":["Dodge and Roll","Dodge and Roll+1","Slice","Footwork","Deflect","Deflect","Cloak And Dagger","Leg Sweep+1","Backflip","Blade Dance","Flying Knee","Backstab","Quick Slash","Unload+1","Die Die Die","Adrenaline","Adrenaline","CurseOfTheBell","Noxious Fumes","Footwork","Deflect","Unload","Quick Slash+1","Leg Sweep+1","After Image","Bouncing Flask+1","Adrenaline","Slice","Acrobatics","Backflip","Leg Sweep+1","Bane","Glass Knife"],"relics":["Ring of the Snake","Lizard Tail","Oddly Smooth Stone","Eternal Feather","Shovel","Paper Crane","Bronze Scales","StoneCalendar","Calling Bell","Anchor","White Beast Statue","Turnip","Torii","Tough Bandages","Matryoshka","Tiny Chest","Letter Opener","CaptainsWheel","Pen Nib","Unceasing Top","Ice Cream","Coffee Dripper","Tingsha","Calipers","Bag of Marbles","Red Mask","Girya","MealTicket","Darkstone Periapt","Pear","Lantern","Old Coin"],"acts_visited":["Exordium","TheCity","TheBeyond"],"potions_floor_usage":[10,16,19,21,22,24,25,28,30,31,33,33,40,44,45,46,46,50,50],"damage_taken":[{"damage":0,"enemies":"Jaw Worm","floor":1,"turns":4},{"damage":0,"enemies":"2 Louse","floor":2,"turns":2},{"damage":0,"enemies":"Small Slimes","floor":3,"turns":3},{"damage":0,"enemies":"2 Fungi Beasts","floor":4,"turns":4},{"damage":0,"enemies":"Lagavulin","floor":6,"turns":8},{"damage":0,"enemies":"Exordium Wildlife","floor":8,"turns":2},{"damage":6,"enemies":"Gremlin Nob","floor":10,"turns":3},{"damage":0,"enemies":"Lagavulin","floor":13,"turns":7},{"damage":0,"enemies":"Hexaghost","floor":16,"turns":7},{"damage":0,"enemies":"3 Byrds","floor":18,"turns":2},{"damage":0,"enemies":"Shell Parasite","floor":19,"turns":3},{"damage":0,"enemies":"Centurion and Healer","floor":21,"turns":3},{"damage":0,"enemies":"3 Cultists","floor":22,"turns":4},{"damage":0,"enemies":"Book of Stabbing","floor":23,"turns":6},{"damage":1,"enemies":"Cultist and Chosen","floor":24,"turns":5},{"damage":0,"enemies":"Slavers","floor":25,"turns":5},{"damage":0,"enemies":"Book of Stabbing","floor":27,"turns":6},{"damage":0,"enemies":"Chosen and Byrds","floor":28,"turns":5},{"damage":1,"enemies":"Slavers","floor":30,"turns":4},{"damage":0,"enemies":"3 Cultists","floor":31,"turns":4},{"damage":12,"enemies":"Collector","floor":33,"turns":8},{"damage":0,"enemies":"Orb Walker","floor":35,"turns":2},{"damage":0,"enemies":"Mind Bloom Boss Battle","floor":36,"turns":6},{"damage":0,"enemies":"3 Shapes","floor":37,"turns":2},{"damage":0,"enemies":"3 Darklings","floor":39,"turns":4},{"damage":0,"enemies":"Giant Head","floor":40,"turns":8},{"damage":1,"enemies":"Nemesis","floor":44,"turns":7},{"damage":0,"enemies":"Sphere and 2 Shapes","floor":45,"turns":4},{"damage":0,"enemies":"Reptomancer","floor":46,"turns":4},{"damage":0,"enemies":"Giant Head","floor":48,"turns":8},{"damage":0,"enemies":"Time Eater","floor":50,"turns":11}],"seed_played":"-3097473247352232205","potions_obtained":[{"floor":1,"key":"SkillPotion"},{"floor":3,"key":"EssenceOfSteel"},{"floor":6,"key":"GamblersBrew"},{"floor":10,"key":"CultistPotion"},{"floor":13,"key":"BlessingOfTheForge"},{"floor":18,"key":"ColorlessPotion"},{"floor":19,"key":"Ancient Potion"},{"floor":21,"key":"Dexterity Potion"},{"floor":22,"key":"LiquidMemories"},{"floor":23,"key":"SteroidPotion"},{"floor":24,"key":"CultistPotion"},{"floor":25,"key":"SneckoOil"},{"floor":27,"key":"SkillPotion"},{"floor":28,"key":"FearPotion"},{"floor":30,"key":"ColorlessPotion"},{"floor":31,"key":"ColorlessPotion"},{"floor":33,"key":"LiquidMemories"},{"floor":35,"key":"EssenceOfSteel"},{"floor":36,"key":"DuplicationPotion"},{"floor":37,"key":"Poison Potion"},{"floor":40,"key":"Ancient Potion"},{"floor":44,"key":"DistilledChaos"},{"floor":45,"key":"Explosive Potion"},{"floor":46,"key":"SkillPotion"},{"floor":48,"key":"Ancient Potion"}],"is_trial":true,"path_per_floor":["M","M","M","M","?","E","R","M","T","E","R","?","E","?","R","B",null,"M","M","$","M","M","E","M","E","T","E","M","R","E","M","R","B",null,"M","?","M","$","M","E","?","R","T","E","M","E","R","E","R","B",null],"character_chosen":"THE_SILENT","items_purchased":["Torii","Calipers","Backflip"],"campfire_rested":0,"item_purchase_floors":[20,38,38],"current_hp_per_floor":[70,70,70,70,75,75,75,75,75,69,75,75,75,60,69,69,75,75,75,75,75,75,75,74,74,74,74,74,75,74,74,75,63,75,75,75,75,75,75,75,75,75,75,84,84,84,85,85,85,85],"gold":404,"neow_bonus":"","is_daily":false,"chose_seed":false,"campfire_upgraded":1,"win_rate":0.0,"timestamp":1613330931,"path_taken":["M","M","M","M","?","E","R","M","T","E","R","?","E","?","R","BOSS","M","M","$","M","M","E","M","E","T","E","M","R","E","M","R","BOSS","M","?","M","$","M","E","?","R","T","E","M","E","R","E","R","BOSS"],"items_purchased_type":["Relic","Relic","Card"],"build_version":"2020-12-22","purchased_purges":0,"victory":true,"max_hp_per_floor":[70,70,70,70,75,75,75,75,75,75,75,75,75,75,75,75,75,75,75,75,75,75,75,75,75,75,75,75,75,75,75,75,75,75,75,75,75,75,75,75,75,75,75,85,85,85,85,85,85,85],"relic_stats":{"Darkstone Periapt":0,"Torii":4,"counters":[31,151],"Eternal Feather":18,"StoneCalendar":[234],"Tingsha":[75],"Pen Nib":[17],"Letter Opener":[255],"Lizard Tail":0,"Tough Bandages":[195],"Shovel":5,"Bronze Scales":[415],"Tiny Chest":0,"MealTicket":0,"Turnip":[10],"obtain_stats":[{"Ice Cream":32,"Darkstone Periapt":43,"Lantern":46,"Calipers":38,"Torii":20,"StoneCalendar":15,"Old Coin":48,"Lizard Tail":0,"Tough Bandages":23,"Shovel":10,"Matryoshka":25,"Tiny Chest":26,"MealTicket":43,"Red Mask":41,"Ring of the Snake":0,"Girya":42,"Pear":44,"Oddly Smooth Stone":6,"Eternal Feather":9,"Tingsha":36,"Pen Nib":29,"Letter Opener":26,"Paper Crane":11,"White Beast Statue":17,"Calling Bell":17,"Anchor":17,"CaptainsWheel":27,"Bronze Scales":13,"Turnip":17,"Coffee Dripper":34,"Bag of Marbles":40,"Unceasing Top":30},{"Ice Cream":20,"Darkstone Periapt":26,"Lantern":29,"Calipers":24,"Torii":11,"StoneCalendar":8,"Old Coin":30,"Lizard Tail":0,"Tough Bandages":14,"Shovel":7,"Matryoshka":16,"Tiny Chest":16,"MealTicket":26,"Red Mask":26,"Ring of the Snake":0,"Girya":26,"Pear":27,"Oddly Smooth Stone":5,"Eternal Feather":6,"Tingsha":23,"Pen Nib":18,"Letter Opener":16,"Paper Crane":7,"White Beast Statue":9,"Calling Bell":9,"Anchor":9,"CaptainsWheel":17,"Bronze Scales":8,"Turnip":9,"Coffee Dripper":21,"Bag of Marbles":26,"Unceasing Top":19},{"Ice Cream":87,"Darkstone Periapt":117,"Lantern":132,"Calipers":105,"Torii":45,"StoneCalendar":33,"Old Coin":140,"Lizard Tail":0,"Tough Bandages":58,"Shovel":26,"Matryoshka":68,"Tiny Chest":68,"MealTicket":117,"Red Mask":117,"Ring of the Snake":0,"Girya":117,"Pear":124,"Oddly Smooth Stone":21,"Eternal Feather":23,"Tingsha":103,"Pen Nib":79,"Letter Opener":68,"Paper Crane":26,"White Beast Statue":40,"Calling Bell":40,"Anchor":40,"CaptainsWheel":74,"Bronze Scales":33,"Turnip":40,"Coffee Dripper":95,"Bag of Marbles":117,"Unceasing Top":83}],"Unceasing Top":[20],"Ring of the Snake":[62]},"card_choices":[{"not_picked":["Bane","Outmaneuver"],"picked":"Flying Knee","floor":1},{"not_picked":["Deadly Poison","Bane"],"picked":"Backstab","floor":2},{"not_picked":["Escape Plan","Concentrate"],"picked":"Quick Slash","floor":3},{"not_picked":["Slice","Outmaneuver","Quick Slash"],"picked":"SKIP","floor":4},{"not_picked":["Burst","Malaise"],"picked":"Unload","floor":6},{"not_picked":["PiercingWail","Masterful Stab","Quick Slash"],"picked":"SKIP","floor":8},{"not_picked":["A Thousand Cuts","Glass Knife"],"picked":"Die Die Die","floor":10},{"not_picked":["A Thousand Cuts","Night Terror"],"picked":"Adrenaline","floor":13},{"not_picked":["Malaise","Storm of Steel"],"picked":"Adrenaline","floor":16},{"not_picked":["Poisoned Stab","Dagger Spray","Deflect"],"picked":"SKIP","floor":18},{"not_picked":["Tactician","Reflex"],"picked":"Noxious Fumes","floor":19},{"not_picked":["Outmaneuver","PiercingWail+1"],"picked":"Footwork","floor":21},{"not_picked":["Calculated Gamble","Acrobatics"],"picked":"Deflect","floor":22},{"not_picked":["Tools of the Trade","Envenom"],"picked":"Unload","floor":23},{"not_picked":["Cloak And Dagger","Slice"],"picked":"Quick Slash+1","floor":24},{"not_picked":["Malaise","Storm of Steel","Phantasmal Killer"],"picked":"SKIP","floor":25},{"not_picked":["Doppelganger","Corpse Explosion","Bullet Time"],"picked":"SKIP","floor":27},{"not_picked":["PiercingWail+1","Quick Slash"],"picked":"Leg Sweep+1","floor":28},{"not_picked":["Glass Knife","A Thousand Cuts"],"picked":"After Image","floor":30},{"not_picked":["Sucker Punch","Outmaneuver"],"picked":"Bouncing Flask+1","floor":31},{"not_picked":["Bullet Time","Unload"],"picked":"Adrenaline","floor":33},{"not_picked":["Quick Slash+1","Concentrate"],"picked":"Slice","floor":35},{"not_picked":["Dagger Spray+1","Crippling Poison"],"picked":"Acrobatics","floor":37},{"not_picked":["Prepared","Poisoned Stab+1"],"picked":"Leg Sweep+1","floor":39},{"not_picked":["Envenom","Die Die Die","Storm of Steel"],"picked":"SKIP","floor":40},{"not_picked":["Venomology","Malaise","Doppelganger"],"picked":"SKIP","floor":44},{"not_picked":["Distraction+1","Blade Dance+1","Bane"],"picked":"SKIP","floor":45},{"not_picked":["Distraction+1","Blade Dance+1"],"picked":"Bane","floor":45},{"not_picked":["Wraith Form v2","Burst"],"picked":"Glass Knife","floor":46},{"not_picked":["Bullet Time","Venomology","Night Terror"],"picked":"SKIP","floor":48}],"player_experience":1160469,"relics_obtained":[{"floor":6,"key":"Oddly Smooth Stone"},{"floor":9,"key":"Eternal Feather"},{"floor":10,"key":"Shovel"},{"floor":11,"key":"Paper Crane"},{"floor":13,"key":"Bronze Scales"},{"floor":15,"key":"StoneCalendar"},{"floor":17,"key":"Anchor"},{"floor":17,"key":"White Beast Statue"},{"floor":17,"key":"Turnip"},{"floor":23,"key":"Tough Bandages"},{"floor":25,"key":"Matryoshka"},{"floor":26,"key":"Tiny Chest"},{"floor":26,"key":"Letter Opener"},{"floor":27,"key":"CaptainsWheel"},{"floor":29,"key":"Pen Nib"},{"floor":30,"key":"Unceasing Top"},{"floor":32,"key":"Ice Cream"},{"floor":36,"key":"Tingsha"},{"floor":40,"key":"Bag of Marbles"},{"floor":42,"key":"Girya"},{"floor":43,"key":"MealTicket"},{"floor":43,"key":"Darkstone Periapt"},{"floor":44,"key":"Pear"},{"floor":46,"key":"Lantern"},{"floor":48,"key":"Old Coin"}],"event_choices":[{"damage_healed":0,"gold_gain":0,"player_choice":"Donut","damage_taken":0,"max_hp_gain":5,"max_hp_loss":0,"event_name":"Big Fish","floor":5,"gold_loss":0},{"damage_healed":0,"gold_gain":0,"player_choice":"Leave","damage_taken":0,"max_hp_gain":0,"max_hp_loss":0,"event_name":"The Cleric","floor":12,"gold_loss":0},{"damage_healed":0,"gold_gain":0,"player_choice":"Entered Light","damage_taken":15,"max_hp_gain":0,"max_hp_loss":0,"event_name":"Shining Light","floor":14,"gold_loss":0,"cards_upgraded":["Dodge and Roll","Unload"]},{"damage_healed":0,"gold_gain":0,"player_choice":"Fight","damage_taken":0,"max_hp_gain":0,"max_hp_loss":0,"event_name":"MindBloom","floor":36,"gold_loss":0},{"damage_healed":0,"gold_gain":0,"player_choice":"Paid","damage_taken":0,"relics_obtained":["Red Mask"],"max_hp_gain":0,"max_hp_loss":0,"event_name":"Tomb of Lord Red Mask","floor":41,"gold_loss":117}],"is_beta":false,"boss_relics":[{"not_picked":["Fusion Hammer","Tiny House"],"picked":"Calling Bell"},{"not_picked":["Cursed Key","Busted Crown"],"picked":"Coffee Dripper"}],"items_purged_floors":[],"is_endless":false,"potions_floor_spawned":[1,3,6,10,13,18,19,21,22,23,24,25,27,28,30,31,33,35,36,37,39,40,44,45,46,48],"ascension_level":0}}