{"host":"bvp2uifzy1c463d9","time":1613293406,"event":{"mods":["AchievementEnabler","BaseMod","Better Note","Block Reminder","Bossed Relics","ChefMod","Colored Map","Colored Powertips","Energized Spire","Hermit","Highlight Path","Hubris","Infinite Spire","Minty Spire (QoL Compilation)","Random Character Button","Relic Sorter","Relic Stats","Reliquary","Replay The Spire","Robot Space Explorer","StSLib","The Blue Laboratory","The Jungle","The Servant 0.9.4","Wandering Minibosses"],"gold_per_floor":[114,134,153,170,187,187,214,214,214,229,229,229,66,78,78,78,78],"floor_reached":16,"language":"ENG","playtime":669,"items_purged":["hermit:RoundhouseKick"],"score":114,"play_id":"4d8885ce-5e7e-4402-9312-f3e983e2374f","local_time":"20210214030326","is_ascension_mode":true,"campfire_choices":[{"data":"hermit:HighCaliber","floor":6,"key":"SMITH"},{"data":"hermit:Cheat","floor":12,"key":"SMITH"},{"floor":15,"key":"REST"}],"circlet_count":0,"master_deck":["hermit:Strike_Hermit","hermit:Strike_Hermit","hermit:Strike_Hermit","hermit:Strike_Hermit","hermit:Defend_Hermit","hermit:Defend_Hermit","hermit:Defend_Hermit","hermit:Defend_Hermit","hermit:Snapshot","hermit:Covet","AbeCurse","hermit:Brawl","hermit:HighCaliber+1","hermit:CalledShot","hermit:LowProfile","hermit:Cheat+1","hermit:LuckOfTheDraw","hermit:HighCaliber","hermit:BodyArmor"],"relics":["Abe\u0027s Treasure","hubris:CuriousFeather","infinitespire:Eraser"],"acts_visited":["Exordium"],"potions_floor_usage":[16],"damage_taken":[{"damage":4,"enemies":"Cultist","floor":1,"turns":4},{"damage":2,"enemies":"Jaw Worm","floor":2,"turns":3},{"damage":0,"enemies":"2 Louse","floor":3,"turns":2},{"damage":11,"enemies":"Gremlin Gang","floor":4,"turns":5},{"damage":13,"enemies":"3 Louse","floor":5,"turns":2},{"damage":21,"enemies":"3 Sentries","floor":7,"turns":6},{"damage":3,"enemies":"2 Fungi Beasts","floor":10,"turns":3},{"damage":8,"enemies":"Large Slime","floor":14,"turns":5},{"damage":38,"enemies":"Hexaghost","floor":16,"turns":9}],"seed_played":"7447414877037238115","potions_obtained":[{"floor":5,"key":"blueLaboratory:PolymorphPotion"},{"floor":7,"key":"SteroidPotion"},{"floor":10,"key":"Strength Potion"}],"is_trial":false,"path_per_floor":["M","M","M","M","M","R","E","$","T","M","?","R","$","M","R","B"],"character_chosen":"HERMIT","items_purchased":["hermit:LuckOfTheDraw","hermit:HighCaliber"],"campfire_rested":1,"item_purchase_floors":[13,13],"current_hp_per_floor":[71,69,69,58,45,45,24,24,24,21,21,21,21,13,35,0,0],"gold":78,"neow_bonus":"BOSS_RELIC","is_daily":false,"chose_seed":false,"campfire_upgraded":2,"win_rate":0.0,"timestamp":1613293406,"path_taken":["M","?","M","M","M","R","E","$","T","M","?","R","$","M","R","BOSS"],"items_purchased_type":["Card","Card"],"build_version":"2020-12-22","purchased_purges":1,"victory":false,"max_hp_per_floor":[75,75,75,75,75,75,75,75,75,75,75,75,75,75,75,75,75],"relic_stats":{"counters":[9,39],"obtain_stats":[{"hubris:CuriousFeather":7,"infinitespire:Eraser":9,"hermit:Momento":0,"Abe\u0027s Treasure":0},{"hubris:CuriousFeather":6,"infinitespire:Eraser":6,"hermit:Momento":0,"Abe\u0027s Treasure":0},{"hubris:CuriousFeather":22,"infinitespire:Eraser":22,"hermit:Momento":0,"Abe\u0027s Treasure":0}]},"card_choices":[{"not_picked":["hermit:Midnight","hermit:Glare"],"picked":"hermit:Brawl","floor":1},{"not_picked":["hermit:TakeAim","hermit:Vantage"],"picked":"hermit:HighCaliber","floor":2},{"not_picked":["hermit:Horror","hermit:TrackingShot"],"picked":"hermit:CalledShot","floor":3},{"not_picked":["hermit:HoleUp","hermit:ItchyTrigger","hermit:Spite"],"picked":"SKIP","floor":4},{"not_picked":["hermit:Desperado","hermit:Ricochet"],"picked":"hermit:RoundhouseKick","floor":5},{"not_picked":["hermit:Ricochet","hermit:Headshot"],"picked":"hermit:LowProfile","floor":7},{"not_picked":["hermit:Ricochet","hermit:Desperado"],"picked":"hermit:Cheat","floor":10},{"not_picked":["hermit:WideOpen","hermit:Deadeye"],"picked":"hermit:BodyArmor","floor":14}],"player_experience":359733,"relics_obtained":[{"floor":7,"key":"hubris:CuriousFeather"},{"floor":9,"key":"infinitespire:Eraser"}],"event_choices":[{"damage_healed":0,"gold_gain":0,"player_choice":"Ignored","damage_taken":0,"max_hp_gain":0,"max_hp_loss":0,"event_name":"Liars Game","floor":11,"gold_loss":0}],"is_beta":false,"boss_relics":[],"items_purged_floors":[13],"is_endless":false,"potions_floor_spawned":[5,7,10],"killed_by":"Hexaghost","ascension_level":2}}