{"host":"1ftto2vaskemldx8","time":1613327721,"event":{"mods":["BaseMod","Minty Spire (QoL Compilation)","Replay The Spire","StSLib","Together in Spire","[功能]功能增强和修复MOD"],"gold_per_floor":[119,119,47,91,105,134,134,146,146,146,103,123,134,167,167,268,268,278,278,138,138,152,152,152,180,180,180,180,193,221,154,154,250,250,265,71,121,139,71,71,84,119,119,119,130,27,55,89,89,89],"floor_reached":51,"language":"ZHS","playtime":11295,"items_purged":["Strike_B","Defend_B","Defend_B","Bite","Bite","BasicCrystalCard","Zap","Dualcast","Defend_B+1","Panic Button","Bite","Sweeping Beam","Auto Shields+1","Conserve Battery"],"score":1076,"play_id":"3ae980ed-f45d-41c9-ba92-081fea72b000","local_time":"20210215023521","is_ascension_mode":false,"campfire_choices":[{"data":"ReplayTheSpireMod:Private Reserves","floor":7.0,"key":"SMITH"},{"data":"Hologram","floor":10.0,"key":"SMITH"},{"floor":15.0,"key":"DIG"},{"data":"Hologram","floor":23.0,"key":"SMITH"},{"data":"Secret Technique","floor":32.0,"key":"SMITH"},{"data":"Reboot","floor":40.0,"key":"SMITH"},{"data":"Reboot","floor":44.0,"key":"SMITH"}],"circlet_count":0,"master_deck":["ReplayTheSpireMod:Private Reserves+1","Scrape","Hologram+1","Scrape","Gash","Secret Technique+1","Beam Cell","Hologram+1","Steam Power","BootSequence","Steam+1","Auto Shields+1","Bite","Bite","Swift Strike","Beam Cell","Conserve Battery+1","Gash","Reboot+1","Gash","Master of Strategy","Seek+1","AbeCurse","Transmutation","Jack Of All Trades","Steam Power+1","Gash+1","Panic Button+1","Reboot+1","Panic Button+1","Gash","Scrape","Scrape","Hologram","Specialist"],"relics":["Cracked Core","Vajra","Simple Rune","Sling","Letter Opener","Replay:WaspNest","ReplayTheSpireMod:Shallot","Juzu Bracelet","Onion Ring","ChewingGum","Prayer Wheel","Divine Protection","Meat on the Bone","Boot","Unceasing Top","Replay:Baseball","Abe\u0027s Treasure","Toolbox","Nunchaku","Counterbalance","FossilizedHelix","War Paint","Orrery","Incense Burner","Shuriken","BargainBundle","ReplayTheSpireMod:Ninjato","Toy Ornithopter"],"acts_visited":["Exordium","TheCity","TheBeyond"],"potions_floor_usage":[47,50,50,50,50],"damage_taken":[{"damage":1.0,"enemies":"Cultist","floor":1.0,"turns":3.0},{"damage":3.0,"enemies":"Small Slimes","floor":5.0,"turns":3.0},{"damage":2.0,"enemies":"Lagavulin","floor":6.0,"turns":5.0},{"damage":3.0,"enemies":"Jaw Worm","floor":8.0,"turns":2.0},{"damage":0.0,"enemies":"3 Louse","floor":12.0,"turns":1.0},{"damage":0.0,"enemies":"Large Slime","floor":13.0,"turns":2.0},{"damage":0.0,"enemies":"Gremlin Nob","floor":14.0,"turns":2.0},{"damage":29.0,"enemies":"Hexaghost","floor":16.0,"turns":5.0},{"damage":13.0,"enemies":"Shell Parasite","floor":18.0,"turns":3.0},{"damage":0.0,"enemies":"Chosen","floor":22.0,"turns":3.0},{"damage":0.0,"enemies":"Replay:Snechameleon","floor":25.0,"turns":2.0},{"damage":0.0,"enemies":"Centurion and Healer","floor":29.0,"turns":2.0},{"damage":0.0,"enemies":"Slavers","floor":30.0,"turns":4.0},{"damage":0.0,"enemies":"Collector","floor":33.0,"turns":6.0},{"damage":0.0,"enemies":"3 Shapes","floor":35.0,"turns":3.0},{"damage":0.0,"enemies":"Mind Bloom Boss Battle","floor":37.0,"turns":2.0},{"damage":0.0,"enemies":"3 Darklings","floor":38.0,"turns":1.0},{"damage":0.0,"enemies":"Transient","floor":41.0,"turns":5.0},{"damage":0.0,"enemies":"Reptomancer","floor":42.0,"turns":2.0},{"damage":0.0,"enemies":"Writhing Mass","floor":45.0,"turns":2.0},{"damage":0,"enemies":"R_Hoarder","floor":47,"turns":3},{"damage":0,"enemies":"Sphere and 2 Shapes","floor":48,"turns":1},{"damage":0,"enemies":"Awakened One","floor":50,"turns":2}],"seed_played":"-2560153040589105388","potions_obtained":[{"floor":1.0,"key":"Explosive Potion"},{"floor":4.0,"key":"Block Potion"},{"floor":6.0,"key":"EntropicBrew"},{"floor":6.0,"key":"SkillPotion"},{"floor":8.0,"key":"Regen Potion"},{"floor":12.0,"key":"Adrenaline Potion"},{"floor":13.0,"key":"FearPotion"},{"floor":14.0,"key":"CultistPotion"},{"floor":18.0,"key":"Toxic Potion"},{"floor":18.0,"key":"SneckoOil"},{"floor":22.0,"key":"Elixir"},{"floor":29.0,"key":"Block Potion"},{"floor":30.0,"key":"Energy Potion"},{"floor":37.0,"key":"Venom Potion"},{"floor":38.0,"key":"Block Potion"},{"floor":41.0,"key":"Swift Potion"},{"floor":42.0,"key":"LiquidBronze"},{"floor":42.0,"key":"FearPotion"},{"floor":47,"key":"LifebloodPotion"}],"is_trial":false,"path_per_floor":["M","T","$","?","M","E","R","M","T","R","$","M","M","E","R","B",null,"M","?","$","?","M","R","?","E","T","?","?","M","E","$","R","B",null,"M","$","?","M","$","R","M","E","T","R","M","$","E","M","R","B",null],"character_chosen":"DEFECT","items_purchased":["ReplayTheSpireMod:Private Reserves","Sling","Scrape","Secret Technique","Beam Cell","Divine Protection","Meat on the Bone","Swift Strike","Beam Cell","Gash","Master of Strategy","Conserve Battery","Transmutation","Toolbox","Nunchaku","Counterbalance","Jack Of All Trades","Steam Power","War Paint","Orrery","BargainBundle","ReplayTheSpireMod:Ninjato","Scrape","Chrysalis"],"campfire_rested":0,"item_purchase_floors":[3,3,3,11,11,20,20,20,20,31,31,31,36,36,36,36,36,36,39,39,46,46,46,46],"current_hp_per_floor":[74,74,74,74,71,69,69,66,66,66,66,66,66,66,66,37,75,62,52,52,52,52,52,52,52,52,52,52,52,52,52,52,52,52,52,52,52,52,52,52,52,52,52,52,52,52,52,52,52,52],"gold":89,"neow_bonus":"RANDOM_COMMON_RELIC","is_daily":false,"chose_seed":false,"campfire_upgraded":6,"win_rate":0.0,"timestamp":1613327721,"path_taken":["M","?","$","?","M","E","R","?","T","R","$","M","M","E","R","BOSS","M","?","$","?","M","R","?","E","T","?","?","M","E","$","R","BOSS","M","$","?","M","$","R","M","E","T","R","M","$","E","M","R","BOSS"],"items_purchased_type":["Card","Relic","Card","Card","Card","Relic","Relic","Card","Card","Card","Card","Card","Card","Relic","Relic","Relic","Card","Card","Relic","Relic","Relic","Relic","Card","Card"],"build_version":"2020-12-22","purchased_purges":14,"victory":true,"max_hp_per_floor":[75,75,75,75,75,75,75,75,75,75,75,75,75,75,75,75,75,75,52,52,52,52,52,52,52,52,52,52,52,52,52,52,52,52,52,52,52,52,52,52,52,52,52,52,52,52,52,52,52,52],"card_choices":[{"not_picked":["Genetic Algorithm","Cold Snap"],"picked":"BasicCrystalCard","floor":1.0},{"not_picked":["Compile Driver","Steam"],"picked":"Hologram","floor":4.0},{"not_picked":["Doom and Gloom","Leap"],"picked":"Scrape","floor":5.0},{"not_picked":["ReplayTheSpireMod:GoodbyeWorld","Stack"],"picked":"Sweeping Beam","floor":6.0},{"not_picked":["BootSequence","Beam Cell"],"picked":"Gash","floor":8.0},{"not_picked":["Amplify","Streamline"],"picked":"Hologram","floor":12.0},{"not_picked":["Static Discharge","Compile Driver"],"picked":"Steam Power","floor":13.0},{"not_picked":["White Noise","Fusion"],"picked":"BootSequence","floor":14.0},{"not_picked":["Multi-Cast","Buffer"],"picked":"ReplayTheSpireMod:Fabricate Wheel","floor":16.0},{"not_picked":["ReplayTheSpireMod:Calculation Training+1","Coolheaded"],"picked":"Steam+1","floor":18.0},{"not_picked":["FIFO Queue","Panic Button"],"picked":"Auto Shields+1","floor":18.0},{"not_picked":["Sweeping Beam","Coolheaded"],"picked":"Conserve Battery+1","floor":22.0},{"not_picked":["Leap","Cold Snap","ReplayTheSpireMod:System Scan+1"],"picked":"SKIP","floor":22.0},{"not_picked":["ReplayTheSpireMod:Reroute Power+1","Beam Cell","Leap"],"picked":"SKIP","floor":25.0},{"not_picked":["Chaos","ReplayTheSpireMod:Calculation Training+1"],"picked":"Auto Shields+1","floor":29.0},{"not_picked":["Rip and Tear","ReplayTheSpireMod:Reroute Power+1","Consume"],"picked":"SKIP","floor":29.0},{"not_picked":["Compile Driver","Stack"],"picked":"Reboot","floor":30.0},{"not_picked":["Biased Cognition","Multi-Cast"],"picked":"Seek","floor":33.0},{"not_picked":["Sweeping Beam","Redo","Lockon"],"picked":"SKIP","floor":35.0},{"not_picked":["BootSequence","Redo+1","Steam+1"],"picked":"SKIP","floor":35.0},{"not_picked":["Panic Button","BootSequence+1"],"picked":"Gash+1","floor":38.0},{"not_picked":["Sweeping Beam","Panic Button+1","Compile Driver+1"],"picked":"SKIP","floor":38.0},{"not_picked":["Sweeping Beam","Compile Driver+1"],"picked":"Panic Button+1","floor":38.0},{"not_picked":["Cold Snap+1","Reinforced Body"],"picked":"Panic Button","floor":39.0},{"not_picked":["Compile Driver+1","BootSequence+1"],"picked":"Reboot","floor":39.0},{"not_picked":["Streamline","Buffer"],"picked":"Panic Button+1","floor":39.0},{"not_picked":["Ball Lightning","Cold Snap+1","Beam Cell+1"],"picked":"SKIP","floor":41.0},{"not_picked":["Barrage","Self Repair+1","Consume"],"picked":"SKIP","floor":41.0},{"not_picked":["Sweeping Beam","ReplayTheSpireMod:Repulse","White Noise"],"picked":"SKIP","floor":42.0},{"not_picked":["Heatsinks","BootSequence"],"picked":"Gash","floor":45.0},{"not_picked":["Chaos","Crystallizer+1","Stack"],"picked":"SKIP","floor":45.0},{"not_picked":["Stack+1","Ball Lightning"],"picked":"Hologram","floor":47},{"not_picked":["Sweeping Beam+1","Doom and Gloom+1","ReplayTheSpireMod:Repulse+1"],"picked":"SKIP","floor":48},{"not_picked":["Coolheaded","Rip and Tear+1","BasicCrystalCard+1"],"picked":"SKIP","floor":48}],"player_experience":87342,"relics_obtained":[{"floor":2.0,"key":"Simple Rune"},{"floor":4.0,"key":"Letter Opener"},{"floor":6.0,"key":"Replay:WaspNest"},{"floor":9.0,"key":"ReplayTheSpireMod:Shallot"},{"floor":14.0,"key":"Juzu Bracelet"},{"floor":15.0,"key":"Onion Ring"},{"floor":25.0,"key":"Boot"},{"floor":26.0,"key":"Unceasing Top"},{"floor":30.0,"key":"Replay:Baseball"},{"floor":37.0,"key":"FossilizedHelix"},{"floor":42.0,"key":"Incense Burner"},{"floor":43.0,"key":"Shuriken"},{"floor":47,"key":"Toy Ornithopter"}],"event_choices":[{"damage_healed":0.0,"max_hp_gain":0.0,"max_hp_loss":23.0,"gold_gain":0.0,"event_name":"Vampires","player_choice":"Became a vampire","floor":19.0,"gold_loss":0.0,"damage_taken":0.0,"cards_obtained":["Bite","Bite","Bite","Bite","Bite"]},{"cards_removed":["Defend_B"],"damage_healed":0.0,"max_hp_gain":0.0,"max_hp_loss":0.0,"gold_gain":0.0,"event_name":"Back to Basics","player_choice":"Elegance","floor":21.0,"gold_loss":0.0,"damage_taken":0.0},{"damage_healed":0.0,"max_hp_gain":0.0,"max_hp_loss":0.0,"gold_gain":0.0,"event_name":"The Library","player_choice":"Read","floor":24.0,"gold_loss":0.0,"damage_taken":0.0,"cards_obtained":["Gash"]},{"damage_healed":0.0,"max_hp_gain":0.0,"max_hp_loss":0.0,"gold_gain":0.0,"event_name":"The Woman in Blue","player_choice":"Bought 0 Potions","floor":28.0,"gold_loss":0.0,"damage_taken":0.0},{"damage_healed":0.0,"max_hp_gain":0.0,"max_hp_loss":0.0,"gold_gain":0.0,"event_name":"MindBloom","player_choice":"Fight","floor":37.0,"gold_loss":0.0,"damage_taken":0.0}],"is_beta":false,"boss_relics":[{"not_picked":["Fusion Hammer","Painkiller Herb"],"picked":"ChewingGum"},{"not_picked":["Astrolabe","Sozu"],"picked":"Abe\u0027s Treasure"}],"items_purged_floors":[3,3,20,20,20,31,31,31,36,39,39,46,46,46],"is_endless":false,"potions_floor_spawned":[1,6,6,6,8,8,12,13,14,18,18,22,29,29,30,30,37,38,41,42,42,45,45,47],"ascension_level":0}}