{"host":"0kwl2uefibxd2nsv","time":1613296174,"event":{"mods":["Act Like it!","Aspiration","BaseMod","Better Note","BetterRewards","DeckTracker","Googly Eyes","Hubris","Jedi Mod","Minty Spire (QoL Compilation)","Reliquary","Shop Mod","StS++","StSLib"],"gold_per_floor":[318,318,318,336,210,210,229,229,252,152,187,187,187,200,200,200,200],"floor_reached":16,"language":"ENG","playtime":330,"items_purged":["Injury","Strike_P"],"score":147,"play_id":"83dbbe39-5b37-4cc4-92ff-216bc8af1798","local_time":"20210214104934","is_ascension_mode":true,"campfire_choices":[{"data":"Eruption","floor":6,"key":"SMITH"},{"floor":8,"key":"REST"},{"floor":13,"key":"REST"},{"data":"Prostrate","floor":15,"key":"SMITH"}],"circlet_count":0,"master_deck":["AscendersBane","Strike_P","Strike_P","Defend_P","Defend_P","Defend_P","Defend_P","Eruption+1","Vigilance","Prostrate+1","BowlingBash","EmptyBody+1","PathToVictory+1","Indignation+1"],"relics":["PureWater","Old Coin","Golden Idol","Toxic Egg 2","Potion Belt","Anchor"],"acts_visited":["Exordium"],"potions_floor_usage":[11,16],"damage_taken":[{"damage":24,"enemies":"Small Slimes","floor":1,"turns":3},{"damage":5,"enemies":"Jaw Worm","floor":4,"turns":5},{"damage":0,"enemies":"Cultist","floor":7,"turns":3},{"damage":25,"enemies":"Gremlin Nob","floor":11,"turns":4},{"damage":4,"enemies":"Red Slaver","floor":14,"turns":6},{"damage":35,"enemies":"The Guardian","floor":16,"turns":4}],"seed_played":"4728256722899801774","potions_obtained":[{"floor":4,"key":"Dexterity Potion"},{"floor":7,"key":"jedi:wingpotion"}],"is_trial":false,"path_per_floor":["M","?","?","M","$","R","M","R","T","$","E","?","R","M","R","B"],"character_chosen":"WATCHER","items_purchased":["PowerPotion"],"campfire_rested":2,"item_purchase_floors":[5],"current_hp_per_floor":[41,23,23,18,18,18,18,39,39,39,14,14,35,31,31,0,0],"gold":200,"neow_bonus":"ONE_RARE_RELIC","is_daily":false,"chose_seed":false,"campfire_upgraded":2,"win_rate":0.0,"timestamp":1613296174,"path_taken":["M","?","?","?","$","R","M","R","T","$","E","?","R","?","R","BOSS"],"items_purchased_type":["Potion"],"build_version":"2020-12-22","purchased_purges":2,"victory":false,"max_hp_per_floor":[72,72,72,72,72,72,72,72,72,72,72,72,72,72,72,72,72],"card_choices":[{"not_picked":["Consecrate","Fasting2"],"picked":"Prostrate","floor":1},{"not_picked":["Halt+1","ClearTheMind+1"],"picked":"BowlingBash","floor":4},{"not_picked":["LessonLearned","Wireheading"],"picked":"EmptyBody+1","floor":7},{"not_picked":["JustLucky","WaveOfTheHand+1"],"picked":"PathToVictory+1","floor":11},{"not_picked":["Pray+1","TalkToTheHand","WindmillStrike"],"picked":"SKIP","floor":14}],"player_experience":2030273,"relics_obtained":[{"floor":9,"key":"Potion Belt"},{"floor":11,"key":"Anchor"}],"event_choices":[{"damage_healed":0,"gold_gain":0,"player_choice":"Take Damage","damage_taken":18,"relics_obtained":["Golden Idol"],"max_hp_gain":0,"max_hp_loss":0,"event_name":"Golden Idol","floor":2,"gold_loss":0},{"damage_healed":0,"gold_gain":0,"cards_transformed":["Strike_P"],"player_choice":"Transformed","damage_taken":0,"max_hp_gain":0,"max_hp_loss":0,"event_name":"Transmorgrifier","floor":12,"gold_loss":0,"cards_obtained":["Indignation"]}],"is_beta":false,"boss_relics":[],"items_purged_floors":[5,10],"is_endless":false,"potions_floor_spawned":[4,7],"killed_by":"The Guardian","ascension_level":10}}