{"host":"2no1vwhhkhf0ohz3","time":1613323542,"event":{"mods":["AchievementEnabler","BaseMod","BetterRewards","Colored Map","DeckTracker","Keyboard Shortcuts","Minty Spire (QoL Compilation)","SuperFastMode"],"gold_per_floor":[118,128,147,97,97,97,127,138,138,138,153,166,166,179,179,281,281,297,307,325,89,89,89,101,101,101,119,137,137,167,85,85,85,85],"floor_reached":33,"language":"KOR","playtime":651,"items_purged":["Choke"],"score":379,"play_id":"aded2de5-d672-4526-92a7-d66238c1c097","local_time":"20210215022542","is_ascension_mode":true,"campfire_choices":[{"data":"Deadly Poison","floor":6,"key":"SMITH"},{"data":"Catalyst","floor":10,"key":"SMITH"},{"data":"Bouncing Flask","floor":13,"key":"SMITH"},{"data":"Noxious Fumes","floor":15,"key":"SMITH"},{"data":"Footwork","floor":23,"key":"SMITH"},{"data":"Crippling Poison","floor":25,"key":"SMITH"},{"floor":29,"key":"REST"},{"floor":32,"key":"REST"}],"circlet_count":0,"master_deck":["Strike_G","Strike_G","Strike_G","Defend_G","Defend_G","Defend_G","Defend_G","Defend_G","Survivor","Neutralize","Quick Slash","Deadly Poison+1","Acrobatics","Catalyst+1","Crippling Poison+1","Bouncing Flask+1","Dash","Noxious Fumes+1","Corpse Explosion","Backflip+1","Footwork+1","Purity","PiercingWail","Footwork"],"relics":["Ring of the Snake","Anchor","Bag of Marbles","Philosopher\u0027s Stone","Nloth\u0027s Gift","Shuriken","Letter Opener"],"acts_visited":["Exordium","TheCity"],"potions_floor_usage":[7,7,24,28,30,33],"damage_taken":[{"damage":0,"enemies":"Jaw Worm","floor":1,"turns":1},{"damage":0,"enemies":"Small Slimes","floor":2,"turns":1},{"damage":0,"enemies":"Cultist","floor":3,"turns":1},{"damage":17,"enemies":"Lagavulin","floor":7,"turns":6},{"damage":10,"enemies":"Gremlin Gang","floor":8,"turns":5},{"damage":0,"enemies":"Large Slime","floor":11,"turns":3},{"damage":0,"enemies":"Red Slaver","floor":12,"turns":2},{"damage":4,"enemies":"3 Louse","floor":14,"turns":2},{"damage":6,"enemies":"The Guardian","floor":16,"turns":5},{"damage":9,"enemies":"3 Byrds","floor":18,"turns":2},{"damage":0,"enemies":"Chosen","floor":19,"turns":3},{"damage":14,"enemies":"3 Cultists","floor":20,"turns":3},{"damage":7,"enemies":"Sentry and Sphere","floor":24,"turns":4},{"damage":24,"enemies":"Shelled Parasite and Fungi","floor":27,"turns":4},{"damage":0,"enemies":"3 Cultists","floor":28,"turns":2},{"damage":12,"enemies":"Book of Stabbing","floor":30,"turns":6},{"damage":44,"enemies":"Automaton","floor":33,"turns":6}],"seed_played":"2149963695218060906","potions_obtained":[{"floor":2,"key":"CultistPotion"},{"floor":3,"key":"GhostInAJar"},{"floor":7,"key":"GamblersBrew"},{"floor":19,"key":"Block Potion"},{"floor":20,"key":"GamblersBrew"},{"floor":28,"key":"ColorlessPotion"}],"is_trial":false,"path_per_floor":["M","M","M","?","?","R","E","M","T","R","M","M","R","M","R","B",null,"M","M","M","$","?","R","M","R","T","M","M","R","E","$","R","B"],"character_chosen":"THE_SILENT","items_purchased":["Footwork","Purity","Footwork"],"campfire_rested":2,"item_purchase_floors":[21,21,31],"current_hp_per_floor":[63,63,63,63,63,63,46,36,36,36,36,36,36,32,32,26,59,50,50,36,36,36,36,29,29,29,5,5,26,14,14,35,0,0],"gold":85,"neow_bonus":"THREE_ENEMY_KILL","is_daily":false,"chose_seed":false,"campfire_upgraded":6,"win_rate":0.0,"timestamp":1613323542,"path_taken":["M","M","M","?","?","R","E","?","T","R","?","M","R","M","R","BOSS","M","M","M","$","?","R","M","R","T","?","M","R","E","$","R","BOSS"],"items_purchased_type":["Card","Card","Card"],"build_version":"2020-12-22","purchased_purges":1,"victory":false,"max_hp_per_floor":[70,70,70,70,70,70,70,70,70,70,70,70,70,70,70,70,70,70,70,70,70,70,70,70,70,70,70,70,70,70,70,70,70,70],"card_choices":[{"not_picked":["Sucker Punch","Underhanded Strike"],"picked":"Quick Slash","floor":1},{"not_picked":["Underhanded Strike","Deflect"],"picked":"Deadly Poison","floor":2},{"not_picked":["Blur","Setup"],"picked":"Acrobatics","floor":3},{"not_picked":["Outmaneuver","Flying Knee"],"picked":"Catalyst","floor":7},{"not_picked":["Tactician","Calculated Gamble"],"picked":"Crippling Poison","floor":8},{"not_picked":["Endless Agony","Bane"],"picked":"Bouncing Flask","floor":11},{"not_picked":["Deflect","Blade Dance"],"picked":"Dash","floor":12},{"not_picked":["Flying Knee","Night Terror"],"picked":"Noxious Fumes","floor":14},{"not_picked":["A Thousand Cuts","Die Die Die"],"picked":"Corpse Explosion","floor":16},{"not_picked":["Slice","Noxious Fumes+1","Endless Agony"],"picked":"SKIP","floor":18},{"not_picked":["Flying Knee","Backstab","Underhanded Strike+1"],"picked":"SKIP","floor":19},{"not_picked":["Prepared","Deflect"],"picked":"Backflip+1","floor":20},{"not_picked":["Quick Slash","Calculated Gamble"],"picked":"PiercingWail","floor":24},{"not_picked":["Backstab","Deadly Poison","Leg Sweep"],"picked":"SKIP","floor":27},{"not_picked":["Underhanded Strike+1","Quick Slash+1","Acrobatics"],"picked":"SKIP","floor":28},{"not_picked":["Infinite Blades","Storm of Steel","Expertise+1"],"picked":"SKIP","floor":30}],"player_experience":296993,"relics_obtained":[{"floor":7,"key":"Anchor"},{"floor":9,"key":"Bag of Marbles"},{"floor":26,"key":"Shuriken"},{"floor":30,"key":"Letter Opener"}],"event_choices":[{"cards_removed":["Strike_G"],"damage_healed":0,"gold_gain":0,"player_choice":"Card Removal","damage_taken":0,"max_hp_gain":0,"max_hp_loss":0,"event_name":"The Cleric","floor":4,"gold_loss":50},{"damage_healed":0,"gold_gain":0,"cards_transformed":["Strike_G"],"player_choice":"Transformed","damage_taken":0,"max_hp_gain":0,"max_hp_loss":0,"event_name":"Transmorgrifier","floor":5,"gold_loss":0,"cards_obtained":["Choke"]},{"damage_healed":0,"gold_gain":0,"player_choice":"Traded Relic","damage_taken":0,"relics_obtained":["Nloth\u0027s Gift"],"max_hp_gain":0,"max_hp_loss":0,"event_name":"N\u0027loth","floor":22,"relics_lost":["NeowsBlessing"],"gold_loss":0}],"is_beta":false,"boss_relics":[{"not_picked":["Calling Bell","Snecko Eye"],"picked":"Philosopher\u0027s Stone"}],"items_purged_floors":[21],"is_endless":false,"potions_floor_spawned":[2,3,7,19,20,28],"killed_by":"Automaton","ascension_level":8}}