{"host":"vld99k9l4elccfy8","time":1613289072,"event":{"mods":["AchievementEnabler","BaseMod","Bestiary","Block Reminder","Colored Map","Colored Powertips","Custom Start","Highlight Path","Minty Spire (QoL Compilation)","Permanent Neow","Rare Cards Sparkle"],"gold_per_floor":[118,82,257,274,274,308,308,327,327,38,56,56,6,6,6,111,111,122,122,82,101,101,101,101,101,151,55,69,69,69,69,69,165,165,184,196,196,246,246,246],"floor_reached":39,"language":"ENG","playtime":14061,"items_purged":[],"score":373,"play_id":"b60d1eb2-aae6-4f13-8ad4-595b883b50d0","local_time":"20210214005112","is_ascension_mode":false,"campfire_choices":[{"floor":7.0,"key":"REST"},{"floor":15.0,"key":"REST"},{"floor":23.0,"key":"RECALL"},{"data":"Noxious Fumes","floor":25.0,"key":"SMITH"},{"floor":30.0,"key":"REST"},{"data":"Bouncing Flask","floor":32.0,"key":"SMITH"}],"circlet_count":0,"master_deck":["Strike_G","Strike_G+1","Strike_G","Strike_G","Strike_G","Defend_G","Defend_G","Defend_G","Defend_G","Defend_G","Survivor","Neutralize","Bandage Up+1","Poisoned Stab","Caltrops","Terror","Infinite Blades","Doppelganger","Blade Dance","PiercingWail","Wraith Form v2+1","Deadly Poison","Noxious Fumes+1","Bouncing Flask+1","Deadly Poison+1","Envenom","CurseOfTheBell","Sucker Punch+1","Burst","Writhe","Slice+1"],"relics":["Ring of the Snake","StrikeDummy","Paper Crane","Ninja Scroll","WristBlade","Calling Bell","Bronze Scales","Molten Egg 2","Ice Cream","Tough Bandages"],"acts_visited":["Exordium","TheCity","TheBeyond"],"potions_floor_usage":[],"damage_taken":[{"damage":1.0,"enemies":"2 Louse","floor":1.0,"turns":4.0},{"damage":0.0,"enemies":"Jaw Worm","floor":4.0,"turns":4.0},{"damage":47.0,"enemies":"Lagavulin","floor":6.0,"turns":9.0},{"damage":0.0,"enemies":"Small Slimes","floor":8.0,"turns":3.0},{"damage":2.0,"enemies":"Blue Slaver","floor":11.0,"turns":4.0},{"damage":39.0,"enemies":"The Guardian","floor":16.0,"turns":11.0},{"damage":7.0,"enemies":"2 Thieves","floor":18.0,"turns":4.0},{"damage":8.0,"enemies":"Shell Parasite","floor":21.0,"turns":5.0},{"damage":34.0,"enemies":"Sentry and Sphere","floor":28.0,"turns":5.0},{"damage":8.0,"enemies":"Colosseum Slavers","floor":29.0,"turns":4.0},{"damage":104.0,"enemies":"Automaton","floor":33.0,"turns":8.0},{"damage":27.0,"enemies":"3 Darklings","floor":35.0,"turns":5.0},{"damage":23.0,"enemies":"Orb Walker","floor":36.0,"turns":3.0},{"damage":30,"enemies":"Mind Bloom Boss Battle","floor":38,"turns":8},{"damage":27,"enemies":"Jaw Worm Horde","floor":39,"turns":3}],"seed_played":"2804595388054924045","potions_obtained":[{"floor":6.0,"key":"SteroidPotion"},{"floor":11.0,"key":"Swift Potion"}],"is_trial":false,"path_per_floor":["M","$","?","M","?","E","R","M","T","$","M","$","?","$","R","B",null,"M","?","?","M","$","R","?","R","T","$","M","?","R","$","R","B",null,"M","M","?","?","M"],"character_chosen":"THE_SILENT","items_purchased":["Caltrops","Ninja Scroll","Blade Dance","FairyPotion"],"campfire_rested":3,"item_purchase_floors":[2,10,10,27],"current_hp_per_floor":[70,70,70,70,56,15,36,42,42,42,46,46,46,46,67,34,70,63,63,63,61,61,61,61,61,61,61,33,31,52,52,52,21,70,43,26,44,20,0,0],"gold":246,"neow_bonus":"RANDOM_COLORLESS","is_daily":false,"chose_seed":false,"campfire_upgraded":2,"win_rate":0.0,"timestamp":1613289072,"path_taken":["M","$","?","M","?","E","R","M","T","?","M","$","?","$","R","BOSS","M","?","?","?","$","R","?","R","T","$","M","?","R","?","R","BOSS","M","?","?","?","M"],"items_purchased_type":["Card","Relic","Card","Potion"],"build_version":"2020-12-22","purchased_purges":0,"victory":false,"max_hp_per_floor":[70,70,70,70,70,70,70,70,70,70,70,70,70,70,70,70,70,70,70,70,70,70,70,70,70,70,70,70,70,70,70,70,70,70,70,70,70,70,70,70],"card_choices":[{"not_picked":["Blind","Impatience"],"picked":"Bandage Up","floor":0.0},{"not_picked":["Sucker Punch","Cloak And Dagger"],"picked":"Poisoned Stab","floor":1.0},{"not_picked":["Outmaneuver","PiercingWail"],"picked":"Terror","floor":4.0},{"not_picked":["Endless Agony","Poisoned Stab"],"picked":"Infinite Blades","floor":6.0},{"not_picked":["Flechettes","Poisoned Stab"],"picked":"Doppelganger","floor":8.0},{"not_picked":["Quick Slash","Choke"],"picked":"PiercingWail","floor":11.0},{"not_picked":["Night Terror","Bullet Time"],"picked":"Wraith Form v2","floor":16.0},{"not_picked":["Slice+1","Concentrate+1"],"picked":"Deadly Poison","floor":18.0},{"not_picked":["Acrobatics+1","Dash"],"picked":"Noxious Fumes","floor":21.0},{"not_picked":["Backflip","Cloak And Dagger"],"picked":"Deadly Poison+1","floor":28.0},{"not_picked":["Bullet Time","Grand Finale"],"picked":"Envenom","floor":33.0},{"not_picked":["Quick Slash+1","Slice+1"],"picked":"Sucker Punch+1","floor":35.0},{"not_picked":["Reflex+1","Deadly Poison"],"picked":"Burst","floor":36.0},{"not_picked":["Backflip+1","Deflect"],"picked":"Slice+1","floor":38}],"player_experience":405368,"relics_obtained":[{"floor":6.0,"key":"StrikeDummy"},{"floor":9.0,"key":"Paper Crane"},{"floor":34.0,"key":"Bronze Scales"},{"floor":34.0,"key":"Molten Egg 2"},{"floor":34.0,"key":"Ice Cream"},{"floor":38,"key":"Tough Bandages"}],"event_choices":[{"damage_healed":0.0,"max_hp_gain":0.0,"max_hp_loss":0.0,"gold_gain":175.0,"event_name":"Liars Game","player_choice":"AGREE","floor":3.0,"gold_loss":0.0,"damage_taken":0.0,"cards_obtained":["Doubt"]},{"damage_healed":0.0,"max_hp_gain":0.0,"max_hp_loss":0.0,"gold_gain":0.0,"event_name":"Shining Light","player_choice":"Entered Light","floor":5.0,"gold_loss":0.0,"damage_taken":14.0,"cards_upgraded":["Bandage Up","Strike_G"]},{"cards_removed":["Doubt"],"damage_healed":0.0,"max_hp_gain":0.0,"max_hp_loss":0.0,"gold_gain":0.0,"event_name":"The Cleric","player_choice":"Card Removal","floor":13.0,"gold_loss":50.0,"damage_taken":0.0},{"damage_healed":0.0,"max_hp_gain":0.0,"max_hp_loss":0.0,"gold_gain":0.0,"event_name":"Ghosts","player_choice":"Ignored","floor":19.0,"gold_loss":0.0,"damage_taken":0.0},{"damage_healed":0.0,"max_hp_gain":0.0,"max_hp_loss":0.0,"gold_gain":0.0,"event_name":"Designer","player_choice":"Upgrade","floor":20.0,"gold_loss":40.0,"damage_taken":0.0,"cards_upgraded":["Wraith Form v2"]},{"damage_healed":0.0,"max_hp_gain":0.0,"max_hp_loss":0.0,"gold_gain":0.0,"event_name":"The Library","player_choice":"Read","floor":24.0,"gold_loss":0.0,"damage_taken":0.0,"cards_obtained":["Bouncing Flask"]},{"damage_healed":0.0,"max_hp_gain":0.0,"max_hp_loss":0.0,"gold_gain":0.0,"event_name":"Colosseum","player_choice":"Fight","floor":29.0,"gold_loss":0.0,"damage_taken":0.0},{"damage_healed":0.0,"max_hp_gain":0.0,"max_hp_loss":0.0,"gold_gain":0.0,"event_name":"Colosseum","player_choice":"Fled From Nobs","floor":29.0,"gold_loss":0.0,"damage_taken":0.0},{"damage_healed":18.0,"max_hp_gain":0.0,"max_hp_loss":0.0,"gold_gain":0.0,"event_name":"Winding Halls","player_choice":"Writhe","floor":37.0,"gold_loss":0.0,"damage_taken":0.0,"cards_obtained":["Writhe"]},{"damage_healed":0,"gold_gain":0,"player_choice":"Fight","damage_taken":0,"max_hp_gain":0,"max_hp_loss":0,"event_name":"MindBloom","floor":38,"gold_loss":0}],"is_beta":false,"boss_relics":[{"not_picked":["Fusion Hammer","Ectoplasm"],"picked":"WristBlade"},{"not_picked":["Philosopher\u0027s Stone","Runic Dome"],"picked":"Calling Bell"}],"items_purged_floors":[],"is_endless":false,"potions_floor_spawned":[6,11,29],"killed_by":"Jaw Worm Horde","ascension_level":0}}