{"host":"166mvycy0az0i7z6","time":1613291178,"event":{"mods":["AchievementEnabler","Aspiration","Astrologer","Bard","BaseMod","Beaked The Cultist","Bestiary","Better Altar","Better Third Choice","BetterRewards","Challenge The Spire","Conspire","DeckTracker","Downfall","Fox Events","Halation","Hermit","Hubris","Luminous","Minty Spire (QoL Compilation)","Relic Filter","Relic Stats","Reliquary","Replay The Spire","Shop Mod","StSLib","The Sage","TheVacant"],"gold_per_floor":[119,139,159,159,159,159,21,21,46,58,58,75,75,25,25,121,121,133,133,153,166,166,166,4,4,4],"floor_reached":25,"language":"ENG","playtime":1366,"items_purged":[],"score":216,"play_id":"2c579f2d-4df4-4008-812a-1a1ad779a76f","local_time":"20210214192618","is_ascension_mode":false,"campfire_choices":[{"data":"astrologer:NorthStar","floor":6,"key":"SMITH"},{"data":"astrologer:TheDevil","floor":8,"key":"SMITH"},{"data":"astrologer:TheFool","floor":11,"key":"SMITH"},{"floor":15,"key":"REST"},{"floor":23,"key":"REST"}],"circlet_count":0,"master_deck":["astrologer:Strike","astrologer:Strike","astrologer:Strike","astrologer:Strike","astrologer:Defend","astrologer:Defend","astrologer:Defend","astrologer:Defend","astrologer:NorthStar+1","astrologer:TheFool+1","astrologer:Quincunx","astrologer:Moonlight","astrologer:TheDevil+1","Pain","astrologer:Opposition","astrologer:Cataclysm","astrologer:TheHighPriestess","astrologer:FrozenStar","astrologer:SolarFlare","astrologer:TheChariot","astrologer:Opposition+1","astrologer:StarOfCourage","astrologer:CosmicExpanse+1","astrologer:Stardust"],"relics":["astrologer:SkyMirror","hubris:Towel","reliquary:TuningFork","ReplayTheSpireMod:CursedCoin","Pen Nib","Replay:Bronze Core","Juzu Bracelet"],"acts_visited":["Exordium","TheCity"],"potions_floor_usage":[16,16,24,25,25],"damage_taken":[{"damage":0,"enemies":"conspire:RoseBush","floor":1,"turns":3},{"damage":0,"enemies":"Cultist","floor":2,"turns":4},{"damage":0,"enemies":"2 Louse","floor":3,"turns":4},{"damage":20,"enemies":"Exordium Thugs","floor":10,"turns":4},{"damage":7,"enemies":"conspire:2 RoseBushes","floor":12,"turns":4},{"damage":25,"enemies":"Hexaghost","floor":16,"turns":8},{"damage":29,"enemies":"3 Byrds","floor":18,"turns":7},{"damage":13,"enemies":"Shell Parasite","floor":20,"turns":7},{"damage":26,"enemies":"conspire:HollyBat","floor":21,"turns":8},{"damage":33,"enemies":"Slavers","floor":25,"turns":2}],"seed_played":"-7745745583134002307","potions_obtained":[{"floor":2,"key":"sagemod:Wine"},{"floor":3,"key":"Ancient Potion"},{"floor":12,"key":"sneckomod:MuddlingPotion"},{"floor":21,"key":"PowerPotion"}],"is_trial":false,"path_per_floor":["M","M","M","?","?","R","$","R","T","M","R","M","?","$","R","B",null,"M","?","M","M","?","R","$","E"],"character_chosen":"ASTROLOGER","items_purchased":["ReplayTheSpireMod:CursedCoin","astrologer:Opposition","astrologer:Cataclysm","Doom Potion","astrologer:SolarFlare","Juzu Bracelet","astrologer:Stardust","PowerPotion"],"campfire_rested":2,"item_purchase_floors":[7,7,7,7,14,24,24,24],"current_hp_per_floor":[77,77,77,77,77,77,77,77,77,57,57,50,50,50,73,48,77,48,48,35,9,9,32,32,0,0],"gold":4,"neow_bonus":"TEN_PERCENT_HP_BONUS","is_daily":false,"chose_seed":false,"campfire_upgraded":3,"win_rate":0.0,"timestamp":1613291178,"path_taken":["M","M","M","?","?","R","$","R","T","?","R","M","?","$","R","BOSS","M","?","M","M","?","R","$","E"],"items_purchased_type":["Relic","Card","Card","Potion","Card","Relic","Card","Potion"],"build_version":"2020-12-22","purchased_purges":0,"victory":false,"max_hp_per_floor":[77,77,77,77,77,77,77,77,77,77,77,77,77,77,77,77,77,77,77,77,77,77,77,77,77,77],"relic_stats":{"counters":[10,50],"Pen Nib":[5],"Juzu Bracelet":0,"obtain_stats":[{"ReplayTheSpireMod:CursedCoin":7,"Replay:Bronze Core":17,"astrologer:SkyMirror":0,"Pen Nib":9,"reliquary:TuningFork":5,"Juzu Bracelet":24,"hubris:Towel":4},{"ReplayTheSpireMod:CursedCoin":3,"Replay:Bronze Core":6,"astrologer:SkyMirror":0,"Pen Nib":3,"reliquary:TuningFork":3,"Juzu Bracelet":9,"hubris:Towel":3},{"ReplayTheSpireMod:CursedCoin":11,"Replay:Bronze Core":26,"astrologer:SkyMirror":0,"Pen Nib":11,"reliquary:TuningFork":11,"Juzu Bracelet":48,"hubris:Towel":11}]},"card_choices":[{"not_picked":["astrologer:Moonlight","astrologer:Eclipse"],"picked":"astrologer:Quincunx","floor":1},{"not_picked":["astrologer:CometStrike","astrologer:Stardust"],"picked":"astrologer:Moonlight","floor":2},{"not_picked":["astrologer:TheTower","astrologer:Justice"],"picked":"astrologer:TheDevil","floor":3},{"not_picked":["astrologer:Alignment","astrologer:Conjunction"],"picked":"astrologer:TheHighPriestess","floor":10},{"not_picked":["astrologer:MeteorShower","astrologer:SpaceDust"],"picked":"astrologer:FrozenStar","floor":12},{"not_picked":["astrologer:BlackHole","astrologer:Premonition"],"picked":"astrologer:TheChariot","floor":16},{"not_picked":["astrologer:Moonlight","astrologer:Radiance"],"picked":"astrologer:Opposition+1","floor":18},{"not_picked":["astrologer:SpaceDust","astrologer:Moonlight+1"],"picked":"astrologer:StarOfCourage","floor":20},{"not_picked":["astrologer:SolarFlare","astrologer:Conjunction"],"picked":"astrologer:CosmicExpanse","floor":21}],"player_experience":123002,"relics_obtained":[{"floor":9,"key":"Pen Nib"}],"event_choices":[{"damage_healed":0,"gold_gain":0,"player_choice":"Gave Potion","damage_taken":0,"relics_obtained":["reliquary:TuningFork"],"max_hp_gain":0,"max_hp_loss":0,"event_name":"WeMeetAgain","floor":5,"gold_loss":0},{"damage_healed":0,"gold_gain":0,"player_choice":"Bought 0 Potions","damage_taken":0,"max_hp_gain":0,"max_hp_loss":0,"event_name":"The Woman in Blue","floor":13,"gold_loss":0},{"damage_healed":0,"gold_gain":0,"player_choice":"Ignored","damage_taken":0,"max_hp_gain":0,"max_hp_loss":0,"event_name":"Ghosts","floor":19,"gold_loss":0}],"is_beta":false,"boss_relics":[{"not_picked":["reliquary:RedPaperclip","aspiration:WatcherSkillbook"],"picked":"Replay:Bronze Core"}],"items_purged_floors":[],"is_endless":false,"potions_floor_spawned":[2,3,12,21],"killed_by":"Slavers","ascension_level":0}}