{"host":"eeeqmyc7a1933jos","time":1613334755,"event":{"mods":["2.2 Compatiblity","Act Like it!","BaseMod","CapriCore","Colored Powertips","Conspire","Downfall","Elementarium","Friendly Minions","Gensokyo","GifTheSpireLib","Gremlin Mod","Hallownest","Hermit","Hubris","Infinite Spire","Jorbs\u0027s Wanderer Trilogy","Marisa????????","Mimic Mod","Minty Spire (QoL Compilation)","Pale of the Ancients","Random Character Button","Random Character Mod","Rare Cards Sparkle","Reimu??????","Relic Sorter","Relic Stats","SIMod","StSLib","The Administrix","The Bug Knight","The Disciple","The Dragon Tamer","The Hierophant","The Immortal","The Marked","The Mystic","The Runesmith","The Senshi","The Servant 0.9.4","The Vixen","TheFirefly","Wandering Minibosses"],"gold_per_floor":[144,232,277,277,277,337,337,382,382,32,102,147,192,217,217,517,517,562,169,214,229,274,354,354,354,471,516,606,651,651,696,696,976,976,1021,1066,1066,1066,1091,1181,1226,1271,1308,1308,1308,1353,1398,387,387,357,327,372,372,127,127,102,102,52,52,22],"floor_reached":61,"language":"ENG","playtime":2504,"items_purged":["Strike_Lin:ReiMu","Defend_Lin:ReiMu","Defend_Lin:ReiMu","Strike_Lin:ReiMu","Defend_Lin:ReiMu","hubris:Disease"],"score":1684,"play_id":"e0ed3ee5-d8a2-49cf-9af2-d4d6ce4f2f4d","local_time":"20210214213235","daily_mods":["Cursed Run","Colorless Cards","Midas"],"is_ascension_mode":false,"campfire_choices":[{"floor":15,"key":"REST"},{"floor":24,"key":"REST"},{"floor":32,"key":"REST"},{"floor":45,"key":"REST"},{"floor":49,"key":"REST"},{"floor":55,"key":"REST"},{"floor":57,"key":"REST"}],"circlet_count":0,"master_deck":["Strike_Lin:ReiMu","Strike_Lin:ReiMu","Defend_Lin:ReiMu","NB:ReiMu","Stagnation:ReiMu","Dreaming2:ReiMu+1","PrepareRite:ReiMu","BarrageOfMoneybags:ReiMu","conspire:Banana","infinitespire:Pacifist","OrbThrow:ReiMu","AlertArray:ReiMu","RainPray2:ReiMu+1","hubris:Despair","Free:ReiMu","CareerPray:ReiMu+1","AlertArray:ReiMu","Violence+1","CareerPray:ReiMu+1","OrbThrow:ReiMu","Swift Strike","Dramatic Entrance","Hallownest:curseDreamersLament","LearningPray:ReiMu+1","hubris:Insight+1","OrbThrow:ReiMu","Doubt","Master of Strategy","CurseOfTheBell","OrbThrow:ReiMu+1","Shame","infinitespire:TheBestDefense","CardOfSanctity:ReiMu","Bandage Up+1","Decay","Finesse","AlertArray:ReiMu+1","Gensokyo:MenInBlack","downfall:Icky","Revelation:ReiMu","hubris:EnhanceAbility","Regret"],"relics":["Cursed Key","hubris:Icosahedron","Darkstone Periapt","Du-Vu Doll","Smiling Mask","Happy Flower","infinitespire:FocusingShard","conspire:Boomerang","theSenshi:SpiralHeartMoonRodRelic","sneckomod:SneckoTalon","Guardian:PocketSentry","RuthlessExorcism:ReiMu","conspire:Flyswatter","Slimebound:PreparedRelic","Elementarium:ElementariumTrophy","Calling Bell","Toy Ornithopter","infinitespire:Bottled Soul","infinitespire:CursedDice","Gensokyo:EmptyGrave","Ancient Tea Set","KaguraBell:ReiMu","Gambling Chip","Strange Spoon","CheatingSign:ReiMu","champ:Barbells","TheAbacus","Medical Kit","paleoftheancients:Timepiece","CultistMask","paleoftheancients:SoulOfTheSilent"],"acts_visited":["Exordium","Gensokyo:Gensokyo","Elementarium:Elementarium","Gensokyo:Gensokyoest"],"potions_floor_usage":[6,16,33,40,51,51,51,60],"damage_taken":[{"damage":0,"enemies":"Gensokyo:3_Fairies","floor":1,"turns":6},{"damage":13,"enemies":"conspire:MimicChest","floor":2,"turns":7},{"damage":0,"enemies":"Gensokyo:2_Kodama","floor":3,"turns":3},{"damage":16,"enemies":"Gensokyo:Cirno","floor":6,"turns":6},{"damage":2,"enemies":"Gensokyo:Python","floor":8,"turns":3},{"damage":21,"enemies":"Gensokyo:Aya","floor":11,"turns":4},{"damage":8,"enemies":"Gensokyo:Gryphon_and_Rabbit","floor":12,"turns":5},{"damage":0,"enemies":"Gensokyo:LivingMonolith","floor":13,"turns":2},{"damage":15,"enemies":"Gensokyo:3_Kodama","floor":14,"turns":4},{"damage":0,"enemies":"Gensokyo:Reimu","floor":16,"turns":3},{"damage":15,"enemies":"Elementarium:VoidCorruption","floor":18,"turns":5},{"damage":0,"enemies":"Elementarium:2_ELEMENTALS","floor":20,"turns":2},{"damage":7,"enemies":"Elementarium:STONE_GOLEMS","floor":21,"turns":4},{"damage":8,"enemies":"Elementarium:VoidBeast","floor":22,"turns":3},{"damage":20,"enemies":"Elementarium:ElementalPortal","floor":23,"turns":5},{"damage":0,"enemies":"Elementarium:RubyGolem","floor":26,"turns":3},{"damage":0,"enemies":"Elementarium:RubyGolem","floor":27,"turns":2},{"damage":14,"enemies":"Elementarium:WarGolem","floor":28,"turns":3},{"damage":0,"enemies":"Elementarium:VOID_CORRUPTION_AND_ORB_OF_FIRE","floor":29,"turns":3},{"damage":14,"enemies":"Elementarium:VoidBeast","floor":31,"turns":3},{"damage":15,"enemies":"Elementarium:PHOENIXES","floor":33,"turns":6},{"damage":18,"enemies":"Gensokyo:3_Boulders","floor":35,"turns":3},{"damage":0,"enemies":"Gensokyo:AncientGuardian","floor":36,"turns":1},{"damage":2,"enemies":"Gensokyo:Sharpion","floor":39,"turns":3},{"damage":33,"enemies":"Gensokyo:Marisa","floor":40,"turns":5},{"damage":1,"enemies":"Gensokyo:4_Bats","floor":41,"turns":2},{"damage":0,"enemies":"Gensokyo:SeedOfUnknown","floor":42,"turns":3},{"damage":0,"enemies":"Gensokyo:Sharpion","floor":43,"turns":3},{"damage":0,"enemies":"Gensokyo:Sharpion","floor":46,"turns":2},{"damage":0,"enemies":"Gensokyo:AtlasGolem","floor":47,"turns":2},{"damage":24,"enemies":"Gensokyo:Yuyuko","floor":50,"turns":7},{"damage":211,"enemies":"Gensokyo:Yuyuko","floor":51,"turns":11},{"damage":63,"enemies":"Gensokyo:Yuyuko","floor":52,"turns":6},{"damage":77,"enemies":"Gensokyo:Yuyuko","floor":56,"turns":17},{"damage":201,"enemies":"paleoftheancients:N","floor":60,"turns":15}],"seed_played":"-463004689936713651","potions_obtained":[{"floor":1,"key":"DistilledChaos"},{"floor":11,"key":"Weak Potion"},{"floor":12,"key":"Regen Potion"},{"floor":14,"key":"infinitespire:BlackPotion"},{"floor":16,"key":"Dexterity Potion"},{"floor":33,"key":"SpeedPotion"},{"floor":36,"key":"PinkPotion:ReiMu"},{"floor":40,"key":"conspire:TimeTravelPotion"},{"floor":46,"key":"Guardian:BlockOnCardUsePotion"},{"floor":56,"key":"EssenceOfSteel"}],"is_trial":false,"path_per_floor":["M","?","M","?","$","E","?","M","T","$","E","M","M","M","R","B",null,"M","$","M","M","M","E","R","?","MIM","M","E","M","?","M","R","B",null,"M","M","?","?","M","E","M","M","MIM","?","R","M","M","COS","R","B","M","M","?","$","R","M","R","$","?","B",null],"character_chosen":"REIMU","items_purchased":["conspire:Boomerang","AlertArray:ReiMu","Guardian:PocketSentry","Violence","hubris:EnhanceAbility"],"campfire_rested":7,"item_purchase_floors":[10,19,19,19,54],"current_hp_per_floor":[65,52,52,52,40,24,44,43,49,49,29,26,29,21,43,50,83,71,71,75,73,69,52,78,78,86,88,76,82,82,71,97,93,110,96,98,110,110,111,86,117,118,125,75,112,120,121,121,126,133,134,108,108,108,135,102,136,136,136,104],"gold":22,"neow_bonus":"","is_daily":true,"chose_seed":false,"campfire_upgraded":0,"win_rate":0.0,"timestamp":1613334755,"path_taken":["M","?","M","?","?","E","?","M","T","$","E","M","?","M","R","BOSS","M","$","M","M","M","E","R","?","MIM","M","E","M","?","M","R","BOSS","M","M","?","?","M","E","M","M","MIM","?","R","M","M","COS","R","BOSS","M","M","?","$","R","M","R","$","?","BOSS"],"items_purchased_type":["Relic","Card","Relic","Card","Card"],"build_version":"2020-12-22","purchased_purges":6,"victory":true,"max_hp_per_floor":[65,65,65,65,65,65,65,66,72,72,73,74,75,76,76,83,83,84,84,84,85,87,88,88,88,94,94,94,96,96,97,97,104,110,110,110,122,113,114,115,117,118,125,125,125,125,126,126,126,133,134,135,135,135,135,136,136,136,136,144],"relic_stats":{"Darkstone Periapt":60,"Strange Spoon":[45],"TheAbacus":[42],"Happy Flower":[46],"counters":[35,161],"Gambling Chip":[13],"Cursed Key":3,"Smiling Mask":250,"Medical Kit":[2],"obtain_stats":[{"Darkstone Periapt":0,"KaguraBell:ReiMu":43,"theSenshi:SpiralHeartMoonRodRelic":11,"Cursed Key":0,"Smiling Mask":2,"Ancient Tea Set":40,"hubris:Icosahedron":4,"TheAbacus":48,"infinitespire:Bottled Soul":34,"Gambling Chip":44,"champ:Barbells":48,"Happy Flower":6,"infinitespire:CursedDice":34,"infinitespire:FocusingShard":9,"conspire:Boomerang":10,"Guardian:PocketSentry":19,"sneckomod:SneckoTalon":17,"Medical Kit":48,"Du-Vu Doll":0,"Calling Bell":34,"paleoftheancients:Timepiece":50,"Gensokyo:EmptyGrave":38,"Strange Spoon":48,"Elementarium:ElementariumTrophy":33,"Slimebound:PreparedRelic":28,"CheatingSign:ReiMu":48,"CultistMask":50,"paleoftheancients:SoulOfTheSilent":52,"Toy Ornithopter":34,"RuthlessExorcism:ReiMu":23,"conspire:Flyswatter":26},{"Darkstone Periapt":0,"KaguraBell:ReiMu":28,"theSenshi:SpiralHeartMoonRodRelic":6,"Cursed Key":0,"Smiling Mask":2,"Ancient Tea Set":25,"hubris:Icosahedron":3,"TheAbacus":30,"infinitespire:Bottled Soul":21,"Gambling Chip":28,"champ:Barbells":30,"Happy Flower":4,"infinitespire:CursedDice":21,"infinitespire:FocusingShard":5,"conspire:Boomerang":5,"Guardian:PocketSentry":11,"sneckomod:SneckoTalon":10,"Medical Kit":30,"Du-Vu Doll":0,"Calling Bell":21,"paleoftheancients:Timepiece":31,"Gensokyo:EmptyGrave":23,"Strange Spoon":30,"Elementarium:ElementariumTrophy":21,"Slimebound:PreparedRelic":18,"CheatingSign:ReiMu":30,"CultistMask":31,"paleoftheancients:SoulOfTheSilent":33,"Toy Ornithopter":21,"RuthlessExorcism:ReiMu":15,"conspire:Flyswatter":16},{"Darkstone Periapt":0,"KaguraBell:ReiMu":101,"theSenshi:SpiralHeartMoonRodRelic":29,"Cursed Key":0,"Smiling Mask":13,"Ancient Tea Set":93,"hubris:Icosahedron":16,"TheAbacus":105,"infinitespire:Bottled Soul":81,"Gambling Chip":101,"champ:Barbells":105,"Happy Flower":22,"infinitespire:CursedDice":81,"infinitespire:FocusingShard":25,"conspire:Boomerang":25,"Guardian:PocketSentry":48,"sneckomod:SneckoTalon":43,"Medical Kit":105,"Du-Vu Doll":0,"Calling Bell":81,"paleoftheancients:Timepiece":112,"Gensokyo:EmptyGrave":85,"Strange Spoon":105,"Elementarium:ElementariumTrophy":81,"Slimebound:PreparedRelic":70,"CheatingSign:ReiMu":105,"CultistMask":112,"paleoftheancients:SoulOfTheSilent":129,"Toy Ornithopter":81,"RuthlessExorcism:ReiMu":62,"conspire:Flyswatter":65}],"Toy Ornithopter":20},"card_choices":[{"not_picked":["DoubleButterfly:ReiMu","OrbThrow:ReiMu"],"picked":"Dreaming2:ReiMu","floor":1},{"not_picked":["ManaGlint:ReiMu","Intuition:ReiMu"],"picked":"PrepareRite:ReiMu","floor":2},{"not_picked":["Enchanting:ReiMu","Gathering:ReiMu"],"picked":"BarrageOfMoneybags:ReiMu","floor":3},{"not_picked":["Enlightenment","EmergencyTakeOff:ReiMu"],"picked":"conspire:Banana","floor":6},{"not_picked":["Meditation:ReiMu","PassingAway:ReiMu","SubAcupoint:ReiMu"],"picked":"SKIP","floor":8},{"not_picked":["Meditation:ReiMu","Impatience","KamiSacrifice:ReiMu"],"picked":"SKIP","floor":11},{"not_picked":["hubris:Ssssneak","Conquer:ReiMu"],"picked":"OrbThrow:ReiMu","floor":12},{"not_picked":["OctopathBindingBorder2:ReiMu","AirStrike:ReiMu"],"picked":"AlertArray:ReiMu","floor":13},{"not_picked":["FantasyMoon:ReiMu","Amulet:ReiMu"],"picked":"RainPray2:ReiMu","floor":14},{"not_picked":["KamiRite:ReiMu","Master of Strategy"],"picked":"Free:ReiMu","floor":16},{"not_picked":["PrepareRite:ReiMu","Conquer:ReiMu+1"],"picked":"CareerPray:ReiMu","floor":18},{"not_picked":["ManaGlint:ReiMu","SpreadBorder2:ReiMu"],"picked":"CareerPray:ReiMu","floor":20},{"not_picked":["TightArray:ReiMu","Enchanting:ReiMu+1","SpreadBorder2:ReiMu+1"],"picked":"SKIP","floor":21},{"not_picked":["SpreadBorder2:ReiMu","Enchanting:ReiMu"],"picked":"OrbThrow:ReiMu","floor":22},{"not_picked":["LovePray:ReiMu+1","Meditation:ReiMu+1"],"picked":"Swift Strike","floor":23},{"not_picked":["hubris:Insight","TightArray:ReiMu"],"picked":"LearningPray:ReiMu+1","floor":26},{"not_picked":["DoubleButterfly:ReiMu+1","SubAcupoint:ReiMu"],"picked":"hubris:Insight+1","floor":27},{"not_picked":["EmergencyTakeOff:ReiMu","Enlightenment+1","ShadowOfCrow2:ReiMu"],"picked":"SKIP","floor":28},{"not_picked":["Intuition:ReiMu","Discovery","SpringWay:ReiMu+1"],"picked":"SKIP","floor":29},{"not_picked":["YinYangSign:ReiMu","WonderfulDomain:ReiMu"],"picked":"OrbThrow:ReiMu","floor":31},{"not_picked":["Magnetism","PrayRite:ReiMu"],"picked":"Master of Strategy","floor":33},{"not_picked":["MountainWay:ReiMu","WonderfulDomain:ReiMu"],"picked":"OrbThrow:ReiMu+1","floor":35},{"not_picked":["CareerPray:ReiMu","YinYangSign:ReiMu","PassingAway:ReiMu+1"],"picked":"SKIP","floor":36},{"not_picked":["infinitespire:Fortify","infinitespire:NeuralNetwork"],"picked":"infinitespire:TheBestDefense","floor":37},{"not_picked":["Conquer:ReiMu","TightArray:ReiMu","EmergencyTakeOff:ReiMu+1"],"picked":"SKIP","floor":39},{"not_picked":["FantasyMoon:ReiMu+1","SubcavityInstant:ReiMu+1"],"picked":"CardOfSanctity:ReiMu","floor":40},{"not_picked":["SubcavityInstant:ReiMu+1","Intuition:ReiMu+1","Forethought"],"picked":"SKIP","floor":41},{"not_picked":["Enchanting:ReiMu+1","Intuition:ReiMu"],"picked":"Bandage Up+1","floor":42},{"not_picked":["LovePray:ReiMu+1","YinYangSign:ReiMu+1"],"picked":"Finesse","floor":46},{"not_picked":["EmergencyTakeOff:ReiMu+1","Meditation:ReiMu+1"],"picked":"AlertArray:ReiMu+1","floor":47},{"not_picked":["RainPray2:ReiMu+1","SubAcupoint:ReiMu"],"picked":"Revelation:ReiMu","floor":52},{"not_picked":["TightArray:ReiMu","AlertArray:ReiMu","Gathering:ReiMu"],"picked":"SKIP","floor":56}],"player_experience":1655343,"relics_obtained":[{"floor":2,"key":"Smiling Mask"},{"floor":6,"key":"Happy Flower"},{"floor":9,"key":"infinitespire:FocusingShard"},{"floor":11,"key":"theSenshi:SpiralHeartMoonRodRelic"},{"floor":23,"key":"RuthlessExorcism:ReiMu"},{"floor":26,"key":"conspire:Flyswatter"},{"floor":28,"key":"Slimebound:PreparedRelic"},{"floor":34,"key":"Toy Ornithopter"},{"floor":34,"key":"infinitespire:Bottled Soul"},{"floor":34,"key":"infinitespire:CursedDice"},{"floor":40,"key":"Ancient Tea Set"},{"floor":43,"key":"KaguraBell:ReiMu"},{"floor":52,"key":"paleoftheancients:SoulOfTheSilent"},{"floor":56,"key":"paleoftheancients:SoulOfTheDefect"}],"event_choices":[{"damage_healed":0,"gold_gain":0,"player_choice":"Read","damage_taken":0,"max_hp_gain":0,"max_hp_loss":0,"event_name":"Elementarium:LostScrolls","floor":25,"gold_loss":0,"cards_obtained":["Dramatic Entrance"]},{"damage_healed":0,"gold_gain":0,"player_choice":"Upgraded","damage_taken":0,"max_hp_gain":0,"max_hp_loss":0,"event_name":"Upgrade Shrine","floor":53,"gold_loss":0,"cards_upgraded":["Violence"]}],"is_beta":false,"boss_relics":[{"not_picked":["DonationBox:ReiMu","hubris:CrackedHourglass"],"picked":"sneckomod:SneckoTalon"},{"not_picked":["Fusion Hammer","RedLine:ReiMu"],"picked":"Calling Bell"}],"items_purged_floors":[5,5,10,19,54,58],"is_endless":false,"potions_floor_spawned":[1,11,12,14,16,23,27,29,31,33,36,40,46,56],"ascension_level":0}}