{"host":"rolltorest","time":1613275477,"event":{"mods":["BaseMod","Minty Spire (QoL Compilation)","Relic Stats","Slay the Relics Exporter","StSLib"],"gold_per_floor":[117,117,133,153,203,203,237,237,261,272,272,300,300,331,331,410,410,427,440,456,456,456,456,456,456],"floor_reached":24,"language":"ENG","playtime":1021,"items_purged":[],"score":453,"play_id":"f61aca4c-645e-4466-adde-6b5fdc560e5d","local_time":"20210213200437","is_ascension_mode":true,"campfire_choices":[{"data":"Bouncing Flask","floor":6,"key":"SMITH"},{"floor":8,"key":"REST"},{"data":"Blade Dance","floor":11,"key":"SMITH"},{"data":"Footwork","floor":15,"key":"SMITH"},{"floor":23,"key":"REST"}],"circlet_count":0,"master_deck":["AscendersBane","Defend_G","Defend_G","Defend_G","Defend_G","Defend_G","Survivor","Neutralize","Jack Of All Trades","Choke","Bouncing Flask+1","Footwork+1","Adrenaline","Dagger Spray","Blade Dance+1","Dodge and Roll","Dash","After Image","Leg Sweep","Poisoned Stab","Deflect","Bite","Bite","Bite","Bite","Bite","Accuracy"],"relics":["Ring of the Snake","Dream Catcher","Nunchaku","Bottled Tornado","Omamori","Pantograph","Runic Pyramid"],"acts_visited":["Exordium","TheCity"],"potions_floor_usage":[7,14,14],"damage_taken":[{"damage":0,"enemies":"2 Louse","floor":1,"turns":3},{"damage":1,"enemies":"Cultist","floor":3,"turns":4},{"damage":7,"enemies":"Jaw Worm","floor":4,"turns":4},{"damage":32,"enemies":"3 Sentries","floor":7,"turns":11},{"damage":3,"enemies":"2 Fungi Beasts","floor":10,"turns":4},{"damage":26,"enemies":"Lagavulin","floor":12,"turns":5},{"damage":8,"enemies":"Gremlin Nob","floor":14,"turns":3},{"damage":22,"enemies":"The Guardian","floor":16,"turns":12},{"damage":9,"enemies":"Shell Parasite","floor":18,"turns":8},{"damage":0,"enemies":"Chosen","floor":19,"turns":7},{"damage":27,"enemies":"Snecko","floor":20,"turns":6},{"damage":38,"enemies":"Slavers","floor":24,"turns":10}],"seed_played":"-9047369755270226634","potions_obtained":[{"floor":1,"key":"Weak Potion"},{"floor":3,"key":"Explosive Potion"},{"floor":12,"key":"FearPotion"},{"floor":14,"key":"Swift Potion"},{"floor":20,"key":"DuplicationPotion"}],"is_trial":false,"path_per_floor":["M","$","M","M","?","R","E","R","T","M","R","E","T","E","R","B",null,"M","M","M","?","?","R","E"],"character_chosen":"THE_SILENT","items_purchased":[],"campfire_rested":2,"item_purchase_floors":[],"current_hp_per_floor":[59,59,58,51,51,51,19,38,38,35,35,9,9,1,1,4,51,42,42,15,15,15,28,6,6],"gold":456,"neow_bonus":"RANDOM_COLORLESS","is_daily":false,"chose_seed":false,"campfire_upgraded":3,"win_rate":0.0,"timestamp":1613275477,"path_taken":["M","$","M","M","?","R","E","R","T","?","R","E","?","E","R","BOSS","M","M","M","?","?","R","E"],"items_purchased_type":[],"build_version":"2020-12-18","purchased_purges":0,"victory":false,"max_hp_per_floor":[66,66,66,66,66,66,66,66,66,66,66,66,66,66,66,66,66,66,66,66,46,46,46,46,46],"relic_stats":{"Dream Catcher":2,"Nunchaku":[10],"counters":[12,77],"Pantograph":25,"obtain_stats":[{"Dream Catcher":7,"Nunchaku":9,"Pantograph":14,"Omamori":13,"Bottled Tornado":12,"Ring of the Snake":0,"Runic Pyramid":17},{"Dream Catcher":4,"Nunchaku":4,"Pantograph":7,"Omamori":6,"Bottled Tornado":6,"Ring of the Snake":0,"Runic Pyramid":8},{"Dream Catcher":22,"Nunchaku":22,"Pantograph":34,"Omamori":31,"Bottled Tornado":31,"Ring of the Snake":0,"Runic Pyramid":46}],"Ring of the Snake":[24]},"card_choices":[{"not_picked":["Purity","Madness"],"picked":"Jack Of All Trades","floor":0},{"not_picked":["Cloak And Dagger","Dagger Throw"],"picked":"Choke","floor":1},{"not_picked":["Masterful Stab","Sucker Punch"],"picked":"Bouncing Flask","floor":3},{"not_picked":["Bouncing Flask","Underhanded Strike"],"picked":"Footwork","floor":4},{"not_picked":["Setup","PiercingWail"],"picked":"Adrenaline","floor":7},{"not_picked":["Infinite Blades","Prepared"],"picked":"Dagger Spray","floor":8},{"not_picked":["Infinite Blades","Deflect"],"picked":"Blade Dance","floor":10},{"not_picked":["Storm of Steel","Calculated Gamble"],"picked":"Dodge and Roll","floor":12},{"not_picked":["Acrobatics","Cloak And Dagger"],"picked":"Dash","floor":14},{"not_picked":["Die Die Die","Tools of the Trade"],"picked":"After Image","floor":16},{"not_picked":["Sucker Punch","Dagger Spray"],"picked":"Leg Sweep","floor":18},{"not_picked":["Choke","Bane"],"picked":"Poisoned Stab","floor":19},{"not_picked":["Masterful Stab","Setup"],"picked":"Deflect","floor":20},{"not_picked":["Quick Slash","Slice"],"picked":"Accuracy","floor":23}],"player_experience":1976832,"relics_obtained":[{"floor":7,"key":"Dream Catcher"},{"floor":9,"key":"Nunchaku"},{"floor":12,"key":"Bottled Tornado"},{"floor":13,"key":"Omamori"},{"floor":14,"key":"Pantograph"}],"event_choices":[{"damage_healed":0,"gold_gain":50,"player_choice":"Pray","damage_taken":0,"max_hp_gain":0,"max_hp_loss":0,"event_name":"Golden Shrine","floor":5,"gold_loss":0},{"damage_healed":0,"gold_gain":0,"player_choice":"Became a vampire","damage_taken":0,"max_hp_gain":0,"max_hp_loss":20,"event_name":"Vampires","floor":21,"gold_loss":0,"cards_obtained":["Bite","Bite","Bite","Bite","Bite"]},{"damage_healed":0,"gold_gain":0,"player_choice":"Smashed Altar","damage_taken":0,"max_hp_gain":0,"max_hp_loss":0,"event_name":"Forgotten Altar","floor":22,"gold_loss":0,"cards_obtained":["Decay"]}],"is_beta":true,"boss_relics":[{"not_picked":["Astrolabe","Black Star"],"picked":"Runic Pyramid"}],"items_purged_floors":[],"is_endless":false,"potions_floor_spawned":[1,3,12,14,20],"killed_by":"Slavers","ascension_level":20}}