{"host":"ocll6kdfqxraqtza","time":1613286506,"event":{"mods":["2.2 Compatiblity","Act Like it!","Arknights","Aspiration","BaseMod","Better Third Choice","Gensokyo","Hallownest","Hermit","Hubris","Jorbs\u0027s Wanderer Trilogy","Luminous","Marisa（霧雨　魔理沙）","Minty Spire (QoL Compilation)","Reimu（博??梦）","Reliquary","Replay The Spire","Shade Mod","StSLib","The Alterego","The Bug Knight","The Cursed","The Hierophant","The Marked","The Runesmith","TheBandit","Wandering Minibosses"],"gold_per_floor":[109,109,109,120,135,135,168,168,193,193,118,137,137,37,37,137,137,152,172,572,572,572,572,606,606,606],"floor_reached":25,"language":"ENG","playtime":728,"items_purged":["Strike_R","Strike_R"],"score":236,"play_id":"29c958fc-4436-46a8-8b79-8f70285efa35","local_time":"20210214150826","is_ascension_mode":true,"campfire_choices":[{"data":"Carnage","floor":6.0,"key":"SMITH"},{"data":"hubris:Counter","floor":8.0,"key":"SMITH"},{"data":"Run Through","floor":10.0,"key":"SMITH"},{"data":"Rampage","floor":15.0,"key":"SMITH"},{"data":"Shrug It Off","floor":23.0,"key":"SMITH"}],"circlet_count":0,"master_deck":["Defend_R","Defend_R","Bash+1","Pommel Strike+1","All Out Attack","hubris:Counter+1","hubris:Sniper","Carnage+1","Shrug It Off+1","Run Through+1","Rampage+1","Reaper","Shrug It Off","Sword Boomerang+1","Twin Strike+1","ReplayTheSpireMod:Strike From Hell+1"],"relics":["Burning Blood","Lantern","hubris:SlimyHat","Ooze Armor","Old Coin","Ice Cream","Paper Frog","HornCleat"],"acts_visited":["Gensokyo:Gensokyo","Gensokyo:Gensokyoer"],"potions_floor_usage":[24,25],"damage_taken":[{"damage":6.0,"enemies":"Gensokyo:3_Fairies","floor":1.0,"turns":4.0},{"damage":36.0,"enemies":"Gensokyo:Gryphon","floor":4.0,"turns":8.0},{"damage":0.0,"enemies":"Gensokyo:Python","floor":5.0,"turns":2.0},{"damage":28.0,"enemies":"Gensokyo:Aya","floor":7.0,"turns":5.0},{"damage":12.0,"enemies":"Gensokyo:3_Kodama","floor":12.0,"turns":3.0},{"damage":6.0,"enemies":"Gensokyo:Reimu","floor":16.0,"turns":5.0},{"damage":0.0,"enemies":"Gensokyo:CosmicMonolith","floor":18.0,"turns":2.0},{"damage":4.0,"enemies":"Gensokyo:AngelMirror","floor":19.0,"turns":2.0},{"damage":39.0,"enemies":"Gensokyo:AngelMirror","floor":20.0,"turns":10.0},{"damage":41,"enemies":"Gensokyo:Tenshi","floor":24,"turns":3},{"damage":24,"enemies":"Gensokyo:Wraith","floor":25,"turns":6}],"seed_played":"-2040117447228061955","potions_obtained":[{"floor":7.0,"key":"Block Potion"},{"floor":12.0,"key":"FearPotion"},{"floor":19.0,"key":"PowerPotion"},{"floor":20.0,"key":"SteroidPotion"}],"is_trial":false,"path_per_floor":["M","?","?","M","M","R","E","R","T","R","$","M","?","$","R","B",null,"M","M","?","?","T","R","E","M"],"character_chosen":"IRONCLAD","items_purchased":[],"campfire_rested":0,"item_purchase_floors":[],"current_hp_per_floor":[80,80,80,50,56,56,34,34,34,34,34,28,12,12,12,12,80,80,80,51,51,51,51,16,0,0],"gold":606,"neow_bonus":"UPGRADE_CARD","is_daily":false,"chose_seed":false,"campfire_upgraded":5,"win_rate":0.0,"timestamp":1613286506,"path_taken":["M","?","?","M","?","R","E","R","T","R","$","?","?","?","R","BOSS","M","M","?","?","?","R","E","M"],"items_purchased_type":[],"build_version":"2020-12-22","purchased_purges":2,"victory":false,"max_hp_per_floor":[80,80,80,80,80,80,80,80,80,80,80,80,80,80,80,80,80,80,80,80,80,80,80,80,80,80],"card_choices":[{"not_picked":["True Grit","Thunderclap"],"picked":"Pommel Strike","floor":1.0},{"not_picked":["hubris:ReadiedAction","Cleave"],"picked":"Carnage","floor":4.0},{"not_picked":["Sword Boomerang","Whirlwind"],"picked":"Shrug It Off","floor":5.0},{"not_picked":["Hemokinesis","Heavy Blade"],"picked":"Run Through","floor":7.0},{"not_picked":["Havoc","Replay:Undeath\u0027s Touch"],"picked":"Rampage","floor":12.0},{"not_picked":["Replay:Many Hands","Limit Break"],"picked":"Reaper","floor":16.0},{"not_picked":["Clothesline","Wild Strike"],"picked":"Shrug It Off","floor":18.0},{"not_picked":["Heavy Blade","Warcry"],"picked":"Sword Boomerang+1","floor":19.0},{"not_picked":["ReplayTheSpireMod:Strike From Hell+1","hubris:ReadiedAction"],"picked":"Twin Strike+1","floor":20.0},{"not_picked":["Run Through","Rage"],"picked":"ReplayTheSpireMod:Strike From Hell+1","floor":24}],"player_experience":542704,"relics_obtained":[{"floor":7.0,"key":"Lantern"},{"floor":9.0,"key":"hubris:SlimyHat"},{"floor":20.0,"key":"Old Coin"},{"floor":20.0,"key":"Ice Cream"},{"floor":22.0,"key":"Paper Frog"},{"floor":24,"key":"HornCleat"}],"event_choices":[],"is_beta":false,"boss_relics":[{"not_picked":["aspiration:RitualDagger","Runic Pyramid"],"picked":"Ooze Armor"}],"items_purged_floors":[11,14],"is_endless":false,"potions_floor_spawned":[7,12,19,20],"killed_by":"Gensokyo:Wraith","ascension_level":2}}