{"host":"1avr1135to2copjv","time":1613324401,"event":{"mods":["BaseMod","Colored Map","Colored Powertips","Minty Spire (QoL Compilation)","Relic Stats","StSLib"],"gold_per_floor":[114,132,146,157,176,11,45,58,58,58,134,134,144,160,160,160,160],"floor_reached":16,"language":"ENG","playtime":1355,"items_purged":["Strike_G"],"score":207,"play_id":"36424b5c-a173-4968-aa22-6bc0a62ecc2a","local_time":"20210214204001","is_ascension_mode":true,"campfire_choices":[{"data":"Wraith Form v2","floor":10,"key":"SMITH"},{"data":"Neutralize","floor":12,"key":"SMITH"},{"floor":15,"key":"REST"}],"circlet_count":0,"master_deck":["AscendersBane","Strike_G","Strike_G","Strike_G","Strike_G","Defend_G","Defend_G","Defend_G","Defend_G","Defend_G","Survivor","Neutralize+1","Backflip","PiercingWail","Bane","Poisoned Stab","Wraith Form v2+1","Dash","Blur","Catalyst","Flying Knee","Backflip"],"relics":["Runic Dome","Toy Ornithopter","Bottled Lightning"],"acts_visited":["Exordium"],"potions_floor_usage":[7,7,14],"damage_taken":[{"damage":1,"enemies":"Small Slimes","floor":1,"turns":4},{"damage":0,"enemies":"2 Louse","floor":2,"turns":5},{"damage":4,"enemies":"Jaw Worm","floor":3,"turns":8},{"damage":8,"enemies":"Red Slaver","floor":4,"turns":6},{"damage":20,"enemies":"Large Slime","floor":5,"turns":10},{"damage":28,"enemies":"Lagavulin","floor":7,"turns":9},{"damage":1,"enemies":"Blue Slaver","floor":8,"turns":5},{"damage":3,"enemies":"Exordium Wildlife","floor":13,"turns":5},{"damage":2,"enemies":"Large Slime","floor":14,"turns":9},{"damage":43,"enemies":"The Guardian","floor":16,"turns":12}],"seed_played":"-1566611422266149545","potions_obtained":[{"floor":1,"key":"FairyPotion"},{"floor":3,"key":"EntropicBrew"},{"floor":7,"key":"FearPotion"}],"is_trial":false,"path_per_floor":["M","M","M","M","M","$","E","M","T","R","?","R","M","M","R","B"],"character_chosen":"THE_SILENT","items_purchased":["Dash"],"campfire_rested":1,"item_purchase_floors":[6],"current_hp_per_floor":[58,58,54,46,26,26,19,18,18,18,18,18,15,18,37,0,0],"gold":160,"neow_bonus":"BOSS_RELIC","is_daily":false,"chose_seed":false,"campfire_upgraded":2,"win_rate":0.0,"timestamp":1613324401,"path_taken":["M","M","M","M","M","$","E","M","T","R","?","R","M","M","R","BOSS"],"items_purchased_type":["Card"],"build_version":"2020-12-22","purchased_purges":1,"victory":false,"max_hp_per_floor":[66,66,66,66,66,66,66,66,66,66,66,66,66,66,66,66,66],"relic_stats":{"counters":[10,73],"obtain_stats":[{"Runic Dome":0,"Bottled Lightning":9,"Toy Ornithopter":7,"Ring of the Snake":0},{"Runic Dome":0,"Bottled Lightning":7,"Toy Ornithopter":6,"Ring of the Snake":0},{"Runic Dome":0,"Bottled Lightning":47,"Toy Ornithopter":42,"Ring of the Snake":0}],"Toy Ornithopter":5},"card_choices":[{"not_picked":["Setup","Dodge and Roll"],"picked":"Backflip","floor":1},{"not_picked":["Heel Hook","Dagger Spray"],"picked":"PiercingWail","floor":2},{"not_picked":["Accuracy","Outmaneuver"],"picked":"Bane","floor":3},{"not_picked":["Blade Dance","Bane"],"picked":"Poisoned Stab","floor":4},{"not_picked":["Outmaneuver","Cloak And Dagger"],"picked":"Wraith Form v2","floor":5},{"not_picked":["PiercingWail","Underhanded Strike"],"picked":"Blur","floor":7},{"not_picked":["Dagger Throw","Dodge and Roll"],"picked":"Catalyst","floor":8},{"not_picked":["Escape Plan","Quick Slash"],"picked":"Flying Knee","floor":13},{"not_picked":["Prepared","Deflect"],"picked":"Backflip","floor":14}],"player_experience":1029725,"relics_obtained":[{"floor":7,"key":"Toy Ornithopter"},{"floor":9,"key":"Bottled Lightning"}],"event_choices":[{"damage_healed":0,"gold_gain":76,"player_choice":"Gained Gold","damage_taken":0,"max_hp_gain":0,"max_hp_loss":0,"event_name":"Golden Wing","floor":11,"gold_loss":0}],"is_beta":false,"boss_relics":[],"items_purged_floors":[6],"is_endless":false,"potions_floor_spawned":[1,3,7,8,13],"killed_by":"The Guardian","ascension_level":19}}