{"host":"ow66nzv2xecjoor3","time":1613291399,"event":{"mods":["BaseMod","Bestiary","Block Reminder","Colored Powertips","Curses Come First","Highlight Path","Keyboard Shortcuts","Minty Spire (QoL Compilation)","Permanent Neow","Relic Stats","StSLib","UnlockEverythingMod"],"gold_per_floor":[366,381,392,404,404,404,434,434,434,463,480,480,494,494,494,571,571,585,603,617,628,655,686,686,749,749,749,749,795,250,297,297,369,369,414,461,538,538,623,653,653,718,743,813,859,885,885,109,109,139,139,139,139,95,123,123],"floor_reached":57,"language":"ENG","playtime":3752,"items_purged":["Strike_P","Shame"],"score":3238,"play_id":"34d80662-ade2-4fe7-ba04-793906ca40ea","local_time":"20210214022959","is_ascension_mode":true,"campfire_choices":[{"data":"Vault","floor":6.0,"key":"SMITH"},{"data":"CutThroughFate","floor":8.0,"key":"SMITH"},{"data":"Conclude","floor":12.0,"key":"SMITH"},{"floor":15.0,"key":"REST"},{"data":"Wish","floor":24.0,"key":"SMITH"},{"data":"Protect","floor":27.0,"key":"SMITH"},{"data":"1","floor":32.0,"key":"LIFT"},{"floor":41,"key":"RECALL"},{"data":"2","floor":47,"key":"LIFT"},{"data":"3","floor":49,"key":"LIFT"},{"floor":53,"key":"REST"}],"circlet_count":0,"master_deck":["AscendersBane","Strike_P+1","Strike_P+1","Strike_P+1","Defend_P+1","Defend_P+1","Defend_P+1","Defend_P+1","Eruption+1","Vigilance+1","Crescendo+1","CutThroughFate+1","Vault+1","WheelKick+1","FearNoEvil+1","Conclude+1","Protect+1","LessonLearned+1","Swivel+1","WindmillStrike+1","FearNoEvil+1","Wish+1","Omniscience+1","Meditate+1","WaveOfTheHand+1","Wireheading+1","Vault+1","Worship+1","Vault"],"relics":["PureWater","TeardropLocket","The Courier","Letter Opener","Snecko Eye","Red Mask","Singing Bowl","Akabeko","Gremlin Horn","Girya","Lizard Tail","Cursed Key","Ginger","Pocketwatch","CloakClasp","TungstenRod","Toolbox","Torii","Pantograph","Bronze Scales","Bag of Preparation"],"acts_visited":["Exordium","TheCity","TheBeyond","TheEnding"],"potions_floor_usage":[42,56,56],"damage_taken":[{"damage":10.0,"enemies":"Small Slimes","floor":1.0,"turns":6.0},{"damage":0.0,"enemies":"2 Louse","floor":2.0,"turns":2.0},{"damage":7.0,"enemies":"Jaw Worm","floor":3.0,"turns":3.0},{"damage":0.0,"enemies":"Large Slime","floor":4.0,"turns":4.0},{"damage":16.0,"enemies":"Gremlin Nob","floor":7.0,"turns":3.0},{"damage":0.0,"enemies":"Lagavulin","floor":10.0,"turns":5.0},{"damage":8.0,"enemies":"Blue Slaver","floor":11.0,"turns":3.0},{"damage":0.0,"enemies":"Exordium Wildlife","floor":13.0,"turns":1.0},{"damage":37.0,"enemies":"The Guardian","floor":16.0,"turns":9.0},{"damage":0.0,"enemies":"Spheric Guardian","floor":18.0,"turns":2.0},{"damage":0.0,"enemies":"Chosen","floor":19.0,"turns":2.0},{"damage":1.0,"enemies":"3 Cultists","floor":20.0,"turns":6.0},{"damage":0.0,"enemies":"Centurion and Healer","floor":21.0,"turns":4.0},{"damage":0.0,"enemies":"Masked Bandits","floor":22.0,"turns":2.0},{"damage":0.0,"enemies":"Gremlin Leader","floor":23.0,"turns":4.0},{"damage":10.0,"enemies":"Slavers","floor":25.0,"turns":6.0},{"damage":0.0,"enemies":"Sentry and Sphere","floor":29.0,"turns":4.0},{"damage":0.0,"enemies":"Shelled Parasite and Fungi","floor":31.0,"turns":4.0},{"damage":0.0,"enemies":"Champ","floor":33.0,"turns":16.0},{"damage":0.0,"enemies":"Orb Walker","floor":35.0,"turns":3.0},{"damage":14.0,"enemies":"3 Darklings","floor":36.0,"turns":8.0},{"damage":6.0,"enemies":"4 Shapes","floor":37.0,"turns":7.0},{"damage":0,"enemies":"Mind Bloom Boss Battle","floor":39,"turns":8},{"damage":0,"enemies":"Giant Head","floor":40,"turns":5},{"damage":4,"enemies":"Nemesis","floor":42,"turns":6},{"damage":3,"enemies":"Writhing Mass","floor":44,"turns":7},{"damage":0,"enemies":"Jaw Worm Horde","floor":45,"turns":4},{"damage":0,"enemies":"Giant Head","floor":46,"turns":5},{"damage":0,"enemies":"Donu and Deca","floor":50,"turns":9},{"damage":34,"enemies":"Time Eater","floor":51,"turns":11},{"damage":0,"enemies":"Shield and Spear","floor":55,"turns":4},{"damage":61,"enemies":"The Heart","floor":56,"turns":9}],"seed_played":"2734971418670083712","potions_obtained":[{"floor":2.0,"key":"Ambrosia"},{"floor":7.0,"key":"Regen Potion"},{"floor":10.0,"key":"Fruit Juice"},{"floor":16.0,"key":"Fire Potion"},{"floor":19.0,"key":"Energy Potion"},{"floor":20.0,"key":"Weak Potion"},{"floor":29.0,"key":"LiquidMemories"},{"floor":33.0,"key":"AttackPotion"},{"floor":37.0,"key":"PowerPotion"},{"floor":42,"key":"LiquidBronze"}],"is_trial":false,"path_per_floor":["M","M","M","M","?","R","E","R","T","E","M","R","M","?","R","B",null,"M","M","M","M","?","E","R","E","T","R","?","M","$","M","R","B",null,"M","M","M","?","?","E","R","E","T","M","M","E","R","$","R","B","B",null,"R","$","E","B",null],"character_chosen":"WATCHER","items_purchased":["Girya","Lizard Tail","Toolbox","Torii","Pantograph","Bronze Scales","Strength Potion"],"campfire_rested":2,"item_purchase_floors":[30,30,48,48,48,48,54],"current_hp_per_floor":[33,33,26,26,26,26,10,10,10,24,16,16,16,16,36,4,56,56,56,55,55,55,55,55,47,47,47,47,49,49,51,51,51,72,72,58,54,50,52,52,52,50,50,49,49,49,49,49,49,74,59,85,93,93,93,32],"gold":123,"neow_bonus":"TWO_FIFTY_GOLD","is_daily":false,"chose_seed":false,"campfire_upgraded":5,"win_rate":0.0,"timestamp":1613291399,"path_taken":["M","M","M","M","?","R","E","R","T","E","M","R","M","?","R","BOSS","M","M","M","M","?","E","R","E","T","R","?","M","$","M","R","BOSS","M","M","M","?","?","E","R","E","T","M","M","E","R","$","R","BOSS","BOSS","R","$","E","BOSS"],"items_purchased_type":["Relic","Relic","Relic","Relic","Relic","Relic","Potion"],"build_version":"2020-12-22","purchased_purges":2,"victory":true,"max_hp_per_floor":[68,68,68,68,68,68,68,68,68,68,68,68,68,68,68,73,73,73,73,73,73,73,73,73,75,75,75,75,77,77,79,79,79,79,79,79,81,87,89,89,89,91,91,93,93,93,93,93,93,93,93,93,93,93,93,93],"relic_stats":{"Singing Bowl":20,"Gremlin Horn":[13,14],"Torii":17,"counters":[32,172],"CloakClasp":[257],"Bag of Preparation":[1],"Letter Opener":[286],"Ginger":[7],"Cursed Key":1,"Lizard Tail":0,"Pantograph":44,"Bronze Scales":[168],"Snecko Eye":[250,283,262,240],"obtain_stats":[{"Girya":30,"Singing Bowl":23,"Gremlin Horn":26,"Torii":48,"The Courier":9,"CloakClasp":42,"Bag of Preparation":55,"TeardropLocket":7,"Letter Opener":10,"Ginger":39,"Cursed Key":34,"Akabeko":25,"Lizard Tail":30,"Pantograph":48,"Bronze Scales":48,"Snecko Eye":17,"Toolbox":48,"Red Mask":22,"PureWater":0,"TungstenRod":46,"Pocketwatch":40},{"Girya":17,"Singing Bowl":15,"Gremlin Horn":16,"Torii":28,"The Courier":5,"CloakClasp":25,"Bag of Preparation":31,"TeardropLocket":5,"Letter Opener":6,"Ginger":23,"Cursed Key":19,"Akabeko":16,"Lizard Tail":17,"Pantograph":28,"Bronze Scales":28,"Snecko Eye":9,"Toolbox":28,"Red Mask":14,"PureWater":0,"TungstenRod":28,"Pocketwatch":24},{"Girya":66,"Singing Bowl":56,"Gremlin Horn":62,"Torii":139,"The Courier":18,"CloakClasp":123,"Bag of Preparation":163,"TeardropLocket":18,"Letter Opener":23,"Ginger":112,"Cursed Key":86,"Akabeko":62,"Lizard Tail":66,"Pantograph":139,"Bronze Scales":139,"Snecko Eye":36,"Toolbox":139,"Red Mask":52,"PureWater":0,"TungstenRod":139,"Pocketwatch":117}],"TungstenRod":18,"Pocketwatch":[11]},"card_choices":[{"not_picked":["Evaluate","PathToVictory"],"picked":"Crescendo","floor":1.0},{"not_picked":["FlurryOfBlows","EmptyFist"],"picked":"CutThroughFate","floor":2.0},{"not_picked":["Prostrate","LikeWater"],"picked":"Vault","floor":3.0},{"not_picked":["FlyingSleeves","Halt"],"picked":"WheelKick","floor":4.0},{"not_picked":["Perseverance","CarveReality"],"picked":"FearNoEvil","floor":7.0},{"not_picked":["FlyingSleeves","ThirdEye","Fasting2"],"picked":"SKIP","floor":10.0},{"not_picked":["Protect","EmptyBody"],"picked":"Conclude","floor":11.0},{"not_picked":["EmptyBody","CrushJoints"],"picked":"Protect","floor":13.0},{"not_picked":["Omniscience","SpiritShield"],"picked":"LessonLearned","floor":16.0},{"not_picked":["CrushJoints","DeceiveReality","FollowUp"],"picked":"SKIP","floor":18.0},{"not_picked":["EmptyBody","FlurryOfBlows"],"picked":"Swivel","floor":19.0},{"not_picked":["ThirdEye","FollowUp","CutThroughFate"],"picked":"SKIP","floor":20.0},{"not_picked":["Crescendo","Consecrate"],"picked":"WindmillStrike+1","floor":21.0},{"not_picked":["Consecrate+1","Prostrate"],"picked":"FearNoEvil","floor":22.0},{"not_picked":["Conclude","FollowUp"],"picked":"Wish","floor":23.0},{"not_picked":["Consecrate","JustLucky","FlurryOfBlows"],"picked":"Singing Bowl","floor":25.0},{"not_picked":["CarveReality","BowlingBash","Consecrate"],"picked":"Singing Bowl","floor":29.0},{"not_picked":["FearNoEvil","WreathOfFlame","Study+1"],"picked":"Singing Bowl","floor":31.0},{"not_picked":["Blasphemy","DevaForm"],"picked":"Omniscience","floor":33.0},{"not_picked":["Prostrate","CrushJoints"],"picked":"Meditate","floor":35.0},{"not_picked":["Tantrum","CrushJoints"],"picked":"WaveOfTheHand+1","floor":36.0},{"not_picked":["Consecrate","SignatureMove","Sanctity"],"picked":"Singing Bowl","floor":37.0},{"not_picked":["The Bomb","Mind Blast","Flash of Steel"],"picked":"Singing Bowl","floor":38},{"not_picked":["Deep Breath","Purity","Mind Blast"],"picked":"Singing Bowl","floor":38},{"not_picked":["Discovery","Impatience","Sadistic Nature"],"picked":"Singing Bowl","floor":38},{"not_picked":["Halt","ThirdEye","FlurryOfBlows+1"],"picked":"Singing Bowl","floor":39},{"not_picked":["CutThroughFate","WaveOfTheHand"],"picked":"Wireheading+1","floor":40},{"not_picked":["Prostrate","Halt","Vengeance"],"picked":"Singing Bowl","floor":42},{"not_picked":["Fasting2","FlyingSleeves+1","PathToVictory"],"picked":"Singing Bowl","floor":44},{"not_picked":["EmptyBody","Nirvana"],"picked":"Vault","floor":45},{"not_picked":["Crescendo+1","Collect"],"picked":"Worship+1","floor":46},{"not_picked":["MasterReality","ReachHeaven+1"],"picked":"Vault","floor":55}],"player_experience":2858836,"relics_obtained":[{"floor":7.0,"key":"TeardropLocket"},{"floor":9.0,"key":"The Courier"},{"floor":10.0,"key":"Letter Opener"},{"floor":22.0,"key":"Red Mask"},{"floor":23.0,"key":"Singing Bowl"},{"floor":25.0,"key":"Akabeko"},{"floor":26.0,"key":"Gremlin Horn"},{"floor":39,"key":"Ginger"},{"floor":40,"key":"Pocketwatch"},{"floor":42,"key":"CloakClasp"},{"floor":46,"key":"TungstenRod"},{"floor":55,"key":"Bag of Preparation"}],"event_choices":[{"damage_healed":0.0,"max_hp_gain":0.0,"max_hp_loss":0.0,"gold_gain":0.0,"event_name":"Living Wall","player_choice":"Grow","floor":5.0,"gold_loss":0.0,"damage_taken":0.0,"cards_upgraded":["WheelKick"]},{"damage_healed":0.0,"max_hp_gain":0.0,"max_hp_loss":0.0,"gold_gain":0.0,"event_name":"Liars Game","player_choice":"Ignored","floor":14.0,"gold_loss":0.0,"damage_taken":0.0},{"damage_healed":0.0,"max_hp_gain":0.0,"max_hp_loss":0.0,"gold_gain":0.0,"event_name":"Masked Bandits","player_choice":"Fought Bandits","floor":22.0,"gold_loss":0.0,"damage_taken":0.0},{"damage_healed":0.0,"max_hp_gain":0.0,"max_hp_loss":0.0,"gold_gain":0.0,"event_name":"Ghosts","player_choice":"Ignored","floor":28.0,"gold_loss":0.0,"damage_taken":0.0},{"damage_healed":0,"gold_gain":0,"player_choice":"Memory 3","damage_taken":10,"max_hp_gain":0,"max_hp_loss":0,"event_name":"SensoryStone","floor":38,"gold_loss":0},{"damage_healed":0,"gold_gain":0,"player_choice":"Fight","damage_taken":0,"max_hp_gain":0,"max_hp_loss":0,"event_name":"MindBloom","floor":39,"gold_loss":0}],"is_beta":false,"boss_relics":[{"not_picked":["Busted Crown","Empty Cage"],"picked":"Snecko Eye"},{"not_picked":["Tiny House","Calling Bell"],"picked":"Cursed Key"}],"items_purged_floors":[30,48],"is_endless":false,"potions_floor_spawned":[2,7,10,16,19,20,21,29,33,37,42,55],"ascension_level":20}}