{"host":"0fd22hpf43j6tvvm","time":1613310874,"event":{"mods":["AchievementEnabler","BaseMod","Colored Map","Minty Spire (QoL Compilation)","Relic Stats"],"gold_per_floor":[118,118,128,128,4,30,44,78,101,1,14,14,26,53,53,127,127,142,142,417,137,157,157,191,210,236,236,264,284,318,337,337,414,414,430,25,44,54,70,70,100,119,119,119,119,152,152,187,187,187],"floor_reached":51,"language":"ENG","playtime":4817,"items_purged":["Parasite","Defend_P","Regret","Defend_P"],"score":1538,"play_id":"4c97a0cf-7d09-4dca-95c3-5711314da8ca","local_time":"20210214085434","is_ascension_mode":true,"campfire_choices":[{"data":"Eruption","floor":12.0,"key":"SMITH"},{"data":"LessonLearned","floor":15.0,"key":"SMITH"},{"data":"SashWhip","floor":23.0,"key":"SMITH"},{"data":"Wallop","floor":27.0,"key":"SMITH"},{"data":"Evaluate","floor":32.0,"key":"SMITH"},{"data":"Protect","floor":40.0,"key":"SMITH"},{"data":"Vault","floor":44.0,"key":"SMITH"},{"data":"MentalFortress","floor":47,"key":"SMITH"},{"floor":49,"key":"REST"}],"circlet_count":0,"master_deck":["AscendersBane","Strike_P+1","Strike_P+1","Strike_P+1","Strike_P","Eruption+1","Vigilance+1","Wallop+1","Consecrate+1","BowlingBash+1","EmptyBody+1","ThirdEye+1","Protect+1","SashWhip+1","CutThroughFate+1","LessonLearned+1","Ragnarok+1","CurseOfTheBell","ThirdEye+1","Evaluate+1","EmptyFist+1","CrushJoints+1","Protect+1","Meditate+1","DeusExMachina+1","Prostrate+1","CutThroughFate+1","MentalFortress+1","Vault+1","Doubt","Flash of Steel+1","Panacea","Panacea","FlurryOfBlows+1"],"relics":["PureWater","Incense Burner","Orichalcum","PreservedInsect","Oddly Smooth Stone","Regal Pillow","Thread and Needle","Calling Bell","Bag of Marbles","StrikeDummy","Gambling Chip","Toolbox","Damaru","Nunchaku","Mercury Hourglass","Letter Opener","Cursed Key","War Paint","HornCleat","Mango","Kunai","Omamori"],"acts_visited":["Exordium","TheCity","TheBeyond"],"potions_floor_usage":[50],"damage_taken":[{"damage":0.0,"enemies":"2 Louse","floor":1.0,"turns":3.0},{"damage":2.0,"enemies":"Jaw Worm","floor":3.0,"turns":6.0},{"damage":17.0,"enemies":"3 Sentries","floor":6.0,"turns":4.0},{"damage":0.0,"enemies":"Cultist","floor":7.0,"turns":3.0},{"damage":0.0,"enemies":"Gremlin Nob","floor":8.0,"turns":3.0},{"damage":0.0,"enemies":"2 Fungi Beasts","floor":11.0,"turns":4.0},{"damage":0.0,"enemies":"Lots of Slimes","floor":13.0,"turns":3.0},{"damage":0.0,"enemies":"Lagavulin","floor":14.0,"turns":3.0},{"damage":14.0,"enemies":"Hexaghost","floor":16.0,"turns":14.0},{"damage":0.0,"enemies":"3 Byrds","floor":18.0,"turns":7.0},{"damage":2.0,"enemies":"2 Thieves","floor":22.0,"turns":4.0},{"damage":5.0,"enemies":"Slavers","floor":24.0,"turns":6.0},{"damage":0.0,"enemies":"Centurion and Healer","floor":25.0,"turns":5.0},{"damage":0.0,"enemies":"Gremlin Leader","floor":28.0,"turns":3.0},{"damage":0.0,"enemies":"Shelled Parasite and Fungi","floor":29.0,"turns":4.0},{"damage":16.0,"enemies":"Book of Stabbing","floor":30.0,"turns":7.0},{"damage":0.0,"enemies":"Cultist and Chosen","floor":31.0,"turns":5.0},{"damage":4.0,"enemies":"Collector","floor":33.0,"turns":5.0},{"damage":1.0,"enemies":"Orb Walker","floor":35.0,"turns":5.0},{"damage":0.0,"enemies":"3 Shapes","floor":37.0,"turns":1.0},{"damage":0.0,"enemies":"3 Darklings","floor":38.0,"turns":6.0},{"damage":0.0,"enemies":"Writhing Mass","floor":39.0,"turns":6.0},{"damage":0.0,"enemies":"Reptomancer","floor":41.0,"turns":2.0},{"damage":0.0,"enemies":"Spire Growth","floor":42.0,"turns":4.0},{"damage":7,"enemies":"Giant Head","floor":46,"turns":5},{"damage":0,"enemies":"Nemesis","floor":48,"turns":5},{"damage":3,"enemies":"Time Eater","floor":50,"turns":11}],"seed_played":"1689785791369527795","potions_obtained":[{"floor":3.0,"key":"Dexterity Potion"},{"floor":13.0,"key":"SpeedPotion"},{"floor":16.0,"key":"Regen Potion"},{"floor":18.0,"key":"BottledMiracle"},{"floor":24.0,"key":"PowerPotion"},{"floor":35.0,"key":"Fire Potion"}],"is_trial":false,"path_per_floor":["M","?","M","?","$","E","M","E","T","$","M","R","M","E","R","B",null,"M","?","?","$","M","R","E","M","T","R","E","M","E","M","R","B",null,"M","$","M","M","M","R","E","M","T","R","?","E","R","E","R","B",null],"character_chosen":"WATCHER","items_purchased":["BowlingBash","Toolbox","War Paint","Ambrosia"],"campfire_rested":1,"item_purchase_floors":[5,21,36,36],"current_hp_per_floor":[61,58,56,50,50,33,33,33,33,33,33,33,33,33,33,19,54,54,54,54,54,52,52,47,47,47,47,47,47,31,31,31,27,56,55,55,55,55,55,55,55,55,69,69,59,52,52,52,79,76],"gold":187,"neow_bonus":"ONE_RARE_RELIC","is_daily":false,"chose_seed":false,"campfire_upgraded":8,"win_rate":0.0,"timestamp":1613310874,"path_taken":["M","?","M","?","$","E","M","E","T","$","M","R","M","E","R","BOSS","M","?","?","$","M","R","E","M","T","R","E","M","E","M","R","BOSS","M","$","M","M","?","R","E","M","T","R","?","E","R","E","R","BOSS"],"items_purchased_type":["Card","Relic","Relic","Potion"],"build_version":"2020-12-22","purchased_purges":4,"victory":true,"max_hp_per_floor":[68,68,68,68,65,65,65,65,65,65,65,65,65,65,65,65,65,65,65,65,65,65,65,65,65,65,65,65,65,65,65,65,65,65,65,65,65,65,65,65,65,65,79,79,79,79,79,79,79,79],"relic_stats":{"Regal Pillow":4,"Nunchaku":[15],"counters":[27,134],"Gambling Chip":[53],"PreservedInsect":421,"Letter Opener":[75],"Kunai":[7],"Orichalcum":[72],"War Paint":["Prostrate","DeusExMachina"],"Cursed Key":1,"obtain_stats":[{"Regal Pillow":9,"Oddly Smooth Stone":8,"Damaru":24,"Thread and Needle":14,"Mango":43,"PreservedInsect":6,"Incense Burner":0,"Omamori":48,"Letter Opener":30,"Orichalcum":2,"War Paint":36,"Cursed Key":34,"Mercury Hourglass":28,"Calling Bell":17,"Nunchaku":26,"HornCleat":41,"Gambling Chip":17,"Toolbox":21,"Bag of Marbles":17,"Kunai":46,"PureWater":0,"StrikeDummy":17},{"Regal Pillow":5,"Oddly Smooth Stone":5,"Damaru":12,"Thread and Needle":8,"Mango":24,"PreservedInsect":3,"Incense Burner":0,"Omamori":26,"Letter Opener":16,"Orichalcum":1,"War Paint":19,"Cursed Key":18,"Mercury Hourglass":14,"Calling Bell":9,"Nunchaku":13,"HornCleat":23,"Gambling Chip":9,"Toolbox":10,"Bag of Marbles":9,"Kunai":25,"PureWater":0,"StrikeDummy":9},{"Regal Pillow":19,"Oddly Smooth Stone":19,"Damaru":60,"Thread and Needle":29,"Mango":113,"PreservedInsect":13,"Incense Burner":0,"Omamori":123,"Letter Opener":79,"Orichalcum":3,"War Paint":94,"Cursed Key":89,"Mercury Hourglass":68,"Calling Bell":43,"Nunchaku":65,"HornCleat":109,"Gambling Chip":43,"Toolbox":50,"Bag of Marbles":43,"Kunai":118,"PureWater":0,"StrikeDummy":43}],"Mercury Hourglass":[230]},"card_choices":[{"not_picked":["FlurryOfBlows","WaveOfTheHand"],"picked":"Wallop","floor":1.0},{"not_picked":["JustLucky","ClearTheMind"],"picked":"Consecrate","floor":3.0},{"not_picked":["Alpha","Tantrum"],"picked":"EmptyBody","floor":6.0},{"not_picked":["Worship","MentalFortress"],"picked":"ThirdEye","floor":7.0},{"not_picked":["Establishment","Wallop"],"picked":"Protect","floor":8.0},{"not_picked":["CrushJoints","Pray"],"picked":"SashWhip","floor":11.0},{"not_picked":["Consecrate","SashWhip"],"picked":"CutThroughFate","floor":13.0},{"not_picked":["Consecrate","Halt"],"picked":"LessonLearned","floor":14.0},{"not_picked":["ConjureBlade","Scrawl"],"picked":"Ragnarok","floor":16.0},{"not_picked":["Study","CarveReality"],"picked":"ThirdEye","floor":18.0},{"not_picked":["JustLucky+1","Crescendo"],"picked":"CrushJoints+1","floor":22.0},{"not_picked":["Fasting2","EmptyFist"],"picked":"Protect","floor":24.0},{"not_picked":["Swivel","FollowUp","SashWhip"],"picked":"SKIP","floor":25.0},{"not_picked":["PathToVictory","WaveOfTheHand","FollowUp"],"picked":"SKIP","floor":28.0},{"not_picked":["Vengeance","Omniscience"],"picked":"Meditate+1","floor":29.0},{"not_picked":["Crescendo","Swivel","BowlingBash"],"picked":"SKIP","floor":30.0},{"not_picked":["ThirdEye","Swivel+1","FollowUp"],"picked":"SKIP","floor":31.0},{"not_picked":["Scrawl","SpiritShield"],"picked":"DeusExMachina","floor":33.0},{"not_picked":["Conclude","ClearTheMind"],"picked":"Prostrate","floor":35.0},{"not_picked":["EmptyFist","Adaptation","Consecrate"],"picked":"SKIP","floor":37.0},{"not_picked":["ClearTheMind","EmptyBody"],"picked":"CutThroughFate+1","floor":38.0},{"not_picked":["DeceiveReality","WreathOfFlame","BowlingBash"],"picked":"SKIP","floor":39.0},{"not_picked":["DeceiveReality","WreathOfFlame","BowlingBash"],"picked":"SKIP","floor":39.0},{"not_picked":["SignatureMove","Protect"],"picked":"MentalFortress","floor":41.0},{"not_picked":["EmptyFist","Halt"],"picked":"Vault","floor":42.0},{"not_picked":["Secret Technique","Dramatic Entrance"],"picked":"Flash of Steel","floor":45.0},{"not_picked":["Bandage Up","Forethought"],"picked":"Panacea","floor":45.0},{"not_picked":["Forethought","Mind Blast"],"picked":"Panacea","floor":45.0},{"not_picked":["ConjureBlade","PathToVictory+1"],"picked":"FlurryOfBlows+1","floor":46},{"not_picked":["EmptyBody","InnerPeace","FlyingSleeves+1"],"picked":"SKIP","floor":48}],"player_experience":558047,"relics_obtained":[{"floor":6.0,"key":"PreservedInsect"},{"floor":8.0,"key":"Oddly Smooth Stone"},{"floor":9.0,"key":"Regal Pillow"},{"floor":14.0,"key":"Thread and Needle"},{"floor":17.0,"key":"Bag of Marbles"},{"floor":17.0,"key":"StrikeDummy"},{"floor":17.0,"key":"Gambling Chip"},{"floor":24.0,"key":"Damaru"},{"floor":26.0,"key":"Nunchaku"},{"floor":28.0,"key":"Mercury Hourglass"},{"floor":30.0,"key":"Letter Opener"},{"floor":41.0,"key":"HornCleat"},{"floor":43.0,"key":"Mango"},{"floor":46,"key":"Kunai"},{"floor":48,"key":"Omamori"}],"event_choices":[{"damage_healed":0.0,"max_hp_gain":0.0,"max_hp_loss":0.0,"gold_gain":0.0,"event_name":"Scrap Ooze","player_choice":"Success","floor":2.0,"gold_loss":0.0,"damage_taken":3.0,"relics_obtained":["Orichalcum"]},{"damage_healed":0.0,"max_hp_gain":0.0,"max_hp_loss":0.0,"gold_gain":0.0,"event_name":"Wheel of Change","player_choice":"Damaged","floor":4.0,"gold_loss":0.0,"damage_taken":6.0},{"damage_healed":0.0,"max_hp_gain":0.0,"max_hp_loss":0.0,"gold_gain":0.0,"cards_transformed":["Defend_P","Defend_P"],"event_name":"Drug Dealer","player_choice":"Became Test Subject","floor":19.0,"gold_loss":0.0,"damage_taken":0.0,"cards_obtained":["Evaluate","EmptyFist"]},{"damage_healed":0.0,"max_hp_gain":0.0,"max_hp_loss":0.0,"gold_gain":275.0,"event_name":"Golden Shrine","player_choice":"Desecrate","floor":20.0,"gold_loss":0.0,"damage_taken":0.0,"cards_obtained":["Regret"]},{"damage_healed":0.0,"max_hp_gain":0.0,"max_hp_loss":0.0,"gold_gain":0.0,"event_name":"SensoryStone","player_choice":"Memory 3","floor":45.0,"gold_loss":0.0,"damage_taken":10.0}],"is_beta":false,"boss_relics":[{"not_picked":["SacredBark","Ectoplasm"],"picked":"Calling Bell"},{"not_picked":["Velvet Choker","SlaversCollar"],"picked":"Cursed Key"}],"items_purged_floors":[5,10,21,36],"is_endless":false,"potions_floor_spawned":[3,13,16,18,24,29,35,38,46],"ascension_level":14}}