{"host":"3wgbc8rrx8r5g476","time":1613324911,"event":{"mods":["2.2 Compatiblity","Act Like it!","BaseMod","Better Note","Better Third Choice","Colored Powertips","Dota2Spire","Downfall","Evolution","Friendly Minions","Halation","Hubris","Infinite Spire","Minty Spire (QoL Compilation)","Ruin Mod","Shade Mod","Shop Mod","StSLib","The Death Knight","The Dragonkin","The Druid","The Marked","TheFirefly","Trackpad","Uncapped","Wandering Minibosses"],"gold_per_floor":[111,111,121,296,138,138,157,157,157,168,178,213,213,213,213,213,213],"floor_reached":16,"language":"ENG","playtime":766,"items_purged":["Doubt"],"score":100,"play_id":"02ecf9bb-8dca-4ac9-9cc3-0b781c8fdc3c","local_time":"20210214184831","is_ascension_mode":false,"campfire_choices":[{"data":"theDragonkin:DivineBreath","floor":6,"key":"SMITH"},{"data":"theDragonkin:LightArmor","floor":13,"key":"SMITH"},{"data":"theDragonkin:EnduringAgony","floor":15,"key":"SMITH"}],"circlet_count":0,"master_deck":["theDragonkin:Strike","theDragonkin:Strike","theDragonkin:Strike","theDragonkin:Strike","theDragonkin:Defend","theDragonkin:Defend","theDragonkin:Defend","theDragonkin:Defend","theDragonkin:HolySmite","theDragonkin:BlazingBreath+1","theDragonkin:MiasmicBreath","theDragonkin:AncestralSeance","theDragonkin:EnduringAgony+1","theDragonkin:DivineBreath+1","theDragonkin:SlowBurn","theDragonkin:HolyWordBarrier","theDragonkin:LightArmor+1"],"relics":["theDragonkin:GarnetScale","EVO:Axolotl","NeowsBlessing","halation:PinkSoulGem","InkBottle"],"acts_visited":["Exordium"],"potions_floor_usage":[16,16,16],"damage_taken":[{"damage":0,"enemies":"2 Louse","floor":1,"turns":1},{"damage":0,"enemies":"Small Slimes","floor":3,"turns":1},{"damage":0,"enemies":"Jaw Worm","floor":7,"turns":1},{"damage":10,"enemies":"Large Slime","floor":10,"turns":4},{"damage":11,"enemies":"3 Louse","floor":11,"turns":3},{"damage":31,"enemies":"3 Sentries","floor":12,"turns":7},{"damage":37,"enemies":"Slime Boss","floor":16,"turns":6}],"seed_played":"2521342297216911409","potions_obtained":[{"floor":3,"key":"Slimebound:ThreeZeroPotion"},{"floor":7,"key":"LiquidBronze"},{"floor":11,"key":"Strength Potion"},{"floor":12,"key":"theDragonkin:DragonkinCommonPotion"}],"is_trial":false,"path_per_floor":["M","?","M","?","$","R","M","?","T","M","M","E","R","?","R","B"],"character_chosen":"THE_DRAGONKIN","items_purchased":["theDragonkin:EnduringAgony","theDragonkin:DivineBreath"],"campfire_rested":0,"item_purchase_floors":[5,5],"current_hp_per_floor":[85,85,85,85,85,85,85,85,85,75,64,33,33,33,33,0,0],"gold":213,"neow_bonus":"THREE_ENEMY_KILL","is_daily":false,"chose_seed":false,"campfire_upgraded":3,"win_rate":0.0,"timestamp":1613324911,"path_taken":["M","?","M","?","$","R","M","?","T","M","M","E","R","?","R","BOSS"],"items_purchased_type":["Card","Card"],"build_version":"2020-12-22","purchased_purges":1,"victory":false,"max_hp_per_floor":[85,85,85,85,85,85,85,85,85,85,85,85,85,85,85,85,85],"card_choices":[{"not_picked":["theDragonkin:FlameClaw","theDragonkin:ControlledBreath"],"picked":"theDragonkin:MiasmicBreath","floor":1},{"not_picked":["theDragonkin:AcidBreath","theDragonkin:BurningRage"],"picked":"theDragonkin:AncestralSeance","floor":3},{"not_picked":["theDragonkin:HammerOfWrath","theDragonkin:DivineJolt"],"picked":"theDragonkin:SlowBurn","floor":7},{"not_picked":["theDragonkin:BurningRage","theDragonkin:ControlledBreath","theDragonkin:Ravage"],"picked":"SKIP","floor":10},{"not_picked":["theDragonkin:FlameBreath","theDragonkin:HolyFlask"],"picked":"theDragonkin:HolyWordBarrier","floor":11},{"not_picked":["theDragonkin:DeepBreath","theDragonkin:CorrosiveBelch"],"picked":"theDragonkin:LightArmor","floor":12}],"player_experience":544091,"relics_obtained":[{"floor":12,"key":"InkBottle"}],"event_choices":[{"damage_healed":0,"gold_gain":0,"player_choice":"Grow","damage_taken":0,"max_hp_gain":0,"max_hp_loss":0,"event_name":"Living Wall","floor":2,"gold_loss":0,"cards_upgraded":["theDragonkin:BlazingBreath"]},{"damage_healed":0,"gold_gain":175,"player_choice":"AGREE","damage_taken":121,"max_hp_gain":0,"max_hp_loss":0,"event_name":"betterThird:BetterSerpent","floor":4,"gold_loss":0},{"damage_healed":0,"gold_gain":0,"player_choice":"Ignored","damage_taken":0,"max_hp_gain":0,"max_hp_loss":0,"event_name":"Golden Wing","floor":14,"gold_loss":0}],"is_beta":false,"boss_relics":[],"items_purged_floors":[5],"is_endless":false,"potions_floor_spawned":[3,7,11,12],"killed_by":"Slime Boss","ascension_level":0}}