{"host":"uexz8m6e0pxi7xat","time":1613300189,"event":{"mods":["BaseMod","Bestiary","Minty Spire (QoL Compilation)","Relic Stats","ojb\u0027s Info Mod"],"gold_per_floor":[117,117,129,140,159,159,194,194,221,221,234,260,260,284,284,284,284],"floor_reached":16,"language":"ENG","playtime":1188,"items_purged":[],"score":220,"play_id":"bc442b2b-6af6-45bd-9686-c7922a2a4865","local_time":"20210214235629","is_ascension_mode":true,"campfire_choices":[{"data":"Cold Snap","floor":6,"key":"SMITH"},{"data":"Coolheaded","floor":8,"key":"SMITH"},{"floor":10,"key":"REST"},{"data":"Rainbow","floor":15,"key":"SMITH"}],"circlet_count":0,"master_deck":["AscendersBane","Strike_B","Strike_B","Strike_B","Strike_B","Defend_B","Defend_B","Defend_B","Zap","Dualcast","Leap","Cold Snap+1","FTL","Conserve Battery","Coolheaded+1","Reinforced Body","Rainbow+1"],"relics":["Busted Crown","Happy Flower","PreservedInsect","Boot","Odd Mushroom"],"acts_visited":["Exordium"],"potions_floor_usage":[7,7,16],"damage_taken":[{"damage":4,"enemies":"2 Louse","floor":1,"turns":3},{"damage":1,"enemies":"Small Slimes","floor":3,"turns":3},{"damage":0,"enemies":"Cultist","floor":4,"turns":4},{"damage":9,"enemies":"Blue Slaver","floor":5,"turns":3},{"damage":15,"enemies":"Gremlin Nob","floor":7,"turns":4},{"damage":0,"enemies":"2 Fungi Beasts","floor":11,"turns":5},{"damage":30,"enemies":"3 Sentries","floor":12,"turns":11},{"damage":5,"enemies":"The Mushroom Lair","floor":14,"turns":5},{"damage":6,"enemies":"Hexaghost","floor":16,"turns":9}],"seed_played":"-4076941615559999518","potions_obtained":[{"floor":4,"key":"Weak Potion"},{"floor":5,"key":"Explosive Potion"},{"floor":14,"key":"DistilledChaos"}],"is_trial":false,"path_per_floor":["M","?","M","M","M","R","E","R","T","R","M","E","?","?","R","B"],"character_chosen":"DEFECT","items_purchased":[],"campfire_rested":1,"item_purchase_floors":[],"current_hp_per_floor":[60,53,52,52,43,43,28,28,28,49,49,19,8,3,3,0,0],"gold":284,"neow_bonus":"BOSS_RELIC","is_daily":false,"chose_seed":false,"campfire_upgraded":3,"win_rate":0.0,"timestamp":1613300189,"path_taken":["M","?","M","M","M","R","E","R","T","R","M","E","?","?","R","BOSS"],"items_purchased_type":[],"build_version":"2020-12-22","purchased_purges":0,"victory":false,"max_hp_per_floor":[71,71,71,71,71,71,71,71,71,71,71,71,71,71,71,71,71],"relic_stats":{"Busted Crown":16,"Happy Flower":[10],"counters":[9,47],"PreservedInsect":41,"Boot":[0],"obtain_stats":[{"Busted Crown":0,"Happy Flower":7,"PreservedInsect":9,"Odd Mushroom":14,"Cracked Core":0,"Boot":12},{"Busted Crown":0,"Happy Flower":5,"PreservedInsect":5,"Odd Mushroom":8,"Cracked Core":0,"Boot":7},{"Busted Crown":0,"Happy Flower":17,"PreservedInsect":17,"Odd Mushroom":38,"Cracked Core":0,"Boot":33}]},"card_choices":[{"not_picked":[],"picked":"Leap","floor":1},{"not_picked":[],"picked":"Cold Snap","floor":3},{"not_picked":[],"picked":"FTL","floor":4},{"not_picked":[],"picked":"Conserve Battery","floor":5},{"not_picked":[],"picked":"Coolheaded","floor":7},{"not_picked":["Chaos"],"picked":"SKIP","floor":11},{"not_picked":[],"picked":"Reinforced Body","floor":12},{"not_picked":[],"picked":"Rainbow","floor":14}],"player_experience":1032106,"relics_obtained":[{"floor":7,"key":"Happy Flower"},{"floor":9,"key":"PreservedInsect"},{"floor":12,"key":"Boot"},{"floor":14,"key":"Odd Mushroom"}],"event_choices":[{"cards_removed":["Defend_B"],"damage_healed":0,"gold_gain":0,"player_choice":"Card Removal","damage_taken":7,"max_hp_gain":0,"max_hp_loss":0,"event_name":"Golden Wing","floor":2,"gold_loss":0},{"damage_healed":0,"gold_gain":0,"player_choice":"Fled","damage_taken":11,"max_hp_gain":0,"max_hp_loss":0,"event_name":"Scrap Ooze","floor":13,"gold_loss":0},{"damage_healed":0,"gold_gain":0,"player_choice":"Fought Mushrooms","damage_taken":0,"max_hp_gain":0,"max_hp_loss":0,"event_name":"Mushrooms","floor":14,"gold_loss":0}],"is_beta":false,"boss_relics":[],"items_purged_floors":[],"is_endless":false,"potions_floor_spawned":[4,5,14],"killed_by":"Hexaghost","ascension_level":20}}