{"host":"gzsdmyo07u314vug","time":1613304750,"event":{"mods":["2.2 Compatiblity","Astrologer","BaseMod","Colored Powertips","GifTheSpireLib","Gremlin Mod","Hermit","Jorbs\u0027s Wanderer Trilogy","Minty Spire (QoL Compilation)","Quick Restart","Rare Cards Sparkle","Relic Stats","Replay The Spire","Robot Space Explorer","Shop Mod","StSLib","The Bladedancer","The Bug Knight","The Construct","The Cursed","The Elementalist","The Hierophant","The IronCluck","The Marked","The Necromancer","The Runesmith","The Servant 0.9.4","Unceasing Turn Reminder","everything is the same but u backflip on backflip","slay the spire mod where everything is the same but ironclad has a cowboy hat"],"gold_per_floor":[112,37,48,59,59,59,78,78,103,103,122,122,134,184,184,184,184],"floor_reached":16,"language":"ENG","playtime":465,"items_purged":[],"score":184,"play_id":"dfc2f36b-44ed-4bc2-97cc-444364cb7038","local_time":"20210214091230","is_ascension_mode":true,"campfire_choices":[{"data":"Noxious Fumes","floor":6.0,"key":"SMITH"},{"floor":10.0,"key":"REST"},{"data":"Prepared","floor":15.0,"key":"SMITH"}],"circlet_count":0,"master_deck":["AscendersBane","Strike_G","Strike_G","Strike_G","Strike_G+1","Strike_G+1","Defend_G+1","Defend_G","Defend_G","Defend_G","Defend_G","Survivor","Neutralize","Flash of Steel","Prepared+1","Noxious Fumes+1","Underhanded Strike+1","Deflect","Acrobatics","Dagger Spray"],"relics":["Ring of the Snake","Gremlin Food","Chameleon Ring"],"acts_visited":["Exordium"],"potions_floor_usage":[],"damage_taken":[{"damage":1.0,"enemies":"Cultist","floor":1.0,"turns":4.0},{"damage":2.0,"enemies":"Jaw Worm","floor":3.0,"turns":6.0},{"damage":3.0,"enemies":"Small Slimes","floor":4.0,"turns":3.0},{"damage":12.0,"enemies":"Exordium Thugs","floor":7.0,"turns":5.0},{"damage":0.0,"enemies":"Looter","floor":11.0,"turns":4.0},{"damage":7.0,"enemies":"Large Slime","floor":13.0,"turns":5.0},{"damage":0,"enemies":"Slime Boss","floor":16,"turns":1}],"seed_played":"-3891853002732905038","potions_obtained":[{"floor":1.0,"key":"SteroidPotion"},{"floor":13.0,"key":"Doom Potion"}],"is_trial":false,"path_per_floor":["M","$","M","M","?","R","M","?","T","R","M","T","M","?","R","B"],"character_chosen":"THE_SILENT","items_purchased":["Noxious Fumes"],"campfire_rested":1,"item_purchase_floors":[2],"current_hp_per_floor":[58,58,56,53,33,33,21,21,21,40,40,40,33,33,33,33,33],"gold":184,"neow_bonus":"RANDOM_COLORLESS","is_daily":false,"chose_seed":false,"campfire_upgraded":2,"win_rate":0.0,"timestamp":1613304750,"path_taken":["M","$","M","M","?","R","M","?","T","R","M","?","M","?","R","BOSS"],"items_purchased_type":["Card"],"build_version":"2020-12-22","purchased_purges":0,"victory":false,"max_hp_per_floor":[66,66,66,66,66,66,66,66,66,66,66,66,66,66,66,66,66],"relic_stats":{"counters":[7,28],"obtain_stats":[{"Gremlin Food":9,"Chameleon Ring":12,"Ring of the Snake":0},{"Gremlin Food":4,"Chameleon Ring":5,"Ring of the Snake":0},{"Gremlin Food":18,"Chameleon Ring":22,"Ring of the Snake":0}],"Ring of the Snake":[14]},"card_choices":[{"not_picked":["Impatience","Replay:BasicMightCard"],"picked":"Flash of Steel","floor":0.0},{"not_picked":["Skewer","Deadly Poison"],"picked":"Prepared","floor":1.0},{"not_picked":["Poisoned Stab","Flying Knee"],"picked":"Underhanded Strike","floor":3.0},{"not_picked":["Acrobatics","Distraction"],"picked":"Deflect","floor":4.0},{"not_picked":["Flying Knee","Skewer","Distraction"],"picked":"SKIP","floor":7.0},{"not_picked":["Dagger Spray","Poisoned Stab"],"picked":"Acrobatics","floor":11.0},{"not_picked":["Hidden Blade","Bane"],"picked":"Dagger Spray","floor":13.0}],"player_experience":865875,"relics_obtained":[{"floor":9.0,"key":"Gremlin Food"},{"floor":12.0,"key":"Chameleon Ring"}],"event_choices":[{"damage_healed":0.0,"max_hp_gain":0.0,"max_hp_loss":0.0,"gold_gain":0.0,"event_name":"Shining Light","player_choice":"Entered Light","floor":5.0,"gold_loss":0.0,"damage_taken":20.0,"cards_upgraded":["Strike_G","Strike_G"]},{"damage_healed":0.0,"max_hp_gain":0.0,"max_hp_loss":0.0,"gold_gain":50.0,"event_name":"Golden Shrine","player_choice":"Pray","floor":14.0,"gold_loss":0.0,"damage_taken":0.0}],"is_beta":false,"boss_relics":[],"items_purged_floors":[],"is_endless":false,"potions_floor_spawned":[1,13],"killed_by":"Slime Boss","ascension_level":20}}