{"host":"o88u0awh8mkwl1l8","time":1613318381,"event":{"mods":["BaseMod","Colored Map","Highlight Path","Minty Spire (QoL Compilation)"],"gold_per_floor":[116,129,149,167,167,177,102,27,50,50,79,79,90,103,103,177,177,196,196,196,211,223,223,240,267,293,193,193,221,239,254,254,331,331,342,161,175,186,206,206,232,232,287,313,77,103,103,114,114,114,114,114,114,64,95,95],"floor_reached":57,"language":"JPN","playtime":5661,"items_purged":["Strike_R","Strike_R","Shockwave","Twin Strike","Twin Strike"],"score":3022,"play_id":"e4ccfc12-29db-428d-b436-bce6ee2b91d1","local_time":"20210215005941","is_ascension_mode":true,"campfire_choices":[{"data":"Shockwave","floor":10.0,"key":"SMITH"},{"floor":12.0,"key":"REST"},{"data":"Juggernaut","floor":15.0,"key":"SMITH"},{"floor":23.0,"key":"REST"},{"floor":28.0,"key":"RECALL"},{"data":"Shrug It Off","floor":32.0,"key":"SMITH"},{"data":"Impervious","floor":40.0,"key":"SMITH"},{"floor":42.0,"key":"REST"},{"data":"Double Tap","floor":49.0,"key":"SMITH"},{"data":"Metallicize","floor":53.0,"key":"SMITH"}],"circlet_count":0,"master_deck":["AscendersBane","Bash+1","Barricade","Ghostly Armor+1","Shockwave+1","Shrug It Off+1","Juggernaut+1","Shrug It Off+1","Metallicize+1","Entrench","Reaper","Shockwave","Impervious+1","Headbutt","Double Tap+1","Body Slam","Ghostly Armor+1","Entrench"],"relics":["Burning Blood","Whetstone","Bag of Preparation","Snecko Eye","Regal Pillow","Red Skull","Pandora\u0027s Box","Centennial Puzzle","Juzu Bracelet","Art of War","Smiling Mask","Lantern"],"acts_visited":["Exordium","TheCity","TheBeyond","TheEnding"],"potions_floor_usage":[56,56],"damage_taken":[{"damage":12.0,"enemies":"Jaw Worm","floor":1.0,"turns":4.0},{"damage":2.0,"enemies":"2 Louse","floor":2.0,"turns":4.0},{"damage":13.0,"enemies":"Small Slimes","floor":3.0,"turns":7.0},{"damage":15.0,"enemies":"Gremlin Gang","floor":4.0,"turns":13.0},{"damage":5.0,"enemies":"Red Slaver","floor":6.0,"turns":4.0},{"damage":24.0,"enemies":"Lagavulin","floor":11.0,"turns":8.0},{"damage":6.0,"enemies":"Large Slime","floor":13.0,"turns":9.0},{"damage":3.0,"enemies":"Lots of Slimes","floor":14.0,"turns":6.0},{"damage":25.0,"enemies":"The Guardian","floor":16.0,"turns":17.0},{"damage":0.0,"enemies":"Chosen","floor":18.0,"turns":6.0},{"damage":4.0,"enemies":"Shell Parasite","floor":21.0,"turns":8.0},{"damage":4.0,"enemies":"Cultist and Chosen","floor":22.0,"turns":6.0},{"damage":8.0,"enemies":"Snecko","floor":24.0,"turns":6.0},{"damage":0.0,"enemies":"Book of Stabbing","floor":25.0,"turns":4.0},{"damage":26.0,"enemies":"Slavers","floor":29.0,"turns":7.0},{"damage":5.0,"enemies":"Centurion and Healer","floor":30.0,"turns":6.0},{"damage":11.0,"enemies":"Cultist and Chosen","floor":31.0,"turns":5.0},{"damage":14.0,"enemies":"Champ","floor":33.0,"turns":15.0},{"damage":0.0,"enemies":"Orb Walker","floor":35.0,"turns":7.0},{"damage":68.0,"enemies":"3 Shapes","floor":37.0,"turns":3.0},{"damage":9.0,"enemies":"Spire Growth","floor":38.0,"turns":5.0},{"damage":0.0,"enemies":"Maw","floor":39.0,"turns":5.0},{"damage":50.0,"enemies":"Reptomancer","floor":41.0,"turns":7.0},{"damage":4.0,"enemies":"Nemesis","floor":44.0,"turns":3.0},{"damage":0.0,"enemies":"Reptomancer","floor":46.0,"turns":5.0},{"damage":0.0,"enemies":"4 Shapes","floor":48.0,"turns":8.0},{"damage":0.0,"enemies":"Donu and Deca","floor":50.0,"turns":7.0},{"damage":0.0,"enemies":"Time Eater","floor":51.0,"turns":7.0},{"damage":46.0,"enemies":"Shield and Spear","floor":55.0,"turns":14.0},{"damage":32,"enemies":"The Heart","floor":56,"turns":12}],"seed_played":"7223840691283317573","potions_obtained":[{"floor":1.0,"key":"FearPotion"},{"floor":3.0,"key":"ColorlessPotion"},{"floor":4.0,"key":"SteroidPotion"},{"floor":11.0,"key":"AttackPotion"},{"floor":18.0,"key":"Fruit Juice"},{"floor":21.0,"key":"Swift Potion"},{"floor":29.0,"key":"Fire Potion"},{"floor":31.0,"key":"SkillPotion"},{"floor":41.0,"key":"Energy Potion"},{"floor":44.0,"key":"BloodPotion"},{"floor":48.0,"key":"Strength Potion"},{"floor":55.0,"key":"DistilledChaos"}],"is_trial":false,"path_per_floor":["M","M","M","M","?","M","?","$","T","R","E","R","M","M","R","B",null,"M","?","?","M","M","R","M","E","T","$","R","E","M","M","R","B",null,"M","$","M","M","M","R","E","R","T","E","$","E","?","M","R","B","B",null,"R","$","E","B",null],"character_chosen":"IRONCLAD","items_purchased":["Body Slam","LiquidMemories"],"campfire_rested":3,"item_purchase_floors":[36,45],"current_hp_per_floor":[62,66,59,50,27,28,28,28,28,28,10,32,32,35,35,16,60,66,45,45,52,54,79,77,83,83,83,83,63,64,59,59,51,77,85,85,23,30,43,43,25,65,65,73,73,85,85,85,85,85,85,85,85,85,52,35],"gold":95,"neow_bonus":"ONE_RANDOM_RARE_CARD","is_daily":false,"chose_seed":false,"campfire_upgraded":6,"win_rate":0.0,"timestamp":1613318381,"path_taken":["M","M","M","M","?","M","?","$","T","R","E","R","M","M","R","BOSS","M","?","?","M","M","R","?","E","T","?","R","E","M","M","R","BOSS","M","$","M","M","M","R","E","R","T","E","$","E","?","M","R","BOSS","BOSS","R","$","E","BOSS"],"items_purchased_type":["Card","Potion"],"build_version":"2020-12-22","purchased_purges":5,"victory":true,"max_hp_per_floor":[75,75,75,75,75,75,75,75,75,75,75,75,75,75,75,75,75,75,80,80,85,85,85,85,85,85,85,85,85,85,85,85,85,85,85,85,85,85,85,85,85,85,85,85,85,85,85,85,85,85,85,85,85,85,85,85],"card_choices":[{"not_picked":["Flame Barrier","Intimidate"],"picked":"Ghostly Armor","floor":1.0},{"not_picked":["Intimidate","Wild Strike","Anger"],"picked":"SKIP","floor":2.0},{"not_picked":["Dropkick","Inflame"],"picked":"Shockwave","floor":3.0},{"not_picked":["True Grit","Intimidate"],"picked":"Shrug It Off","floor":4.0},{"not_picked":["True Grit","Anger"],"picked":"Twin Strike","floor":6.0},{"not_picked":["Wild Strike","Metallicize"],"picked":"Juggernaut","floor":11.0},{"not_picked":["Reckless Charge","Clash"],"picked":"Shrug It Off","floor":13.0},{"not_picked":["Headbutt","Twin Strike","Iron Wave"],"picked":"SKIP","floor":14.0},{"not_picked":["Havoc","Warcry+1","Pommel Strike"],"picked":"SKIP","floor":18.0},{"not_picked":["Headbutt","Thunderclap"],"picked":"Metallicize","floor":21.0},{"not_picked":["Thunderclap","Pummel","Wild Strike"],"picked":"SKIP","floor":22.0},{"not_picked":["Blood for Blood","Inflame","Intimidate"],"picked":"SKIP","floor":24.0},{"not_picked":["Blood for Blood","Inflame","Intimidate"],"picked":"SKIP","floor":24.0},{"not_picked":["Clash+1","Shrug It Off","Perfected Strike+1"],"picked":"SKIP","floor":25.0},{"not_picked":["Burning Pact","Shockwave","Bloodletting"],"picked":"SKIP","floor":29.0},{"not_picked":["Anger+1","Iron Wave","Feel No Pain"],"picked":"SKIP","floor":30.0},{"not_picked":["Thunderclap","Clothesline"],"picked":"Entrench","floor":31.0},{"not_picked":["Juggernaut","Feed"],"picked":"Reaper","floor":33.0},{"not_picked":["Wild Strike","Twin Strike","Sever Soul"],"picked":"SKIP","floor":35.0},{"not_picked":["Wild Strike","Twin Strike"],"picked":"Ghostly Armor+1","floor":37.0},{"not_picked":["Carnage+1","Wild Strike","Rupture"],"picked":"SKIP","floor":38.0},{"not_picked":["Clothesline","Rage+1","Sentinel"],"picked":"SKIP","floor":39.0},{"not_picked":["Clothesline","Rage+1","Sentinel"],"picked":"SKIP","floor":39.0},{"not_picked":["Ghostly Armor","Clash","Headbutt"],"picked":"SKIP","floor":41.0},{"not_picked":["Ghostly Armor","Clash","Headbutt"],"picked":"SKIP","floor":41.0},{"not_picked":["Havoc+1","Disarm"],"picked":"Entrench","floor":44.0},{"not_picked":["Sentinel","Dropkick","Thunderclap+1"],"picked":"SKIP","floor":46.0},{"not_picked":["Clothesline+1","Berserk","Seeing Red"],"picked":"SKIP","floor":48.0},{"not_picked":["Sword Boomerang+1","Dropkick","Combust"],"picked":"SKIP","floor":55.0}],"player_experience":1225418,"relics_obtained":[{"floor":9.0,"key":"Whetstone"},{"floor":11.0,"key":"Bag of Preparation"},{"floor":25.0,"key":"Regal Pillow"},{"floor":29.0,"key":"Red Skull"},{"floor":41.0,"key":"Centennial Puzzle"},{"floor":43.0,"key":"Juzu Bracelet"},{"floor":44.0,"key":"Art of War"},{"floor":46.0,"key":"Smiling Mask"},{"floor":55.0,"key":"Lantern"}],"event_choices":[{"damage_healed":0.0,"max_hp_gain":0.0,"max_hp_loss":0.0,"gold_gain":0.0,"event_name":"Shining Light","player_choice":"Entered Light","floor":5.0,"gold_loss":0.0,"damage_taken":23.0,"cards_upgraded":["Bash","Ghostly Armor"]},{"cards_removed":["Defend_R"],"damage_healed":0.0,"max_hp_gain":0.0,"max_hp_loss":0.0,"gold_gain":0.0,"event_name":"The Cleric","player_choice":"Card Removal","floor":7.0,"gold_loss":75.0,"damage_taken":0.0},{"damage_healed":0.0,"max_hp_gain":5.0,"max_hp_loss":0.0,"gold_gain":0.0,"event_name":"Forgotten Altar","player_choice":"Shed Blood","floor":19.0,"gold_loss":0.0,"damage_taken":26.0},{"damage_healed":0.0,"max_hp_gain":0.0,"max_hp_loss":0.0,"gold_gain":0.0,"event_name":"Match and Keep!","player_choice":"0 cards matched","floor":20.0,"gold_loss":0.0,"damage_taken":0.0,"cards_obtained":[]},{"damage_healed":0.0,"max_hp_gain":0.0,"max_hp_loss":0.0,"gold_gain":0.0,"event_name":"Upgrade Shrine","player_choice":"Upgraded","floor":47.0,"gold_loss":0.0,"damage_taken":0.0,"cards_upgraded":["Shrug It Off"]}],"is_beta":false,"boss_relics":[{"not_picked":["Ectoplasm","Velvet Choker"],"picked":"Snecko Eye"},{"not_picked":["Calling Bell","Tiny House"],"picked":"Pandora\u0027s Box"}],"items_purged_floors":[8,27,36,45,54],"is_endless":false,"potions_floor_spawned":[1,3,4,11,18,21,29,31,33,39,41,44,48,55],"ascension_level":20}}