{"host":"2n2g1vowfllvjtvi","time":1613326269,"event":{"mods":["AchievementEnabler","BaseMod","Custom Start","GifTheSpireLib","Keyboard Shortcuts","Minty Spire (QoL Compilation)","Permanent Neow","Quick Restart","StSLib","SuperFastMode"],"gold_per_floor":[117,42,42,56,56,83,83,110,133,133,10,85,113,45,45,143,143,160,160,176,196,212,212,244,244,267,267,283,300,314,6,6,108,108,125,225,237,251,251,251,282,297,343,393,90,118,130,174,186,198],"floor_reached":51,"language":"KOR","playtime":1345,"items_purged":["Strike_P","Strike_P","FlurryOfBlows+1"],"score":1444,"play_id":"483b5b76-4e74-417f-91c1-90a0e6af33ca","local_time":"20210215031109","is_ascension_mode":true,"campfire_choices":[{"data":"Eruption","floor":7.0,"key":"SMITH"},{"data":"Scrawl","floor":10.0,"key":"SMITH"},{"data":"Fasting2","floor":15.0,"key":"SMITH"},{"floor":23.0,"key":"REST"},{"data":"LessonLearned","floor":25.0,"key":"SMITH"},{"data":"Adaptation","floor":27.0,"key":"SMITH"},{"data":"Strike_P","floor":32.0,"key":"PURGE"},{"data":"Strike_P+1","floor":40.0,"key":"PURGE"},{"data":"FlurryOfBlows+1","floor":47,"key":"PURGE"},{"data":"Defend_P+1","floor":49,"key":"PURGE"}],"circlet_count":0,"master_deck":["AscendersBane","Defend_P+1","Defend_P+1","Eruption+1","Vigilance+1","Scrawl+1","TalkToTheHand+1","EmptyFist+1","Fasting2+1","LessonLearned+1","Wallop+1","Halt+1","FearNoEvil+1","Adaptation+1","Adaptation+1","MentalFortress+1","MentalFortress+1","Scrawl+1"],"relics":["PureWater","NeowsBlessing","Anchor","Omamori","Regal Pillow","Dream Catcher","Runic Pyramid","Ancient Tea Set","Akabeko","Peace Pipe","Sozu","Du-Vu Doll","Orichalcum","Incense Burner","MawBank","Strawberry"],"acts_visited":["Exordium","TheCity","TheBeyond"],"potions_floor_usage":[],"damage_taken":[{"damage":0.0,"enemies":"2 Louse","floor":1.0,"turns":1.0},{"damage":0.0,"enemies":"Cultist","floor":4.0,"turns":1.0},{"damage":0.0,"enemies":"Lagavulin","floor":6.0,"turns":1.0},{"damage":12.0,"enemies":"3 Sentries","floor":8.0,"turns":5.0},{"damage":0.0,"enemies":"Gremlin Nob","floor":13.0,"turns":2.0},{"damage":8.0,"enemies":"Hexaghost","floor":16.0,"turns":4.0},{"damage":0.0,"enemies":"3 Byrds","floor":18.0,"turns":3.0},{"damage":0.0,"enemies":"Spheric Guardian","floor":20.0,"turns":3.0},{"damage":13.0,"enemies":"3 Cultists","floor":21.0,"turns":5.0},{"damage":29.0,"enemies":"Snake Plant","floor":22.0,"turns":4.0},{"damage":2.0,"enemies":"Book of Stabbing","floor":24.0,"turns":4.0},{"damage":4.0,"enemies":"Cultist and Chosen","floor":28.0,"turns":3.0},{"damage":3.0,"enemies":"Snecko","floor":29.0,"turns":5.0},{"damage":2.0,"enemies":"Snake Plant","floor":30.0,"turns":2.0},{"damage":0.0,"enemies":"Automaton","floor":33.0,"turns":6.0},{"damage":8.0,"enemies":"3 Shapes","floor":35.0,"turns":5.0},{"damage":0.0,"enemies":"Orb Walker","floor":37.0,"turns":2.0},{"damage":3.0,"enemies":"Spire Growth","floor":38.0,"turns":3.0},{"damage":9,"enemies":"Reptomancer","floor":41,"turns":5},{"damage":0,"enemies":"Maw","floor":42,"turns":5},{"damage":0,"enemies":"Mind Bloom Boss Battle","floor":44,"turns":5},{"damage":0,"enemies":"Nemesis","floor":46,"turns":5},{"damage":0,"enemies":"Reptomancer","floor":48,"turns":6},{"damage":4,"enemies":"Time Eater","floor":50,"turns":8}],"seed_played":"-7960694284668114515","potions_obtained":[{"floor":4.0,"key":"LiquidMemories"},{"floor":8.0,"key":"LiquidBronze"},{"floor":18.0,"key":"BlessingOfTheForge"},{"floor":21.0,"key":"SneckoOil"},{"floor":22.0,"key":"PowerPotion"},{"floor":24.0,"key":"Energy Potion"},{"floor":30.0,"key":"DistilledChaos"}],"is_trial":false,"path_per_floor":["M","$","?","M","?","E","R","E","T","R","$","?","E","$","R","B",null,"M","?","M","M","M","R","E","R","T","R","M","M","M","$","R","B",null,"M","?","M","M","?","R","E","M","T","?","$","E","R","E","R","B",null],"character_chosen":"WATCHER","items_purchased":["EmptyFist","Fasting2","Peace Pipe","MentalFortress","Scrawl"],"campfire_rested":1,"item_purchase_floors":[11,14,31,45,45],"current_hp_per_floor":[65,65,65,65,70,70,70,58,58,58,58,47,47,47,47,39,68,68,68,68,55,26,64,62,62,62,62,58,55,53,53,53,53,71,63,63,63,60,60,60,51,51,51,51,51,51,51,58,58,54],"gold":210,"neow_bonus":"THREE_ENEMY_KILL","is_daily":false,"chose_seed":false,"campfire_upgraded":5,"win_rate":0.0,"timestamp":1613326269,"path_taken":["M","$","?","?","?","E","R","E","T","R","$","?","E","?","R","BOSS","BOSS","M","?","M","?","?","R","E","R","T","R","M","?","M","$","R","BOSS","M","?","?","M","?","R","E","M","T","?","$","E","R","E","R","BOSS"],"items_purchased_type":["Card","Card","Relic","Card","Card"],"build_version":"2020-12-22","purchased_purges":3,"victory":true,"max_hp_per_floor":[72,72,72,72,77,77,77,77,77,77,77,77,77,77,77,77,77,77,77,77,77,77,77,77,77,77,77,77,77,77,77,77,77,77,77,77,77,77,77,77,77,77,77,77,77,77,77,84,84,84],"card_choices":[{"not_picked":["Halt","BattleHymn"],"picked":"FlurryOfBlows","floor":1.0},{"not_picked":["CrushJoints","ReachHeaven","Weave"],"picked":"SKIP","floor":4.0},{"not_picked":["Perseverance","WindmillStrike"],"picked":"TalkToTheHand","floor":6.0},{"not_picked":["WaveOfTheHand","Indignation"],"picked":"FlurryOfBlows","floor":8.0},{"not_picked":["CrushJoints","Perseverance","EmptyBody"],"picked":"SKIP","floor":13.0},{"not_picked":["DevaForm","Alpha"],"picked":"LessonLearned","floor":16.0},{"not_picked":["FollowUp","ThirdEye","SandsOfTime"],"picked":"SKIP","floor":18.0},{"not_picked":["FlurryOfBlows","LikeWater"],"picked":"Wallop","floor":20.0},{"not_picked":["Evaluate","EmptyFist"],"picked":"Halt+1","floor":21.0},{"not_picked":["Pray","CutThroughFate"],"picked":"FearNoEvil","floor":22.0},{"not_picked":["FlyingSleeves+1","ClearTheMind"],"picked":"Adaptation","floor":23.0},{"not_picked":["SignatureMove","FlurryOfBlows","ThirdEye"],"picked":"SKIP","floor":24.0},{"not_picked":["FlurryOfBlows","SandsOfTime","WaveOfTheHand"],"picked":"SKIP","floor":28.0},{"not_picked":["TalkToTheHand","BowlingBash+1","Weave"],"picked":"SKIP","floor":29.0},{"not_picked":["EmptyMind","FlurryOfBlows"],"picked":"Adaptation+1","floor":30.0},{"not_picked":["Halt+1","EmptyMind+1"],"picked":"MentalFortress+1","floor":35.0},{"not_picked":["FollowUp","EmptyMind","ReachHeaven+1"],"picked":"SKIP","floor":37.0},{"not_picked":["FollowUp","SashWhip","FlyingSleeves"],"picked":"SKIP","floor":38.0},{"not_picked":["WheelKick","Adaptation","Worship"],"picked":"SKIP","floor":41},{"not_picked":["EmptyBody","BowlingBash+1","SashWhip"],"picked":"SKIP","floor":42},{"not_picked":["Swivel","ConjureBlade","FlyingSleeves"],"picked":"SKIP","floor":46},{"not_picked":["EmptyFist","Indignation+1","CutThroughFate+1"],"picked":"SKIP","floor":48}],"player_experience":234428,"relics_obtained":[{"floor":6.0,"key":"Anchor"},{"floor":8.0,"key":"Omamori"},{"floor":9.0,"key":"Regal Pillow"},{"floor":13.0,"key":"Dream Catcher"},{"floor":24.0,"key":"Ancient Tea Set"},{"floor":26.0,"key":"Akabeko"},{"floor":41,"key":"Du-Vu Doll"},{"floor":43,"key":"Orichalcum"},{"floor":44,"key":"Incense Burner"},{"floor":46,"key":"MawBank"},{"floor":48,"key":"Strawberry"}],"event_choices":[{"damage_healed":0.0,"max_hp_gain":0.0,"max_hp_loss":0.0,"gold_gain":0.0,"cards_transformed":["Defend_P"],"event_name":"Transmorgrifier","player_choice":"Transformed","floor":3.0,"gold_loss":0.0,"damage_taken":0.0,"cards_obtained":["Scrawl"]},{"damage_healed":0.0,"max_hp_gain":5.0,"max_hp_loss":0.0,"gold_gain":0.0,"event_name":"Big Fish","player_choice":"Donut","floor":5.0,"gold_loss":0.0,"damage_taken":0.0},{"damage_healed":0.0,"max_hp_gain":0.0,"max_hp_loss":0.0,"gold_gain":75.0,"event_name":"World of Goop","player_choice":"Gather Gold","floor":12.0,"gold_loss":0.0,"damage_taken":11.0},{"damage_healed":0.0,"max_hp_gain":0.0,"max_hp_loss":0.0,"gold_gain":0.0,"event_name":"The Woman in Blue","player_choice":"Bought 0 Potions","floor":19.0,"gold_loss":0.0,"damage_taken":0.0},{"damage_healed":0.0,"max_hp_gain":0.0,"max_hp_loss":0.0,"gold_gain":100.0,"event_name":"Golden Shrine","player_choice":"Pray","floor":36.0,"gold_loss":0.0,"damage_taken":0.0},{"damage_healed":0.0,"max_hp_gain":0.0,"max_hp_loss":0.0,"gold_gain":0.0,"event_name":"Tomb of Lord Red Mask","player_choice":"Ignored","floor":39.0,"gold_loss":0.0,"damage_taken":0.0},{"damage_healed":0,"gold_gain":0,"player_choice":"Fight","damage_taken":0,"max_hp_gain":0,"max_hp_loss":0,"event_name":"MindBloom","floor":44,"gold_loss":0}],"is_beta":false,"boss_relics":[{"not_picked":["Busted Crown","Pandora\u0027s Box"],"picked":"Runic Pyramid"},{"not_picked":["Black Star","SlaversCollar"],"picked":"Sozu"}],"items_purged_floors":[2,11,45],"is_endless":false,"potions_floor_spawned":[4,8,18,21,22,24,30,37,38,44],"ascension_level":12}}