{"host":"m09tgwt98r7ugp6s","time":1613313982,"event":{"mods":["Aspiration","BaseMod","Conspire","Energized Spire","FoggyMod","GifTheSpireLib","Halation","Hubris","Infinite Spire","Marisa????????","Minty Spire (QoL Compilation)","Potionbrewer","Replay The Spire","Spicy Shops","StSLib","Thieving Mod","Wandering Minibosses"],"gold_per_floor":[114,114,114,114,132,132,161,161,186,30,30,50,50,82,82,183,183,201,201,184,184,28,208,225,225,225,241,241,267,267,267,267],"floor_reached":31,"language":"ENG","playtime":1242,"items_purged":[],"score":334,"play_id":"e4121f3a-1b99-443b-b446-a6469601bb2b","local_time":"20210214164622","is_ascension_mode":false,"campfire_choices":[{"data":"infinitespire:Starlight","floor":6,"key":"SMITH"},{"data":"Cold Snap","floor":11,"key":"SMITH"}],"circlet_count":0,"master_deck":["conspire:GhostlyStrike","conspire:GhostlyStrike","conspire:GhostlyStrike+1","conspire:GhostlyStrike","conspire:GhostlyDefend","conspire:GhostlyDefend","conspire:GhostlyDefend","conspire:GhostlyDefend","Zap","Dualcast","Capacitor","Blizzard","Cold Snap+1","Coolheaded","Clumsy","Clumsy","Barrage","hubris:SpecializedCircuitry","Voices"],"relics":["Cracked Core","aspiration:Nostalgia","Ring of the Snake","Durian","potionbrewer:MortarAndPestle","infinitespire:Freezer","potionbrewer:SlideRule","Replay:Ancient Bell","halation:PrussianBluePaint","Kunai","Emotion Chip","potionbrewer:Keyblade","infinitespire:Lucky Rock","Cables","ReplayTheSpireMod:Ring of Exchange","ReplayTheSpireMod:Ring of Challenge"],"acts_visited":["Exordium","TheCity"],"potions_floor_usage":[14,29],"damage_taken":[{"damage":5,"enemies":"Small Slimes","floor":1,"turns":3},{"damage":11,"enemies":"Jaw Worm","floor":5,"turns":7},{"damage":36,"enemies":"Gremlin Nob","floor":7,"turns":5},{"damage":0,"enemies":"2 Louse","floor":12,"turns":3},{"damage":9,"enemies":"Lagavulin","floor":14,"turns":5},{"damage":22,"enemies":"The Guardian","floor":16,"turns":12},{"damage":5,"enemies":"Spheric Guardian","floor":18,"turns":4},{"damage":22,"enemies":"2 Thieves","floor":20,"turns":4},{"damage":15,"enemies":"Cultist and Chosen","floor":24,"turns":8},{"damage":21,"enemies":"Snake Plant","floor":27,"turns":7},{"damage":4,"enemies":"conspire:SneckoGhost","floor":29,"turns":8},{"damage":11,"enemies":"Centurion and Healer","floor":31,"turns":1}],"seed_played":"-1896318815661218494","potions_obtained":[{"floor":1,"key":"Block Potion"},{"floor":5,"key":"EssenceOfDarkness"},{"floor":16,"key":"CultistPotion"},{"floor":20,"key":"Venom Potion"},{"floor":27,"key":"SkillPotion"}],"is_trial":false,"path_per_floor":["M","?","?","?","M","R","E","T","T","$","R","M","?","E","R","B",null,"M","?","M","?","$","?","M","$","T","M","T","E","?","M"],"character_chosen":"DEFECT","items_purchased":["infinitespire:Freezer","potionbrewer:Keyblade"],"campfire_rested":0,"item_purchase_floors":[10,22],"current_hp_per_floor":[70,52,52,52,51,51,35,35,35,35,35,50,50,41,65,43,80,75,75,53,53,53,34,19,24,24,3,3,9,9,0,0],"gold":267,"neow_bonus":"NOSTALGIA","is_daily":false,"chose_seed":false,"campfire_upgraded":2,"win_rate":0.0,"timestamp":1613313982,"path_taken":["M","?","?","?","?","R","E","?","T","$","R","?","?","E","R","BOSS","M","?","?","?","?","?","?","?","T","?","?","E","?","?"],"items_purchased_type":["Relic","Relic"],"build_version":"2020-12-22","purchased_purges":0,"victory":false,"max_hp_per_floor":[75,75,75,75,75,75,80,80,80,80,80,80,80,80,80,80,80,80,80,80,80,80,80,80,80,80,80,80,80,80,80,80],"card_choices":[{"not_picked":["Cold Snap","Compile Driver"],"picked":"Capacitor","floor":1},{"not_picked":["infinitespire:TheBestDefense","infinitespire:Gouge"],"picked":"infinitespire:Starlight","floor":2},{"not_picked":["Heatsinks","ReplayTheSpireMod:Reroute Power"],"picked":"Blizzard","floor":5},{"not_picked":["Fusion","Panic Button"],"picked":"Cold Snap","floor":7},{"not_picked":["Streamline","Recycle","Rebound"],"picked":"SKIP","floor":12},{"not_picked":["Cold Snap","Go for the Eyes"],"picked":"Coolheaded","floor":14},{"not_picked":["hubris:Greed","Pain"],"picked":"Clumsy","floor":17},{"not_picked":["hubris:Envy","Parasite"],"picked":"Writhe","floor":17},{"not_picked":["Voices","Pain"],"picked":"Clumsy","floor":17},{"not_picked":["Sweeping Beam","ReplaySort+1","Compile Driver"],"picked":"SKIP","floor":18},{"not_picked":["Leap","Hologram","Gash"],"picked":"SKIP","floor":20},{"not_picked":["Fusion","Gash"],"picked":"Barrage","floor":24},{"not_picked":["Redo","conspire:SharedLibrary"],"picked":"hubris:SpecializedCircuitry","floor":27},{"not_picked":["Hologram+1","Streamline","Self Repair+1"],"picked":"SKIP","floor":29}],"player_experience":126951,"relics_obtained":[{"floor":7,"key":"Durian"},{"floor":8,"key":"potionbrewer:MortarAndPestle"},{"floor":14,"key":"potionbrewer:SlideRule"},{"floor":26,"key":"infinitespire:Lucky Rock"},{"floor":29,"key":"Cables"},{"floor":30,"key":"ReplayTheSpireMod:Ring of Exchange"},{"floor":30,"key":"ReplayTheSpireMod:Ring of Challenge"}],"event_choices":[{"damage_healed":0,"gold_gain":0,"player_choice":"Agree","damage_taken":0,"max_hp_gain":0,"max_hp_loss":0,"event_name":"conspire:LoneGhost","floor":4,"gold_loss":0},{"cards_removed":["Replay:Fractal Strike"],"damage_healed":5,"gold_gain":0,"player_choice":"Offered Special","damage_taken":0,"max_hp_gain":0,"max_hp_loss":0,"event_name":"Bonfire Elementals","floor":19,"gold_loss":0},{"cards_removed":["Writhe"],"damage_healed":0,"gold_gain":0,"player_choice":"Elegance","damage_taken":0,"max_hp_gain":0,"max_hp_loss":0,"event_name":"Back to Basics","floor":21,"gold_loss":0},{"damage_healed":0,"gold_gain":180,"player_choice":"GOLD GOLD ","damage_taken":19,"max_hp_gain":0,"max_hp_loss":0,"event_name":"Knowing Skull","floor":23,"potions_obtained":[],"gold_loss":0,"cards_obtained":[]}],"is_beta":false,"boss_relics":[{"not_picked":["energizedSpire:DeadBattery","halation:LoveArrow"],"picked":"Replay:Ancient Bell"},{"not_picked":["ReplayFunnel","Art of War"],"picked":"halation:PrussianBluePaint"},{"not_picked":["Iron Hammer","hubris:CrystalStatue"],"picked":"Kunai"},{"not_picked":["CaptainsWheel","Replay:Towering Pillar of Hats"],"picked":"Emotion Chip"}],"items_purged_floors":[],"is_endless":false,"potions_floor_spawned":[1,5,16,20,27],"killed_by":"Centurion and Healer","ascension_level":0}}