{"host":"178rghtqlvp3zue2","time":1613286250,"event":{"mods":["2.2 Compatiblity","AchievementEnabler","BaseMod","DeckTracker","Minty Spire (QoL Compilation)","Quick Restart","SuperFastMode","The Servant 0.9.4"],"gold_per_floor":[113,113,129,129,150,191,191,210,261,296,310,50,50,81,81,81,81],"floor_reached":16,"language":"KOR","playtime":648,"items_purged":[],"score":116,"play_id":"6db34f79-5d37-4f73-85a9-7e560cb1b46d","local_time":"20210214160410","is_ascension_mode":true,"campfire_choices":[{"data":"KidneyShot","floor":7,"key":"SMITH"},{"floor":13,"key":"REST"},{"floor":15,"key":"REST"}],"circlet_count":0,"master_deck":["Strike_S","Strike_S","Strike_S","Strike_S","Defend_S","Defend_S","Defend_S","Defend_S","KidneyShot+1","Exchange","Ricochet","Solidify","Defy","Misdirection","Starlight","Revamp","Duplication","FanOfKnives","FastForward"],"relics":["Uniform","NeowsBlessing","Golden Idol","Singing Bowl","Broom","Juzu Bracelet","Mummified Hand","Odd Mushroom"],"acts_visited":[],"potions_floor_usage":[16,16,16],"damage_taken":[{"damage":0,"enemies":"2 Louse","floor":1,"turns":1},{"damage":0,"enemies":"Cultist","floor":3,"turns":1},{"damage":0,"enemies":"Small Slimes","floor":5,"turns":1},{"damage":19,"enemies":"Lagavulin","floor":6,"turns":8},{"damage":0,"enemies":"2 Fungi Beasts","floor":8,"turns":3},{"damage":19,"enemies":"Gremlin Nob","floor":10,"turns":5},{"damage":0,"enemies":"Red Slaver","floor":11,"turns":3},{"damage":9,"enemies":"The Mushroom Lair","floor":14,"turns":4},{"damage":40,"enemies":"Hexaghost","floor":16,"turns":11}],"seed_played":"3753561075993843695","potions_obtained":[{"floor":1,"key":"AttackPotion"},{"floor":6,"key":"SkillPotion"},{"floor":10,"key":"ColorlessPotion"}],"is_trial":false,"path_per_floor":["M","?","M","?","M","E","R","M","T","E","M","$","R","?","R","B"],"character_chosen":"THE_SERVANT","items_purchased":["Mummified Hand"],"campfire_rested":2,"item_purchase_floors":[12],"current_hp_per_floor":[65,65,65,49,49,30,30,30,30,11,11,11,30,21,40,0,0],"gold":81,"neow_bonus":"THREE_ENEMY_KILL","is_daily":false,"chose_seed":false,"campfire_upgraded":1,"win_rate":0.0,"timestamp":1613286250,"path_taken":["M","?","?","?","M","E","R","M","T","E","M","$","R","?","R","BOSS"],"items_purchased_type":["Relic"],"build_version":"2020-12-22","purchased_purges":0,"victory":false,"max_hp_per_floor":[65,65,65,65,65,65,65,65,65,65,65,65,65,65,65,65,65],"card_choices":[{"not_picked":["ShatteredReality","Replace"],"picked":"Ricochet","floor":1},{"not_picked":["Comet","TimeWarp"],"picked":"Defy","floor":3},{"not_picked":["Starlight","Moonlight"],"picked":"Misdirection","floor":5},{"not_picked":["Alleviate","Barrier"],"picked":"Starlight","floor":6},{"not_picked":["TimeWarp","Alleviate"],"picked":"Revamp","floor":8},{"not_picked":["Unruled","Shuttle"],"picked":"Duplication","floor":10},{"not_picked":["Rewind","Collapse"],"picked":"FanOfKnives","floor":11},{"not_picked":["Replace","Defy"],"picked":"FastForward","floor":14}],"player_experience":277078,"relics_obtained":[{"floor":6,"key":"Singing Bowl"},{"floor":9,"key":"Broom"},{"floor":10,"key":"Juzu Bracelet"},{"floor":14,"key":"Odd Mushroom"}],"event_choices":[{"damage_healed":0,"gold_gain":0,"player_choice":"1 cards matched","damage_taken":0,"max_hp_gain":0,"max_hp_loss":0,"event_name":"Match and Keep!","floor":2,"gold_loss":0,"cards_obtained":["Solidify"]},{"damage_healed":0,"gold_gain":0,"player_choice":"Take Damage","damage_taken":16,"relics_obtained":["Golden Idol"],"max_hp_gain":0,"max_hp_loss":0,"event_name":"Golden Idol","floor":4,"gold_loss":0},{"damage_healed":0,"gold_gain":0,"player_choice":"Fought Mushrooms","damage_taken":0,"max_hp_gain":0,"max_hp_loss":0,"event_name":"Mushrooms","floor":14,"gold_loss":0}],"is_beta":false,"boss_relics":[],"items_purged_floors":[],"is_endless":false,"potions_floor_spawned":[1,6,10,14],"killed_by":"Hexaghost","ascension_level":1}}