{"host":"c83fcgyuu74iknko","time":1613265041,"event":{"mods":["BaseMod","Colored Map","Colored Powertips","Minty Spire (QoL Compilation)","Quick Restart","StSLib","The Animator","The Senshi"],"gold_per_floor":[112,112,174,120,134,151,180,242,277,359,400,10,60,72,72,72,72],"floor_reached":16,"language":"ENG","playtime":911,"items_purged":[],"score":110,"play_id":"611b794d-ea01-4399-bff3-7477bfc69eb9","local_time":"20210213171041","is_ascension_mode":false,"campfire_choices":[{"data":"theSenshi:SailorPlanetPower","floor":15,"key":"SMITH"}],"circlet_count":0,"master_deck":["theSenshi:SailorKick","theSenshi:SailorKick","theSenshi:SailorKick","theSenshi:SailorKick","theSenshi:SailorBlock","theSenshi:SailorBlock","theSenshi:SailorBlock","theSenshi:RoseThrow","theSenshi:MoonPrismPowerMakeUp","theSenshi:MoonCrisisMakeUp","theSenshi:MoonCosmicPowerMakeUp","theSenshi:MoonTiaraMagic","theSenshi:SailorMercuryAssists","theSenshi:MercurysCunning","theSenshi:SailorPlanetAttack","theSenshi:SailorStarMakerAssists","theSenshi:RainbowMoonHeartAche","theSenshi:SailorPlanetPower+1"],"relics":["theSenshi:TransformationBroochRelic","NeowsBlessing","SsserpentHead","MawBank","Lantern","Odd Mushroom","Bag of Marbles","theSenshi:CrescentMoonWandRelic","theSenshi:CrystalStarRelic","PreservedInsect"],"acts_visited":["Exordium"],"potions_floor_usage":[10],"damage_taken":[{"damage":0,"enemies":"Small Slimes","floor":1,"turns":1},{"damage":0,"enemies":"Cultist","floor":3,"turns":1},{"damage":0,"enemies":"Jaw Worm","floor":5,"turns":1},{"damage":4,"enemies":"Blue Slaver","floor":6,"turns":6},{"damage":18,"enemies":"Gremlin Nob","floor":7,"turns":4},{"damage":3,"enemies":"The Mushroom Lair","floor":10,"turns":3},{"damage":26,"enemies":"Lagavulin","floor":11,"turns":10},{"damage":0,"enemies":"3 Louse","floor":14,"turns":2},{"damage":31,"enemies":"The Guardian","floor":16,"turns":2}],"seed_played":"-3806641710570078681","potions_obtained":[{"floor":1,"key":"Energy Potion"},{"floor":5,"key":"Explosive Potion"},{"floor":6,"key":"Weak Potion"},{"floor":11,"key":"Weak Potion"}],"is_trial":false,"path_per_floor":["M","?","M","$","M","M","E","?","T","?","E","$","T","M","R","B"],"character_chosen":"THE_SENSHI","items_purchased":["theSenshi:MoonTiaraMagic","theSenshi:CrescentMoonWandRelic","theSenshi:CrystalStarRelic"],"campfire_rested":0,"item_purchase_floors":[4,12,12],"current_hp_per_floor":[75,75,75,75,75,71,53,46,46,43,17,17,17,19,19,0,0],"gold":72,"neow_bonus":"THREE_ENEMY_KILL","is_daily":false,"chose_seed":false,"campfire_upgraded":1,"win_rate":0.0,"timestamp":1613265041,"path_taken":["M","?","?","$","M","M","E","?","T","?","E","$","?","M","R","BOSS"],"items_purchased_type":["Card","Relic","Relic"],"build_version":"2020-12-22","purchased_purges":0,"victory":false,"max_hp_per_floor":[75,75,75,75,75,75,75,75,75,75,75,75,75,75,75,75,75],"card_choices":[{"not_picked":["theSenshi:MoonCosmicPowerMakeUp","theSenshi:MoonTiaraMagic"],"picked":"theSenshi:MoonCrisisMakeUp","floor":1},{"not_picked":["theSenshi:MoonSpiralHeartAttack","theSenshi:SailorPlanetPower"],"picked":"theSenshi:MoonCosmicPowerMakeUp","floor":3},{"not_picked":["theSenshi:MoonTiaraMagic","theSenshi:SupersonicWaves"],"picked":"theSenshi:SailorMercuryAssists","floor":5},{"not_picked":["theSenshi:MoonTwilightFlash","theSenshi:MoonsReflection"],"picked":"theSenshi:MercurysCunning","floor":6},{"not_picked":["theSenshi:SailorStarFighterAssists","theSenshi:LunaWiseMentor"],"picked":"theSenshi:SailorPlanetAttack","floor":7},{"not_picked":["theSenshi:MoonCosmicPowerMakeUp","theSenshi:MoonTwilightFlash"],"picked":"theSenshi:SailorStarMakerAssists","floor":10},{"not_picked":["theSenshi:LunasBite","theSenshi:FatedKiss"],"picked":"theSenshi:RainbowMoonHeartAche","floor":11},{"not_picked":["theSenshi:Overload","theSenshi:EncouragingSpeech"],"picked":"theSenshi:SailorPlanetPower","floor":14}],"player_experience":247005,"relics_obtained":[{"floor":7,"key":"MawBank"},{"floor":9,"key":"Lantern"},{"floor":10,"key":"Odd Mushroom"},{"floor":11,"key":"Bag of Marbles"},{"floor":13,"key":"PreservedInsect"}],"event_choices":[{"damage_healed":0,"gold_gain":0,"player_choice":"Trade","damage_taken":0,"relics_obtained":["SsserpentHead"],"max_hp_gain":0,"max_hp_loss":0,"event_name":"FaceTrader","floor":2,"gold_loss":0},{"cards_removed":["theSenshi:SailorBlock"],"damage_healed":0,"gold_gain":0,"player_choice":"Card Removal","damage_taken":7,"max_hp_gain":0,"max_hp_loss":0,"event_name":"Golden Wing","floor":8,"gold_loss":0},{"damage_healed":0,"gold_gain":0,"player_choice":"Fought Mushrooms","damage_taken":0,"max_hp_gain":0,"max_hp_loss":0,"event_name":"Mushrooms","floor":10,"gold_loss":0}],"is_beta":false,"boss_relics":[],"items_purged_floors":[],"is_endless":false,"potions_floor_spawned":[1,5,6,11],"killed_by":"The Guardian","ascension_level":0}}