{"host":"x05n69rv5q9mps34","time":1613337627,"event":{"mods":["AchievementEnabler","BaseMod","Colored Map","Minty Spire (QoL Compilation)","SuperFastMode"],"gold_per_floor":[115,115,130,130,90,122,133,162,162,180,180,27,62,75,75,172,172,187,102,112,112,137,167,167,94,121,133,162,208,220,62,62,158,158,176,225,225,239,239,239],"floor_reached":39,"language":"ENG","playtime":2567,"items_purged":["Defend_P"],"score":509,"play_id":"34304695-38df-4bb7-9f53-228ab85d3b9b","local_time":"20210214192027","is_ascension_mode":true,"campfire_choices":[{"floor":11,"key":"REST"},{"data":"BattleHymn","floor":15,"key":"SMITH"},{"floor":24,"key":"REST"},{"floor":32,"key":"REST"}],"circlet_count":0,"master_deck":["Strike_P+1","Strike_P+1","Defend_P","Defend_P","Eruption","Vigilance","ClearTheMind","Protect","EmptyFist","Scrawl","Prostrate","Conclude","EmptyMind","BattleHymn+1","Prostrate","FlurryOfBlows","DeusExMachina","LikeWater+1","Prostrate","MasterReality","ThirdEye","Halt+1","MentalFortress","Adaptation+1","Vengeance","JustLucky","Brilliance","SashWhip+1","WheelKick","CrushJoints"],"relics":["PureWater","Du-Vu Doll","Whetstone","CaptainsWheel","TungstenRod","Darkstone Periapt","Black Star","Ginger","Red Mask","Mercury Hourglass","Gremlin Horn","MawBank","Enchiridion","Happy Flower","GoldenEye","Membership Card","SacredBark","Pocketwatch"],"acts_visited":["Exordium","TheCity","TheBeyond"],"potions_floor_usage":[6,10,22,23,36,36],"damage_taken":[{"damage":1,"enemies":"Cultist","floor":1,"turns":3},{"damage":0,"enemies":"Small Slimes","floor":3,"turns":3},{"damage":32,"enemies":"Gremlin Nob","floor":6,"turns":6},{"damage":0,"enemies":"2 Louse","floor":7,"turns":1},{"damage":13,"enemies":"3 Sentries","floor":8,"turns":8},{"damage":1,"enemies":"Looter","floor":10,"turns":3},{"damage":0,"enemies":"Lagavulin","floor":13,"turns":4},{"damage":0,"enemies":"3 Louse","floor":14,"turns":2},{"damage":8,"enemies":"The Guardian","floor":16,"turns":10},{"damage":3,"enemies":"Shell Parasite","floor":18,"turns":4},{"damage":6,"enemies":"2 Thieves","floor":20,"turns":2},{"damage":9,"enemies":"Masked Bandits","floor":22,"turns":3},{"damage":18,"enemies":"Slavers","floor":23,"turns":4},{"damage":1,"enemies":"3 Cultists","floor":28,"turns":5},{"damage":0,"enemies":"Book of Stabbing","floor":29,"turns":4},{"damage":1,"enemies":"Collector","floor":33,"turns":8},{"damage":17,"enemies":"3 Darklings","floor":35,"turns":4},{"damage":24,"enemies":"2 Orb Walkers","floor":36,"turns":3},{"damage":0,"enemies":"3 Shapes","floor":38,"turns":3},{"damage":49,"enemies":"Maw","floor":39,"turns":4}],"seed_played":"5413154285625545424","potions_obtained":[{"floor":5,"key":"SteroidPotion"},{"floor":5,"key":"CultistPotion"},{"floor":5,"key":"SneckoOil"},{"floor":6,"key":"DistilledChaos"},{"floor":10,"key":"Dexterity Potion"},{"floor":22,"key":"BottledMiracle"},{"floor":28,"key":"Ancient Potion"},{"floor":38,"key":"Block Potion"}],"is_trial":false,"path_per_floor":["M","T","M","?","?","E","M","E","T","M","R","$","E","M","R","B",null,"M","?","M","?","?","E","R","$","T","?","M","E","?","$","R","B",null,"M","?","?","M","M"],"character_chosen":"WATCHER","items_purchased":["BattleHymn","MentalFortress","Membership Card","JustLucky"],"campfire_rested":3,"item_purchase_floors":[12,25,31,31],"current_hp_per_floor":[71,71,71,71,71,39,39,26,26,25,46,46,46,46,46,38,72,69,69,63,63,54,36,57,57,57,45,44,44,32,32,55,54,77,60,36,36,36,0,0],"gold":239,"neow_bonus":"THREE_CARDS","is_daily":false,"chose_seed":false,"campfire_upgraded":1,"win_rate":0.0,"timestamp":1613337627,"path_taken":["M","?","M","?","?","E","M","E","T","M","R","$","E","?","R","BOSS","M","?","M","?","?","E","R","$","T","?","M","E","?","$","R","BOSS","M","?","?","M","?"],"items_purchased_type":["Card","Card","Relic","Card"],"build_version":"2020-12-22","purchased_purges":1,"victory":false,"max_hp_per_floor":[72,72,72,72,72,72,72,72,72,72,72,72,72,72,72,72,72,72,72,72,72,72,72,72,72,72,72,72,72,77,77,77,77,77,77,77,77,77,77,77],"card_choices":[{"not_picked":["FlyingSleeves","Halt"],"picked":"ClearTheMind","floor":0},{"not_picked":["FlyingSleeves","ClearTheMind"],"picked":"Protect","floor":1},{"not_picked":["Halt","ClearTheMind"],"picked":"EmptyFist","floor":3},{"not_picked":["Halt","WheelKick"],"picked":"Scrawl","floor":6},{"not_picked":["ClearTheMind","Collect"],"picked":"Prostrate","floor":7},{"not_picked":["SignatureMove","Weave"],"picked":"Conclude","floor":8},{"not_picked":["CarveReality","DeceiveReality"],"picked":"EmptyMind","floor":10},{"not_picked":["SignatureMove","Blasphemy"],"picked":"Prostrate","floor":13},{"not_picked":["Crescendo","Protect"],"picked":"FlurryOfBlows","floor":14},{"not_picked":["Scrawl","Omniscience"],"picked":"DeusExMachina","floor":16},{"not_picked":["EmptyBody","ForeignInfluence"],"picked":"LikeWater+1","floor":18},{"not_picked":["Protect","CutThroughFate"],"picked":"Prostrate","floor":20},{"not_picked":["CutThroughFate","ForeignInfluence+1"],"picked":"Halt+1","floor":23},{"not_picked":["CrushJoints+1","Weave"],"picked":"Adaptation+1","floor":28},{"not_picked":["DeceiveReality","Conclude+1"],"picked":"Vengeance","floor":29},{"not_picked":["Vault","MasterReality"],"picked":"Brilliance","floor":33},{"not_picked":["BowlingBash","EmptyBody+1"],"picked":"SashWhip+1","floor":35},{"not_picked":["ThirdEye+1","Pray+1"],"picked":"WheelKick","floor":36},{"not_picked":["Swivel","Conclude+1","Perseverance"],"picked":"SKIP","floor":38}],"player_experience":994293,"relics_obtained":[{"floor":2,"key":"Du-Vu Doll"},{"floor":6,"key":"Whetstone"},{"floor":8,"key":"CaptainsWheel"},{"floor":9,"key":"TungstenRod"},{"floor":13,"key":"Darkstone Periapt"},{"floor":22,"key":"Red Mask"},{"floor":23,"key":"Mercury Hourglass"},{"floor":23,"key":"Gremlin Horn"},{"floor":26,"key":"MawBank"},{"floor":27,"key":"Enchiridion"},{"floor":29,"key":"Happy Flower"},{"floor":29,"key":"GoldenEye"},{"floor":36,"key":"Pocketwatch"}],"event_choices":[{"damage_healed":0,"gold_gain":0,"player_choice":"Ignored","damage_taken":0,"max_hp_gain":0,"max_hp_loss":0,"event_name":"Golden Wing","floor":4,"gold_loss":0},{"damage_healed":0,"gold_gain":0,"player_choice":"Bought 3 Potions","damage_taken":0,"max_hp_gain":0,"max_hp_loss":0,"event_name":"The Woman in Blue","floor":5,"gold_loss":0},{"damage_healed":0,"gold_gain":0,"player_choice":"Obtained Relic","damage_taken":0,"relics_obtained":["Ginger"],"max_hp_gain":0,"max_hp_loss":0,"event_name":"Addict","floor":19,"gold_loss":85},{"damage_healed":0,"gold_gain":0,"cards_transformed":["Strike_P","Defend_P"],"player_choice":"Became Test Subject","damage_taken":0,"max_hp_gain":0,"max_hp_loss":0,"event_name":"Drug Dealer","floor":21,"gold_loss":0,"cards_obtained":["MasterReality","ThirdEye"]},{"damage_healed":0,"gold_gain":0,"player_choice":"Fought Bandits","damage_taken":0,"max_hp_gain":0,"max_hp_loss":0,"event_name":"Masked Bandits","floor":22,"gold_loss":0},{"damage_healed":0,"gold_gain":0,"player_choice":"Obtained Book","damage_taken":16,"max_hp_gain":0,"max_hp_loss":0,"event_name":"Cursed Tome","floor":27,"gold_loss":0},{"damage_healed":0,"gold_gain":0,"player_choice":"Shed Blood","damage_taken":18,"max_hp_gain":5,"max_hp_loss":0,"event_name":"Forgotten Altar","floor":30,"gold_loss":0},{"damage_healed":0,"gold_gain":0,"player_choice":"Fight","damage_taken":0,"max_hp_gain":0,"max_hp_loss":0,"event_name":"Mysterious Sphere","floor":36,"gold_loss":0},{"damage_healed":0,"gold_gain":0,"cards_transformed":["Strike_P"],"player_choice":"Transformed","damage_taken":0,"max_hp_gain":0,"max_hp_loss":0,"event_name":"Transmorgrifier","floor":37,"gold_loss":0,"cards_obtained":["CrushJoints"]}],"is_beta":false,"boss_relics":[{"not_picked":["Velvet Choker","Empty Cage"],"picked":"Black Star"},{"not_picked":["Tiny House","Astrolabe"],"picked":"SacredBark"}],"items_purged_floors":[12],"is_endless":false,"potions_floor_spawned":[6,8,10,13,22,28,38],"killed_by":"Maw","ascension_level":1}}