{"host":"fdq5pmhluajjrf8d","time":1613327782,"event":{"mods":["BaseMod","Minty Spire (QoL Compilation)"],"gold_per_floor":[115,115,132,142,142,168,168,202,202,217,217,237,251,251,251,324,324,335,335,275,275],"floor_reached":20,"language":"ENG","playtime":739,"items_purged":[],"score":468,"play_id":"9d61a38c-a676-4d86-a617-f6da72bece96","local_time":"20210214133622","is_ascension_mode":true,"campfire_choices":[{"data":"Core Surge","floor":7,"key":"SMITH"},{"floor":11,"key":"REST"},{"floor":15,"key":"REST"}],"circlet_count":0,"master_deck":["AscendersBane","Strike_B","Strike_B","Strike_B","Strike_B","Defend_B","Defend_B","Defend_B","Zap+1","Dualcast","Redo+1","Ball Lightning","Core Surge+1","Redo","Biased Cognition","Thunder Strike","Seek","CurseOfTheBell"],"relics":["Cracked Core","Blue Candle","Bottled Lightning","Mercury Hourglass","Mummified Hand","Calling Bell","Juzu Bracelet","White Beast Statue","Calipers"],"acts_visited":["Exordium","TheCity"],"potions_floor_usage":[10,16,19,20,20],"damage_taken":[{"damage":7.0,"enemies":"Jaw Worm","floor":1.0,"turns":3.0},{"damage":0,"enemies":"Cultist","floor":3,"turns":3},{"damage":3,"enemies":"Small Slimes","floor":4,"turns":2},{"damage":29,"enemies":"Lagavulin","floor":6,"turns":6},{"damage":11,"enemies":"Gremlin Nob","floor":8,"turns":3},{"damage":7,"enemies":"Exordium Thugs","floor":10,"turns":3},{"damage":6,"enemies":"Looter","floor":12,"turns":2},{"damage":1,"enemies":"2 Fungi Beasts","floor":13,"turns":2},{"damage":0,"enemies":"Slime Boss","floor":16,"turns":5},{"damage":49,"enemies":"Shell Parasite","floor":18,"turns":5},{"damage":0,"enemies":"Masked Bandits","floor":19,"turns":1},{"damage":24,"enemies":"2 Thieves","floor":20,"turns":2}],"seed_played":"-2004410144934294039","potions_obtained":[{"floor":3,"key":"Swift Potion"},{"floor":8,"key":"LiquidMemories"},{"floor":10,"key":"SmokeBomb"},{"floor":13,"key":"FearPotion"},{"floor":18,"key":"EntropicBrew"}],"is_trial":false,"path_per_floor":["M","?","M","M","?","E","R","E","T","M","R","M","M","?","R","B",null,"M","?","M"],"character_chosen":"DEFECT","items_purchased":[],"campfire_rested":2,"item_purchase_floors":[],"current_hp_per_floor":[57,57,57,54,54,25,25,14,14,7,28,22,21,21,42,42,64,15,15,0,0],"gold":275,"neow_bonus":"UPGRADE_CARD","is_daily":false,"chose_seed":false,"campfire_upgraded":1,"win_rate":0.0,"timestamp":1613327782,"path_taken":["M","?","M","?","?","E","R","E","T","?","R","M","M","?","R","BOSS","M","?","M"],"items_purchased_type":[],"build_version":"2020-12-22","purchased_purges":0,"victory":false,"max_hp_per_floor":[71,71,71,71,71,71,71,71,71,71,71,71,71,71,71,71,71,71,71,71,71],"card_choices":[{"not_picked":["Ball Lightning","Skim"],"picked":"Redo","floor":1},{"not_picked":["Rebound","Cold Snap"],"picked":"Ball Lightning","floor":3},{"not_picked":["Hello World","Streamline"],"picked":"Core Surge","floor":4},{"not_picked":["Skim","Force Field","Chill"],"picked":"SKIP","floor":6},{"not_picked":["Go for the Eyes","Sunder"],"picked":"Redo","floor":8},{"not_picked":["Rebound","Turbo","Beam Cell"],"picked":"SKIP","floor":10},{"not_picked":["Redo","Steam Power"],"picked":"Biased Cognition","floor":12},{"not_picked":["Turbo","Blizzard","Stack"],"picked":"SKIP","floor":13},{"not_picked":["Hyperbeam","All For One"],"picked":"Seek","floor":16},{"not_picked":["Auto Shields","Sweeping Beam","Rebound"],"picked":"SKIP","floor":18}],"player_experience":1982816,"relics_obtained":[{"floor":6,"key":"Bottled Lightning"},{"floor":8,"key":"Mercury Hourglass"},{"floor":9,"key":"Mummified Hand"},{"floor":17,"key":"Juzu Bracelet"},{"floor":17,"key":"White Beast Statue"},{"floor":17,"key":"Calipers"}],"event_choices":[{"damage_healed":0,"gold_gain":0,"player_choice":"Upgraded","damage_taken":0,"max_hp_gain":0,"max_hp_loss":0,"event_name":"Upgrade Shrine","floor":2,"gold_loss":0,"cards_upgraded":["Redo"]},{"damage_healed":0,"gold_gain":0,"player_choice":"Gave Potion","damage_taken":0,"relics_obtained":["Blue Candle"],"max_hp_gain":0,"max_hp_loss":0,"event_name":"WeMeetAgain","floor":5,"gold_loss":0},{"damage_healed":0,"gold_gain":0,"cards_transformed":["Defend_B"],"player_choice":"Transformed","damage_taken":0,"max_hp_gain":0,"max_hp_loss":0,"event_name":"Transmorgrifier","floor":14,"gold_loss":0,"cards_obtained":["Thunder Strike"]},{"damage_healed":0,"gold_gain":0,"player_choice":"Fought Bandits","damage_taken":0,"max_hp_gain":0,"max_hp_loss":0,"event_name":"Masked Bandits","floor":19,"gold_loss":0}],"is_beta":false,"boss_relics":[{"not_picked":["Busted Crown","Nuclear Battery"],"picked":"Calling Bell"}],"items_purged_floors":[],"is_endless":false,"potions_floor_spawned":[3,8,10,13,18,19],"killed_by":"2 Thieves","ascension_level":20}}