{"host":"2d926qfvvz477zl6","time":1613347196,"event":{"mods":["Aspiration","BaseMod","Bossed Relics","Challenge The Spire","Conspire","Downfall","Energized Spire","GungeonMod","Halation","Hermit","Hubris","Infinite Spire","Marked Mod","Minty Spire (QoL Compilation)","Morshu Shopkeeper","Rare Cards Sparkle","Reliquary","Replay The Spire","Retaliation","Shedinja","Somnambulant","Spicy Shops","StSLib","Td1madao Mod","The Blue Laboratory","The Bug Knight","The Disciple","The Hierophant","The IronCluck","The Senshi","Wandering Minibosses","Wide Potions","everything is the same but u backflip on backflip","slay the spire mod where everything is the same but ironclad has a cowboy hat"],"gold_per_floor":[99,111,131,144,144,44,44,44,74,74,87,122,122,155,173,273,273,273,286,302,23,43,28,110,10,28,43,75,86,86,103,113,213,213,113,133,133,149,27,38,38,38,57,57,68,68,94,122,142,142,142,177,29,29,29,29],"floor_reached":57,"language":"ENG","playtime":3194,"items_purged":[],"score":1742,"play_id":"913d05e2-f91d-4964-b0a7-6afd0b51c88d","local_time":"20210214185956","is_ascension_mode":true,"campfire_choices":[{"floor":1.0,"key":"RECALL"},{"data":"Shedinja:LumBerry","floor":6.0,"key":"SMITH"},{"data":"Shedinja:StruggleBug","floor":8.0,"key":"SMITH"},{"data":"Shedinja:FocusSash","floor":10.0,"key":"SMITH"},{"data":"Shedinja:StringShot","floor":13.0,"key":"SMITH"},{"data":"Shedinja:Mimic","floor":30.0,"key":"SMITH"},{"data":"Pain","floor":35.0,"key":"PURGE"},{"data":"ReplayTheSpireMod:Chaos Vortex","floor":54,"key":"SMITH"}],"circlet_count":0,"master_deck":["Shedinja:Scratch","Shedinja:Scratch","Shedinja:Scratch","Shedinja:Scratch","Shedinja:Scratch","Shedinja:Endure","Shedinja:Endure","Shedinja:Endure","Shedinja:Endure","Shedinja:Endure","Shedinja:FocusSash","Shedinja:FocusSash+1","Shedinja:StruggleBug+1","Shedinja:ShadowClaw","Shedinja:LumBerry+1","Shedinja:ConfuseRay","Shedinja:SuckerPunch","Shedinja:StringShot+1","Shedinja:Elixir","Shedinja:Rest","Shedinja:StruggleBug","Shedinja:NightSlash","Shedinja:WillOWisp","Shedinja:HYPERBEAM+1","Shedinja:StruggleBug","Shedinja:NightSlash","Shedinja:PowerBelt","Shedinja:ShadowSneak","Shedinja:Ether","Shedinja:Mimic+1","Shedinja:NightSlash","Shedinja:WillOWisp","Shedinja:DoubleTeam+1","Shedinja:FurySwipes","Shedinja:FurySwipes+1","Shedinja:ShadowSneak","Shedinja:BugBuzz","Doubt","Shedinja:SuckerPunch+1","ReplayTheSpireMod:Chaos Vortex+1","ReplayTheSpireMod:Book of Names+1","Shedinja:NightSlash+1","Shedinja:HYPERBEAM","Shedinja:PowerBelt+1","Doubt","Shedinja:StruggleBug+1","Shedinja:PowerBracer+1","Shedinja:Toxic","Shedinja:ConfuseRay","Shedinja:StruggleBug","Shedinja:StruggleBug","Shedinja:ConfuseRay","Shedinja:PowerBracer"],"relics":["Shedinja:WonderGuard","DemoMod:GlassGuonStoneRelic","WarpedTongs","downfall:HeartBlessingRed","Pen Nib","Juzu Bracelet","aspiration:ArtOfWarUpgrade","energizedSpire:RedRose","DemoMod:Metronome","downfall:HeartBlessingBlue","StrikeDummy","bronze:MakeshiftBattery","downfall:HeartBlessingGreen","DemoMod:WhiteGuonStone","DemoMod:ResourcefulSack","Pen Nib","conspire:DecoderRing","InkBottle","aspiration:VileToxins"],"acts_visited":["Exordium","TheCity","TheBeyond","TheEnding"],"potions_floor_usage":[50],"damage_taken":[{"damage":0.0,"enemies":"2 Louse","floor":2.0,"turns":3.0},{"damage":0.0,"enemies":"Cultist","floor":3.0,"turns":6.0},{"damage":0.0,"enemies":"Small Slimes","floor":4.0,"turns":4.0},{"damage":0.0,"enemies":"Lagavulin","floor":9.0,"turns":9.0},{"damage":0.0,"enemies":"Gremlin Gang","floor":11.0,"turns":4.0},{"damage":0.0,"enemies":"Gremlin Nob","floor":12.0,"turns":6.0},{"damage":0.0,"enemies":"Lagavulin","floor":14.0,"turns":7.0},{"damage":0.0,"enemies":"Blue Slaver","floor":15.0,"turns":5.0},{"damage":0.0,"enemies":"WA_ARCHETYPE_RETAIN","floor":16.0,"turns":8.0},{"damage":0.0,"enemies":"Spheric Guardian","floor":19.0,"turns":5.0},{"damage":0.0,"enemies":"conspire:FuzzyDice","floor":20.0,"turns":16.0},{"damage":0.0,"enemies":"downfall:FleeingMerchant","floor":21.0,"turns":5.0},{"damage":0.0,"enemies":"Snecko","floor":22.0,"turns":6.0},{"damage":0.0,"enemies":"downfall:FleeingMerchant","floor":23.0,"turns":5.0},{"damage":0.0,"enemies":"Centurion and Healer","floor":26.0,"turns":6.0},{"damage":0.0,"enemies":"Shelled Parasite and Fungi","floor":27.0,"turns":4.0},{"damage":0.0,"enemies":"Replay:Snechameleon","floor":28.0,"turns":6.0},{"damage":0.0,"enemies":"Chosen and Byrds","floor":29.0,"turns":3.0},{"damage":0.0,"enemies":"Cultist and Chosen","floor":31.0,"turns":4.0},{"damage":0.0,"enemies":"3 Cultists","floor":32.0,"turns":1.0},{"damage":0.0,"enemies":"IC_MUSHROOM_ARCHETYPE","floor":33.0,"turns":8.0},{"damage":0.0,"enemies":"3 Shapes","floor":36.0,"turns":3.0},{"damage":0.0,"enemies":"3 Darklings","floor":38.0,"turns":2.0},{"damage":0.0,"enemies":"downfall:FleeingMerchant","floor":39.0,"turns":5.0},{"damage":0.0,"enemies":"Jaw Worm Horde","floor":40.0,"turns":3.0},{"damage":0.0,"enemies":"Sphere and 2 Shapes","floor":43.0,"turns":2.0},{"damage":0,"enemies":"3 Darklings","floor":45,"turns":1},{"damage":0,"enemies":"conspire:MimicChest","floor":47,"turns":3},{"damage":0,"enemies":"Nemesis","floor":48,"turns":5},{"damage":0,"enemies":"Maw","floor":49,"turns":5},{"damage":0,"enemies":"SI_POISON_ARCHETYPE","floor":50,"turns":8},{"damage":0,"enemies":"downfall:CharBossMerchant","floor":52,"turns":6},{"damage":0,"enemies":"downfall:NeowBoss","floor":55,"turns":10},{"damage":0,"enemies":"downfall:NeowBossFinal","floor":56,"turns":11}],"seed_played":"7655783696715494640","potions_obtained":[{"floor":9.0,"key":"blueLaboratory:AbyssPotion"},{"floor":11.0,"key":"blueLaboratory:BottleOfRum"},{"floor":12.0,"key":"Block Potion"},{"floor":16.0,"key":"LiquidBronze"},{"floor":22.0,"key":"LifebloodPotion"},{"floor":28.0,"key":"champ:CounterPotion"},{"floor":33.0,"key":"DDmod:CleansePotion"},{"floor":43,"key":"SpeedPotion"}],"is_trial":false,"path_per_floor":["R","M","M","M","?","R","T","R","E","R","M","E","R","E","M","B",null,"R","M","M","$","M","$","T","R","M","M","E","M","R","M","M","B",null,"R","M","?","M","$","M","T","AVR","M","?","M","?","?","E","M","B",null,"E","$","R","B","B",null],"character_chosen":"THE_DEFAULT","items_purchased":["DemoMod:Metronome","Shedinja:HYPERBEAM+1","Shedinja:BugBuzz","DemoMod:WhiteGuonStone","DemoMod:ResourcefulSack","Shedinja:StruggleBug","Shedinja:ConfuseRay","Shedinja:PowerBracer"],"campfire_rested":0,"item_purchase_floors":[21,21,39,39,39,53,53,53],"current_hp_per_floor":[1,1,1,1,1,1,1,1,1,1,1,1,1,1,1,1,1,1,1,1,1,1,1,1,1,1,1,1,1,1,1,1,1,1,1,1,1,1,1,1,1,1,1,1,1,1,1,1,1,1,1,1,1,1,1,1],"gold":29,"neow_bonus":"TEN_PERCENT_HP_BONUS","is_daily":false,"chose_seed":false,"campfire_upgraded":6,"win_rate":0.0,"timestamp":1613347196,"path_taken":["R","M","M","M","?","R","T","R","E","R","M","E","R","E","M","BOSS","R","M","M","?","M","$","T","R","M","M","E","M","R","M","M","BOSS","R","M","?","M","$","M","T","AVR","M","?","M","?","?","E","M","BOSS","E","$","R","BOSS","BOSS"],"items_purchased_type":["Relic","Card","Card","Relic","Relic","Card","Card","Card"],"build_version":"2020-12-22","purchased_purges":0,"victory":true,"max_hp_per_floor":[1,1,1,1,1,1,1,1,1,1,1,1,1,1,1,1,1,1,1,1,1,1,1,1,1,1,1,1,1,1,1,1,1,1,1,1,1,1,1,1,1,1,1,1,1,1,1,1,1,1,1,1,1,1,1,1],"card_choices":[{"not_picked":["Shedinja:Mimic","Shedinja:WillOWisp"],"picked":"Shedinja:StruggleBug","floor":2.0},{"not_picked":["Shedinja:GigaDrain","Shedinja:PowerBelt"],"picked":"Shedinja:ShadowClaw","floor":3.0},{"not_picked":["Shedinja:MindReader","Shedinja:Facade"],"picked":"Shedinja:LumBerry","floor":4.0},{"not_picked":["Shedinja:PowerBracer","Shedinja:Ether"],"picked":"Shedinja:ConfuseRay","floor":9.0},{"not_picked":["Shedinja:PowerBracer","Shedinja:Mimic"],"picked":"Shedinja:SuckerPunch","floor":11.0},{"not_picked":["Shedinja:PowerBracer","Shedinja:ArtifactCard"],"picked":"Shedinja:StringShot","floor":12.0},{"not_picked":["Shedinja:SuckerPunch","Shedinja:PowerBracer"],"picked":"Shedinja:Elixir","floor":14.0},{"not_picked":["Shedinja:ArtifactCard","Shedinja:NightSlash"],"picked":"Shedinja:Rest","floor":15.0},{"not_picked":["Shedinja:Rest","Shedinja:Toxic"],"picked":"Shedinja:PokeBall","floor":16.0},{"not_picked":["Shedinja:ArtifactCard","Shedinja:Mimic"],"picked":"Shedinja:StruggleBug","floor":19.0},{"not_picked":["Shedinja:Facade+1","Shedinja:ShadowClaw"],"picked":"Shedinja:NightSlash","floor":20.0},{"not_picked":["Shedinja:PowerBracer","Shedinja:Facade"],"picked":"Shedinja:WillOWisp","floor":21.0},{"not_picked":["Shedinja:ConfuseRay","Shedinja:LumBerry"],"picked":"Shedinja:StruggleBug","floor":22.0},{"not_picked":["Shedinja:Mimic","Shedinja:RockyHelmet"],"picked":"Shedinja:NightSlash","floor":23.0},{"not_picked":["Shedinja:WillOWisp","Shedinja:GigaDrain+1"],"picked":"Shedinja:PowerBelt","floor":26.0},{"not_picked":["Shedinja:Round","Shedinja:Trick"],"picked":"Shedinja:ShadowSneak","floor":27.0},{"not_picked":["Shedinja:Absorb","Shedinja:SafetyGoggles"],"picked":"Shedinja:Ether","floor":28.0},{"not_picked":["Shedinja:SuckerPunch","Shedinja:MindReader"],"picked":"Shedinja:Mimic","floor":29.0},{"not_picked":["Shedinja:ShadowClaw","Shedinja:ArtifactCard+1"],"picked":"Shedinja:NightSlash","floor":31.0},{"not_picked":["Shedinja:Harden+1","Shedinja:PowerBracer"],"picked":"Shedinja:WillOWisp","floor":32.0},{"not_picked":["Shedinja:Substitute","Shedinja:HYPERBEAM"],"picked":"Shedinja:DoubleTeam","floor":33.0},{"not_picked":["Shedinja:Mimic","Shedinja:ArtifactCard+1"],"picked":"Shedinja:FurySwipes","floor":36.0},{"not_picked":["Shedinja:WillOWisp+1","Shedinja:Facade"],"picked":"Shedinja:FurySwipes+1","floor":38.0},{"not_picked":["Shedinja:Ether","Shedinja:PowerBracer+1"],"picked":"Shedinja:ShadowSneak","floor":39.0},{"not_picked":["Shedinja:Elixir","Shedinja:Mimic"],"picked":"Shedinja:SuckerPunch+1","floor":40.0},{"not_picked":["Shedinja:StringShot","Shedinja:Absorb"],"picked":"Shedinja:NightSlash+1","floor":43},{"not_picked":["Shedinja:Agility","Shedinja:RockyHelmet"],"picked":"Shedinja:PowerBelt+1","floor":45},{"not_picked":["Shedinja:Thief","Shedinja:Facade+1"],"picked":"Shedinja:StruggleBug+1","floor":47},{"not_picked":["Shedinja:Harden","Shedinja:PowerBracer+1","Shedinja:ShadowClaw"],"picked":"SKIP","floor":48},{"not_picked":["Shedinja:Harden","Shedinja:ShadowClaw"],"picked":"Shedinja:PowerBracer+1","floor":48},{"not_picked":["Shedinja:StringShot","Shedinja:Absorb"],"picked":"Shedinja:Toxic","floor":49},{"not_picked":["Shedinja:NightSlash+1","Shedinja:ArtifactCard"],"picked":"Shedinja:ConfuseRay","floor":52}],"player_experience":417204,"relics_obtained":[{"floor":7.0,"key":"Gremlin Food"},{"floor":9.0,"key":"Pen Nib"},{"floor":12.0,"key":"Juzu Bracelet"},{"floor":14.0,"key":"Art of War"},{"floor":28.0,"key":"StrikeDummy"},{"floor":41.0,"key":"reliquary:SculptingSteel"},{"floor":47,"key":"conspire:DecoderRing"},{"floor":48,"key":"InkBottle"},{"floor":52,"key":"aspiration:VileToxins"}],"event_choices":[{"damage_healed":0.0,"max_hp_gain":0.0,"max_hp_loss":0.0,"gold_gain":0.0,"event_name":"Accursed Blacksmith","player_choice":"Rummage","floor":5.0,"gold_loss":0.0,"damage_taken":0.0,"relics_obtained":["WarpedTongs"],"cards_obtained":["Pain"]}],"is_beta":false,"boss_relics":[{"not_picked":["Shedinja:BrightPowder","Black Star"],"picked":"energizedSpire:RedRose"},{"not_picked":["energizedSpire:NeverEndingSparkler","halation:PlatinumPhoenix"],"picked":"bronze:MakeshiftBattery"}],"items_purged_floors":[],"is_endless":false,"potions_floor_spawned":[9,11,12,16,20,22,28,29,33,40,43,47,49],"ascension_level":1}}