{"host":"ZYF","time":1613285447,"event":{"mods":["BaseMod","GungeonMod","Minty Spire (QoL Compilation)","Reliquary","Replay The Spire","StSLib"],"gold_per_floor":[118,293,76,76,176,176,190,190,243,253,253,267,300,317,317,317,317],"floor_reached":16,"language":"ZHS","playtime":476,"items_purged":["Doubt"],"score":100,"play_id":"f2f38c93-bdc6-4f14-839e-10d694c9513f","local_time":"20210214145047","is_ascension_mode":false,"campfire_choices":[{"data":"DemoMod:JK47","floor":6,"key":"SMITH"},{"data":"DemoMod:CrossBow","floor":8,"key":"SMITH"},{"data":"DemoMod:SAA","floor":11,"key":"SMITH"},{"data":"DemoMod:MachoBrace","floor":15,"key":"SMITH"}],"circlet_count":0,"master_deck":["DemoMod:Strike_Huntress","DemoMod:Strike_Huntress","DemoMod:Strike_Huntress","DemoMod:Defend_Huntress","DemoMod:Defend_Huntress","DemoMod:Defend_Huntress","DemoMod:Defend_Huntress","DemoMod:Roll","DemoMod:ManualReload","DemoMod:RustySidearm","DemoMod:CrossBow+1","DemoMod:JK47+1","DemoMod:DoubleSwitch","DemoMod:SAA+1","DemoMod:SAA","DemoMod:ThirdPartyController","DemoMod:MachoBrace+1"],"relics":["DemoMod:Dog","NeowsBlessing","DemoMod:GnawedKey","Gremlin Food","reliquary:ExpiredCoupon"],"acts_visited":["Exordium"],"potions_floor_usage":[13,13],"damage_taken":[{"damage":0,"enemies":"Small Slimes","floor":1,"turns":1},{"damage":0,"enemies":"2 Louse","floor":7,"turns":1},{"damage":0,"enemies":"Cultist","floor":10,"turns":1},{"damage":0,"enemies":"Blue Slaver","floor":12,"turns":3},{"damage":6,"enemies":"Gremlin Nob","floor":13,"turns":4},{"damage":4,"enemies":"Exordium Thugs","floor":14,"turns":4},{"damage":60,"enemies":"The Guardian","floor":16,"turns":12}],"seed_played":"111528792087508943","potions_obtained":[{"floor":1,"key":"Swift Potion"},{"floor":10,"key":"Block Potion"},{"floor":13,"key":"BlessingOfTheForge"}],"is_trial":false,"path_per_floor":["M","?","$","?","?","R","M","R","T","M","R","M","E","M","R","B"],"character_chosen":"HUNTRESS","items_purchased":["DemoMod:GnawedKey","DemoMod:DoubleSwitch"],"campfire_rested":0,"item_purchase_floors":[3,3],"current_hp_per_floor":[70,70,70,70,70,70,70,70,70,70,70,70,64,60,60,0,0],"gold":317,"neow_bonus":"THREE_ENEMY_KILL","is_daily":false,"chose_seed":false,"campfire_upgraded":4,"win_rate":0.0,"timestamp":1613285447,"path_taken":["M","?","$","?","?","R","M","R","T","M","R","M","E","?","R","BOSS"],"items_purchased_type":["Relic","Card"],"build_version":"2020-12-18","purchased_purges":1,"victory":false,"max_hp_per_floor":[70,70,70,70,70,70,70,70,70,70,70,70,70,70,70,70,70],"card_choices":[{"not_picked":["DemoMod:AC15","DemoMod:BattleInHaste"],"picked":"DemoMod:JK47","floor":1},{"not_picked":["DemoMod:CursedBullets","DemoMod:AWP","DemoMod:LifeOrb"],"picked":"SKIP","floor":7},{"not_picked":["DemoMod:GunstockTap","DemoMod:ZorGun"],"picked":"DemoMod:SAA","floor":10},{"not_picked":["DemoMod:MegaHand","DemoMod:BoxingGlove"],"picked":"DemoMod:SAA","floor":12},{"not_picked":["DemoMod:HardPowerCard","DemoMod:BoxingGlove"],"picked":"DemoMod:ThirdPartyController","floor":13},{"not_picked":["DemoMod:Ejector","DemoMod:BattleInHaste"],"picked":"DemoMod:MachoBrace","floor":14}],"player_experience":52081,"relics_obtained":[{"floor":9,"key":"Gremlin Food"},{"floor":13,"key":"reliquary:ExpiredCoupon"}],"event_choices":[{"damage_healed":0,"gold_gain":175,"player_choice":"AGREE","damage_taken":0,"max_hp_gain":0,"max_hp_loss":0,"event_name":"Liars Game","floor":2,"gold_loss":0,"cards_obtained":["Doubt"]},{"damage_healed":0,"gold_gain":100,"player_choice":"Pray","damage_taken":0,"max_hp_gain":0,"max_hp_loss":0,"event_name":"Golden Shrine","floor":5,"gold_loss":0}],"is_beta":true,"boss_relics":[],"items_purged_floors":[3],"is_endless":false,"potions_floor_spawned":[1,10,13],"killed_by":"The Guardian","ascension_level":0}}