{"host":"tf5skwcwe0vlu2md","time":1613308081,"event":{"mods":["BaseMod","Downfall","Highlight Path","Minty Spire (QoL Compilation)","Quick Restart","StSLib","The Hierophant"],"gold_per_floor":[115,115,91,104,66,66,93,105,152,184,197,197,254,271,271,368,418,429,344,27,127,139,167,184,204,228,260,260,0,78,78,78,78,78],"floor_reached":33,"playtime":1498,"items_purged":[],"score":350,"play_id":"bc2103cf-5e2b-4770-bd13-2bcc6438c257","local_time":"20210215000801","is_ascension_mode":true,"campfire_choices":[{"data":"Die Die Die","floor":6,"key":"SMITH"},{"data":"Skewer","floor":12,"key":"SMITH"},{"data":"Dagger Spray","floor":15,"key":"SMITH"},{"data":"Bullet Time","floor":28,"key":"SMITH"},{"data":"Apotheosis","floor":32,"key":"SMITH"}],"circlet_count":0,"master_deck":["Strike_G","Strike_G","Strike_G","Strike_G","Strike_G+1","Defend_G","Defend_G","Defend_G","Defend_G","Defend_G","Survivor","Neutralize","PiercingWail","Dagger Spray+1","Die Die Die+1","Crippling Poison","Poisoned Stab","Skewer+1","Bullet Time+1","Infinite Blades","Apotheosis+1","Venomology","Slice","Quick Slash","Expertise+1","Finisher+1"],"relics":["Ring of the Snake","Bag of Preparation","Lantern","Bottled Lightning","Tiny House","Anchor","Snake Skull","Akabeko","Art of War","Nloth\u0027s Gift"],"acts_visited":["Exordium","TheCity"],"potions_floor_usage":[22,23,23,25,25,27,33,33,33],"damage_taken":[{"damage":15,"enemies":"Jaw Worm","floor":1,"turns":6},{"damage":0,"enemies":"Cultist","floor":4,"turns":4},{"damage":27,"enemies":"3 Sentries","floor":7,"turns":10},{"damage":0,"enemies":"2 Louse","floor":8,"turns":1},{"damage":11,"enemies":"Gremlin Nob","floor":10,"turns":4},{"damage":4,"enemies":"Large Slime","floor":11,"turns":4},{"damage":0,"enemies":"2 Fungi Beasts","floor":14,"turns":3},{"damage":91,"enemies":"Slime Boss","floor":16,"turns":16},{"damage":12,"enemies":"2 Thieves","floor":18,"turns":3},{"damage":1,"enemies":"Chosen","floor":22,"turns":4},{"damage":0,"enemies":"Gremlin Leader","floor":23,"turns":6},{"damage":6,"enemies":"Shelled Parasite and Fungi","floor":24,"turns":3},{"damage":1,"enemies":"Snecko","floor":25,"turns":3},{"damage":51,"enemies":"Book of Stabbing","floor":27,"turns":6},{"damage":21,"enemies":"Champ","floor":33,"turns":7}],"seed_played":"1208194527146960383","potions_obtained":[{"floor":2,"key":"FairyPotion"},{"floor":2,"key":"FairyPotion"},{"floor":2,"key":"FairyPotion"},{"floor":16,"key":"SteroidPotion"},{"floor":17,"key":"CultistPotion"},{"floor":22,"key":"Explosive Potion"},{"floor":23,"key":"Dexterity Potion"},{"floor":24,"key":"CunningPotion"},{"floor":25,"key":"AttackPotion"}],"is_trial":false,"path_per_floor":["M","?","$","M","?","R","E","M","T","E","M","R","?","M","R","B",null,"M","?","$","?","M","E","M","M","T","E","R","?","T","?","R","B"],"character_chosen":"THE_SILENT","items_purchased":["Dagger Spray","Snake Skull","Apotheosis"],"campfire_rested":0,"item_purchase_floors":[3,20,20],"current_hp_per_floor":[62,62,62,62,62,62,35,35,35,24,20,20,20,20,20,5,82,70,70,70,70,69,69,63,62,62,11,11,11,11,11,11,0,0],"gold":78,"neow_bonus":"TEN_PERCENT_HP_BONUS","is_daily":false,"chose_seed":false,"campfire_upgraded":5,"win_rate":0.0,"timestamp":1613308081,"path_taken":["M","?","?","M","?","R","E","M","T","E","M","R","?","M","R","BOSS","M","?","$","?","M","E","?","M","T","E","R","?","?","?","R","BOSS"],"items_purchased_type":["Card","Relic","Card"],"build_version":"2020-12-13","purchased_purges":0,"victory":false,"max_hp_per_floor":[77,77,77,77,77,77,77,77,77,77,77,77,77,77,77,77,82,82,82,82,82,82,82,82,82,82,82,82,82,82,82,82,82,82],"card_choices":[{"not_picked":["Quick Slash","Backflip"],"picked":"PiercingWail","floor":1},{"not_picked":["Quick Slash","All Out Attack"],"picked":"Die Die Die","floor":4},{"not_picked":["Reflex","Bane","Underhanded Strike"],"picked":"SKIP","floor":7},{"not_picked":["Bouncing Flask","Calculated Gamble"],"picked":"Crippling Poison","floor":8},{"not_picked":["Dagger Throw","Reflex"],"picked":"Poisoned Stab","floor":10},{"not_picked":["Poisoned Stab","Deadly Poison"],"picked":"Skewer","floor":11},{"not_picked":["Prepared","Heel Hook","Eviscerate"],"picked":"SKIP","floor":14},{"not_picked":["Tools of the Trade","Envenom"],"picked":"Bullet Time","floor":16},{"not_picked":["Deadly Poison","PiercingWail"],"picked":"Infinite Blades","floor":17},{"not_picked":["Calculated Gamble","Dodge and Roll+1","Underhanded Strike"],"picked":"SKIP","floor":18},{"not_picked":["Flying Knee","Dagger Throw+1"],"picked":"Venomology","floor":22},{"not_picked":["Distraction","Expertise"],"picked":"Slice","floor":23},{"not_picked":["Dagger Throw","Deadly Poison"],"picked":"Quick Slash","floor":24},{"not_picked":["Bullet Time","Endless Agony+1"],"picked":"Expertise+1","floor":25},{"not_picked":["Backflip","Outmaneuver+1"],"picked":"Finisher+1","floor":27}],"player_experience":239508,"relics_obtained":[{"floor":7,"key":"Bag of Preparation"},{"floor":9,"key":"Lantern"},{"floor":10,"key":"Bottled Lightning"},{"floor":23,"key":"Centennial Puzzle"},{"floor":26,"key":"Akabeko"},{"floor":27,"key":"Art of War"}],"event_choices":[{"damage_healed":0,"gold_gain":0,"player_choice":"Got Potions","damage_taken":0,"max_hp_gain":0,"max_hp_loss":0,"event_name":"Lab","floor":2,"gold_loss":0},{"damage_healed":0,"gold_gain":0,"player_choice":"Left Gold","damage_taken":0,"max_hp_gain":0,"max_hp_loss":0,"event_name":"World of Goop","floor":5,"gold_loss":38},{"damage_healed":0,"gold_gain":57,"player_choice":"Gained Gold","damage_taken":0,"max_hp_gain":0,"max_hp_loss":0,"event_name":"Golden Wing","floor":13,"gold_loss":0},{"damage_healed":0,"gold_gain":0,"player_choice":"Obtained Relic","damage_taken":0,"relics_obtained":["Anchor"],"max_hp_gain":0,"max_hp_loss":0,"event_name":"Addict","floor":19,"gold_loss":85},{"damage_healed":0,"gold_gain":100,"player_choice":"Pray","damage_taken":0,"max_hp_gain":0,"max_hp_loss":0,"event_name":"Golden Shrine","floor":21,"gold_loss":0},{"damage_healed":0,"gold_gain":0,"player_choice":"Paid Fearfully","damage_taken":0,"max_hp_gain":0,"max_hp_loss":0,"event_name":"Masked Bandits","floor":29,"gold_loss":260},{"damage_healed":0,"gold_gain":0,"player_choice":"Traded Relic","damage_taken":0,"relics_obtained":["Nloth\u0027s Gift"],"max_hp_gain":0,"max_hp_loss":0,"event_name":"N\u0027loth","floor":31,"relics_lost":["Centennial Puzzle"],"gold_loss":0}],"is_beta":false,"boss_relics":[{"not_picked":["Ring of the Serpent","Velvet Choker"],"picked":"Tiny House"}],"items_purged_floors":[],"is_endless":false,"potions_floor_spawned":[7,8,11,16,22,23,24,25],"killed_by":"Champ","ascension_level":2}}