{"host":"cfqfeqi6u2qx5u0e","time":1613263650,"event":{"mods":["AchievementEnabler","BaseMod","Minty Spire (QoL Compilation)","Quick Restart","StSLib"],"gold_per_floor":[112,112,72,45,56,88,101,62,62,94,94,111,111,111,111,111,111],"floor_reached":16,"language":"ENG","playtime":1069,"items_purged":[],"score":113,"play_id":"e61a9e66-5916-4f92-bb4e-c603319185b3","local_time":"20210213164730","is_ascension_mode":true,"campfire_choices":[{"floor":11,"key":"REST"},{"floor":15,"key":"REST"}],"circlet_count":0,"master_deck":["Strike_B","Strike_B","Strike_B","Strike_B","Defend_B+1","Defend_B","Defend_B+1","Defend_B","Zap","Dualcast","Conserve Battery","Coolheaded","Redo","Sweeping Beam","Capacitor","Defragment","Melter","Compile Driver"],"relics":["Cracked Core","Matryoshka","Pen Nib","Bag of Preparation","Golden Idol"],"acts_visited":["Exordium"],"potions_floor_usage":[6,6,6],"damage_taken":[{"damage":0,"enemies":"2 Louse","floor":1,"turns":2},{"damage":0,"enemies":"Cultist","floor":5,"turns":3},{"damage":8,"enemies":"3 Sentries","floor":6,"turns":6},{"damage":5,"enemies":"Small Slimes","floor":7,"turns":3},{"damage":30,"enemies":"Lagavulin","floor":10,"turns":8},{"damage":3,"enemies":"Blue Slaver","floor":12,"turns":3},{"damage":51,"enemies":"The Guardian","floor":16,"turns":11}],"seed_played":"-8236112783398700585","potions_obtained":[{"floor":3,"key":"AttackPotion"},{"floor":3,"key":"Fire Potion"},{"floor":3,"key":"PowerPotion"},{"floor":10,"key":"Ancient Potion"},{"floor":12,"key":"Dexterity Potion"}],"is_trial":false,"path_per_floor":["M","?","?","$","M","E","M","$","T","E","R","M","?","?","R","B"],"character_chosen":"DEFECT","items_purchased":["Coolheaded","Defragment"],"campfire_rested":2,"item_purchase_floors":[4,8],"current_hp_per_floor":[82,82,82,82,82,74,69,69,69,39,63,60,44,24,48,0,0],"gold":111,"neow_bonus":"TEN_PERCENT_HP_BONUS","is_daily":false,"chose_seed":false,"campfire_upgraded":0,"win_rate":0.0,"timestamp":1613263650,"path_taken":["M","?","?","$","M","E","M","$","T","E","R","?","?","?","R","BOSS"],"items_purchased_type":["Card","Card"],"build_version":"2020-12-22","purchased_purges":0,"victory":false,"max_hp_per_floor":[82,82,82,82,82,82,82,82,82,82,82,82,82,82,82,82,82],"card_choices":[{"not_picked":["Steam","Hologram"],"picked":"Conserve Battery","floor":1},{"not_picked":["Gash","Double Energy"],"picked":"Redo","floor":5},{"not_picked":["Go for the Eyes","Barrage"],"picked":"Sweeping Beam","floor":6},{"not_picked":["Steam Power","Loop"],"picked":"Capacitor","floor":7},{"not_picked":["Stack","Barrage"],"picked":"Melter","floor":10},{"not_picked":["Double Energy","Beam Cell"],"picked":"Compile Driver","floor":12}],"player_experience":59432,"relics_obtained":[{"floor":6,"key":"Matryoshka"},{"floor":9,"key":"Pen Nib"},{"floor":10,"key":"Bag of Preparation"}],"event_choices":[{"damage_healed":0,"gold_gain":0,"player_choice":"Leave","damage_taken":0,"max_hp_gain":0,"max_hp_loss":0,"event_name":"The Cleric","floor":2,"gold_loss":0},{"damage_healed":0,"gold_gain":0,"player_choice":"Bought 3 Potions","damage_taken":0,"max_hp_gain":0,"max_hp_loss":0,"event_name":"The Woman in Blue","floor":3,"gold_loss":0},{"damage_healed":0,"gold_gain":0,"player_choice":"Entered Light","damage_taken":16,"max_hp_gain":0,"max_hp_loss":0,"event_name":"Shining Light","floor":13,"gold_loss":0,"cards_upgraded":["Defend_B","Defend_B"]},{"damage_healed":0,"gold_gain":0,"player_choice":"Take Damage","damage_taken":20,"relics_obtained":["Golden Idol"],"max_hp_gain":0,"max_hp_loss":0,"event_name":"Golden Idol","floor":14,"gold_loss":0}],"is_beta":false,"boss_relics":[],"items_purged_floors":[],"is_endless":false,"potions_floor_spawned":[10,12],"killed_by":"The Guardian","ascension_level":1}}