{"host":"313mh4uoe5sucao3","time":1613284687,"event":{"mods":["BaseMod","Dota2Spire","Downfall","Good Game Mod","Hero for Fun","LagranYue(拉格朗・月)","Minty Spire (QoL Compilation)","Quick Restart","Reimu（博丽灵梦）","Remilia（蕾米莉亚）","Ryuuou龙王","Shop Mod","Spicy Shops","StSLib","Td1madao Mod","The Bladedancer","The Invoker Mod","UnlockEverythingMod","WarShipGirlsR/战舰少女R mod","[IsaacMod]以撒尖塔","noobMod"],"gold_per_floor":[117,127,138,128,145,180,180,207,262,297,315,332,351,19,19,120,120,136,146,165,179,197,226,226,242,316,316,316,316,346,346],"floor_reached":30,"language":"ZHS","playtime":1599,"items_purged":[],"score":419,"play_id":"c64159aa-fed5-4002-be33-971974fcf7bc","local_time":"20210214143807","is_ascension_mode":true,"campfire_choices":[{"data":"EpicFetus","floor":7.0,"key":"SMITH"},{"floor":15.0,"key":"REST"},{"floor":24,"key":"REST"},{"data":"Here Defend Chip","floor":27,"key":"SMITH"}],"circlet_count":0,"master_deck":["Strike_C","Strike_C","Strike_C","Strike_C","Defend_C","Defend_C","Defend_C+1","Defend_C","Knight Kick","Chip+1","EpicFetus+1","Mayhem","Fire Blade","Fire Up","Lore","Here Defend Chip+1","Light Attack","Here Defend Chip","Light Attack","Black Contract","Lunge+1","Light Attack","Writhe"],"relics":["Apod","REME:ComplimentaryCards","HushsDoor","ice","LagranYue:RandomDrawCardRelic","SatanicBible","Bronze Scales","Mastiff:ReiMu","War Paint","Bottled Tornado","Strange Spoon","Runic Pyramid","Dota2Spire:BladeMail","Singing Bowl","Meat on the Bone","Dota2Spire:ShadowBlade"],"acts_visited":["Exordium","TheCity"],"potions_floor_usage":[],"damage_taken":[{"damage":13.0,"enemies":"Cultist","floor":1.0,"turns":5.0},{"damage":23.0,"enemies":"Jaw Worm","floor":2.0,"turns":4.0},{"damage":11.0,"enemies":"Small Slimes","floor":3.0,"turns":4.0},{"damage":3.0,"enemies":"Blue Slaver","floor":5.0,"turns":3.0},{"damage":15.0,"enemies":"Lagavulin","floor":6.0,"turns":6.0},{"damage":0.0,"enemies":"3 Sentries","floor":8.0,"turns":2.0},{"damage":25.0,"enemies":"Gremlin Nob","floor":10.0,"turns":4.0},{"damage":10.0,"enemies":"Looter","floor":11.0,"turns":3.0},{"damage":14.0,"enemies":"Exordium Wildlife","floor":12.0,"turns":4.0},{"damage":6.0,"enemies":"2 Fungi Beasts","floor":13.0,"turns":3.0},{"damage":19.0,"enemies":"Slime Boss","floor":16.0,"turns":5.0},{"damage":9.0,"enemies":"Shell Parasite","floor":18.0,"turns":4.0},{"damage":0.0,"enemies":"3 Byrds","floor":19.0,"turns":4.0},{"damage":36,"enemies":"Snecko","floor":20,"turns":4},{"damage":30,"enemies":"Snake Plant","floor":21,"turns":5},{"damage":12,"enemies":"Chosen and Byrds","floor":22,"turns":4},{"damage":49,"enemies":"Book of Stabbing","floor":23,"turns":5},{"damage":12,"enemies":"Cultist and Chosen","floor":25,"turns":4},{"damage":85,"enemies":"Gremlin Leader","floor":30,"turns":5}],"seed_played":"-4481856352349513508","potions_obtained":[{"floor":3.0,"key":"Block Potion"},{"floor":6.0,"key":"LiquidMemories"},{"floor":11.0,"key":"GamblersBrew"},{"floor":22,"key":"AttackPotion"}],"is_trial":false,"path_per_floor":["M","M","M","?","M","E","R","E","T","E","M","M","M","$","R","B",null,"M","M","M","M","M","E","R","M","T","R","?","?","E"],"character_chosen":"TD1MADAO_CLASS","items_purchased":["Bottled Tornado","Strange Spoon"],"campfire_rested":2,"item_purchase_floors":[14,14],"current_hp_per_floor":[64,41,30,30,27,77,77,77,77,52,42,28,22,22,48,29,89,80,80,44,14,113,64,101,89,89,89,89,89,139,139],"gold":346,"neow_bonus":"TEN_PERCENT_HP_BONUS","is_daily":false,"chose_seed":false,"campfire_upgraded":2,"win_rate":0.0,"timestamp":1613284687,"path_taken":["M","?","?","?","M","E","R","E","T","E","M","M","M","$","R","BOSS","M","M","M","M","M","E","R","M","T","R","?","?","E"],"items_purchased_type":["Relic","Relic"],"build_version":"2020-12-22","purchased_purges":0,"victory":false,"max_hp_per_floor":[77,77,77,77,77,77,77,78,78,80,82,85,88,88,88,89,89,93,113,113,113,114,124,124,127,127,127,127,127,139,139],"card_choices":[{"not_picked":[],"picked":"EpicFetus","floor":0.0},{"not_picked":["Preloading","Backup","Provocative"],"picked":"SKIP","floor":1.0},{"not_picked":["Sub Weapons","Oblique Hack"],"picked":"Fire Blade","floor":2.0},{"not_picked":["Furious","Bomb"],"picked":"Fire Up","floor":3.0},{"not_picked":["Money Cant Rescue","Fire Up"],"picked":"Lore","floor":5.0},{"not_picked":["Lore","Black Dance","Thunder Jump"],"picked":"SKIP","floor":6.0},{"not_picked":["Lore","Black Dance","Thunder Jump"],"picked":"SKIP","floor":6.0},{"not_picked":["Three Hit","Black Execution"],"picked":"Here Defend Chip","floor":8.0},{"not_picked":["Gravity Defend","Preloading"],"picked":"Light Attack","floor":10.0},{"not_picked":["Sudden Beat","Oblique Hack"],"picked":"Here Defend Chip","floor":11.0},{"not_picked":["Transfer Energy","Machining","Floating Even"],"picked":"SKIP","floor":12.0},{"not_picked":["Thunder Jump","Black Hand"],"picked":"Light Attack","floor":13.0},{"not_picked":["Optimization","Im Angry"],"picked":"Black Contract","floor":16.0},{"not_picked":["Three Hit","Weapon Shift"],"picked":"Lunge+1","floor":18.0},{"not_picked":["Twin Teeth","Reflection Mechanism","Black Shadow"],"picked":"SKIP","floor":19.0},{"not_picked":["Twin Teeth","Perfect Defend","Fixing"],"picked":"SKIP","floor":20},{"not_picked":["Black Hand+1","Cursed Blade"],"picked":"Light Attack","floor":21},{"not_picked":["Sub Weapons+1","Black Shadow","Afterwards"],"picked":"SKIP","floor":22},{"not_picked":["Floating Swing Kick","Three Hit","Black Execution+1"],"picked":"SKIP","floor":23},{"not_picked":["E MP","Floating Swing Kick","Format All Data"],"picked":"SKIP","floor":25},{"not_picked":["Energy Supply","Fixing+1","Winding Magic"],"picked":"Singing Bowl","floor":30}],"player_experience":75332,"relics_obtained":[{"floor":6.0,"key":"Bronze Scales"},{"floor":8.0,"key":"Mastiff:ReiMu"},{"floor":10.0,"key":"War Paint"},{"floor":23,"key":"Dota2Spire:BladeMail"},{"floor":26,"key":"Singing Bowl"},{"floor":30,"key":"Dota2Spire:ShadowBlade"}],"event_choices":[{"damage_healed":0,"gold_gain":0,"player_choice":"Ignored","damage_taken":0,"max_hp_gain":0,"max_hp_loss":0,"event_name":"Ghosts","floor":28,"gold_loss":0},{"damage_healed":0,"gold_gain":0,"player_choice":"Opened","damage_taken":0,"relics_obtained":["Meat on the Bone"],"max_hp_gain":0,"max_hp_loss":0,"event_name":"The Mausoleum","floor":29,"gold_loss":0,"cards_obtained":["Writhe"]}],"is_beta":false,"boss_relics":[{"not_picked":["Runic Dome","Busted Crown"],"picked":"Runic Pyramid"},{"not_picked":[]}],"items_purged_floors":[],"is_endless":false,"potions_floor_spawned":[3,6,11,12,16,20,22,25],"killed_by":"Gremlin Leader","ascension_level":3}}