{"host":"mydft8i2zzydgggw","time":1613299430,"event":{"mods":["AchievementEnabler","BaseMod","Colored Map","Colored Powertips","DeckTracker","Keyboard Shortcuts","Minty Spire (QoL Compilation)","Rare Cards Sparkle","StSLib","SuperFastMode","everything is the same but u backflip on backflip"],"gold_per_floor":[113,113,127,139,139,173,184,200,250,250,250,12,12,12,12,103,103,123,123,123,123],"floor_reached":20,"language":"KOR","playtime":296,"items_purged":["Shame"],"score":411,"play_id":"ca6d152f-c5a0-49ed-96a7-76e0b43a1a67","local_time":"20210214194350","is_ascension_mode":true,"campfire_choices":[{"floor":13,"key":"REST"},{"data":"Creative AI","floor":15,"key":"SMITH"}],"circlet_count":0,"master_deck":["AscendersBane","Strike_B","Strike_B+1","Strike_B+1","Defend_B","Defend_B","Defend_B","Defend_B","Zap","Dualcast","Capacitor","Amplify","Doom and Gloom","Go for the Eyes","Creative AI+1","Multi-Cast","Loop","Machine Learning","Turbo"],"relics":["Cracked Core","NeowsBlessing","Kunai","Whetstone","Golden Idol","Oddly Smooth Stone","Black Star"],"acts_visited":["Exordium","TheCity"],"potions_floor_usage":[7,8,8,8,16,16],"damage_taken":[{"damage":0,"enemies":"Cultist","floor":1,"turns":1},{"damage":0,"enemies":"Jaw Worm","floor":3,"turns":1},{"damage":0,"enemies":"2 Louse","floor":4,"turns":1},{"damage":30,"enemies":"3 Sentries","floor":6,"turns":7},{"damage":12,"enemies":"2 Fungi Beasts","floor":7,"turns":3},{"damage":0,"enemies":"Large Slime","floor":8,"turns":4},{"damage":0,"enemies":"Slime Boss","floor":16,"turns":8},{"damage":44,"enemies":"Shell Parasite","floor":18,"turns":6},{"damage":30,"enemies":"Spheric Guardian","floor":20,"turns":4}],"seed_played":"-5061560388067713949","potions_obtained":[{"floor":3,"key":"Swift Potion"},{"floor":4,"key":"LiquidBronze"},{"floor":7,"key":"EntropicBrew"},{"floor":8,"key":"Fire Potion"}],"is_trial":false,"path_per_floor":["M","?","M","M","?","E","M","M","T","?","?","$","R","?","R","B",null,"M","?","M"],"character_chosen":"DEFECT","items_purchased":["Oddly Smooth Stone"],"campfire_rested":1,"item_purchase_floors":[12],"current_hp_per_floor":[64,64,64,64,69,39,27,27,27,27,27,27,47,47,47,47,64,20,20,0,0],"gold":123,"neow_bonus":"THREE_ENEMY_KILL","is_daily":false,"chose_seed":false,"campfire_upgraded":1,"win_rate":0.0,"timestamp":1613299430,"path_taken":["M","?","M","?","?","E","M","M","T","?","?","$","R","?","R","BOSS","M","?","M"],"items_purchased_type":["Relic"],"build_version":"2020-12-22","purchased_purges":1,"victory":false,"max_hp_per_floor":[71,71,71,71,76,76,76,76,76,76,69,69,69,69,69,69,69,69,69,69,69],"card_choices":[{"not_picked":["Hologram","Leap"],"picked":"Capacitor","floor":1},{"not_picked":["Stack","Conserve Battery"],"picked":"Doom and Gloom","floor":3},{"not_picked":["Redo","Rebound"],"picked":"Go for the Eyes","floor":4},{"not_picked":["Go for the Eyes","Lockon"],"picked":"Creative AI","floor":6},{"not_picked":["Beam Cell","Compile Driver"],"picked":"Multi-Cast","floor":7},{"not_picked":["Scrape","Barrage"],"picked":"Loop","floor":8},{"not_picked":["Multi-Cast","Core Surge"],"picked":"Machine Learning","floor":16},{"not_picked":["Storm","Sweeping Beam"],"picked":"Turbo","floor":18}],"player_experience":268706,"relics_obtained":[{"floor":6,"key":"Kunai"},{"floor":9,"key":"Whetstone"}],"event_choices":[{"damage_healed":0,"gold_gain":0,"player_choice":"2 cards matched","damage_taken":0,"max_hp_gain":0,"max_hp_loss":0,"event_name":"Match and Keep!","floor":2,"gold_loss":0,"cards_obtained":["Amplify","Shame"]},{"damage_healed":0,"gold_gain":0,"player_choice":"Donut","damage_taken":0,"max_hp_gain":5,"max_hp_loss":0,"event_name":"Big Fish","floor":5,"gold_loss":0},{"damage_healed":0,"gold_gain":0,"player_choice":"Ignored","damage_taken":0,"max_hp_gain":0,"max_hp_loss":0,"event_name":"Shining Light","floor":10,"gold_loss":0},{"damage_healed":0,"gold_gain":0,"player_choice":"Lose Max HP","damage_taken":0,"relics_obtained":["Golden Idol"],"max_hp_gain":0,"max_hp_loss":7,"event_name":"Golden Idol","floor":11,"gold_loss":0},{"cards_removed":["Strike_B"],"damage_healed":0,"gold_gain":0,"player_choice":"Forget","damage_taken":0,"max_hp_gain":0,"max_hp_loss":0,"event_name":"Living Wall","floor":14,"gold_loss":0},{"damage_healed":0,"gold_gain":0,"player_choice":"Ignored","damage_taken":0,"max_hp_gain":0,"max_hp_loss":0,"event_name":"Cursed Tome","floor":19,"gold_loss":0}],"is_beta":false,"boss_relics":[{"not_picked":["FrozenCore","Tiny House"],"picked":"Black Star"}],"items_purged_floors":[12],"is_endless":false,"potions_floor_spawned":[3,4,7,8],"killed_by":"Spheric Guardian","ascension_level":17}}