{"host":"u7bb6mvzuirwfcqo","time":1613343425,"event":{"mods":["2.2 Compatiblity","AchievementEnabler","BaseMod","Card Forge","Downfall","Hermit","Minty Spire (QoL Compilation)","Relic Stats","StSLib"],"gold_per_floor":[115,128,145,245,4,4,22,22,45,45,64,119,146,156,156,258,258,277,277,257,112,122,122,155,155,155,170,269,104,119,139,139,139,139],"floor_reached":33,"language":"ENG","playtime":1862,"items_purged":["hermit:Strike_Hermit"],"score":257,"play_id":"8dc3f16d-c5da-4378-bc06-2bac6dfe59cf","local_time":"20210214175705","is_ascension_mode":false,"campfire_choices":[{"data":"hermit:Snapshot","floor":6.0,"key":"SMITH"},{"data":"hermit:Ricochet","floor":8.0,"key":"SMITH"},{"data":"hermit:Ricochet","floor":10.0,"key":"SMITH"},{"data":"hermit:Determination","floor":15.0,"key":"SMITH"},{"data":"hermit:Adapt","floor":23,"key":"SMITH"},{"data":"hermit:Midnight","floor":25,"key":"SMITH"},{"data":"hermit:Maintenance","floor":32,"key":"SMITH"}],"circlet_count":0,"master_deck":["hermit:Strike_Hermit","hermit:Strike_Hermit","hermit:Strike_Hermit","hermit:Defend_Hermit","hermit:Defend_Hermit","hermit:Defend_Hermit","hermit:Defend_Hermit","hermit:Snapshot+1","hermit:Covet","hermit:FullyLoaded","hermit:Ricochet+1","hermit:Enervate","hermit:ItchyTrigger","hermit:Ricochet+1","hermit:Maintenance+1","hermit:Gambit","hermit:Determination+1","hermit:Adapt+1","CurseOfTheBell","hermit:ShadowCloak+1","Decay","hermit:Reprieve","hermit:Midnight+1","hermit:HoleUp","hermit:BigShot","hermit:SprayPray","hermit:Deadeye"],"relics":["hermit:Momento","Hammer of Thor","Seething Fire","Anvil of the Gods","NeowsBlessing","Anchor","Orichalcum","Blood Vial","Vajra","Calling Bell","Bag of Marbles","Meat on the Bone","FossilizedHelix","Bronze Scales","Pear"],"acts_visited":["Exordium","TheCity"],"potions_floor_usage":[24,33],"damage_taken":[{"damage":0.0,"enemies":"2 Louse","floor":1.0,"turns":1.0},{"damage":0.0,"enemies":"Cultist","floor":2.0,"turns":1.0},{"damage":0.0,"enemies":"Jaw Worm","floor":3.0,"turns":1.0},{"damage":12.0,"enemies":"Exordium Thugs","floor":7.0,"turns":3.0},{"damage":0.0,"enemies":"Looter","floor":11.0,"turns":3.0},{"damage":26.0,"enemies":"Lagavulin Event","floor":12.0,"turns":6.0},{"damage":0.0,"enemies":"Red Slaver","floor":14.0,"turns":3.0},{"damage":34.0,"enemies":"The Guardian","floor":16.0,"turns":13.0},{"damage":0.0,"enemies":"Chosen","floor":18.0,"turns":6.0},{"damage":0,"enemies":"3 Byrds","floor":22,"turns":6},{"damage":26,"enemies":"Gremlin Leader","floor":24,"turns":12},{"damage":10,"enemies":"Centurion and Healer","floor":27,"turns":6},{"damage":26,"enemies":"Cultist and Chosen","floor":30,"turns":7},{"damage":13,"enemies":"Shelled Parasite and Fungi","floor":31,"turns":8},{"damage":66,"enemies":"Automaton","floor":33,"turns":12}],"seed_played":"2781888020167290569","potions_obtained":[{"floor":1.0,"key":"Weak Potion"},{"floor":2.0,"key":"PowerPotion"},{"floor":14.0,"key":"sneckomod:MuddlingPotion"},{"floor":16.0,"key":"Weak Potion"},{"floor":20,"key":"LiquidBronze"},{"floor":27,"key":"FearPotion"}],"is_trial":false,"path_per_floor":["M","M","M","?","$","R","M","R","T","R","M","?","T","M","R","B",null,"M","?","?","$","M","R","E","R","T","M","?","$","M","M","R","B"],"character_chosen":"HERMIT","items_purchased":["hermit:Enervate","hermit:ItchyTrigger","Anchor","hermit:Reprieve","hermit:BigShot","hermit:SprayPray"],"campfire_rested":0,"item_purchase_floors":[5,5,5,21,29,29],"current_hp_per_floor":[75,75,75,75,75,75,63,63,63,63,63,37,37,39,39,7,75,75,75,75,75,75,75,49,49,59,63,63,63,51,52,52,0,0],"gold":139,"neow_bonus":"THREE_ENEMY_KILL","is_daily":false,"chose_seed":false,"campfire_upgraded":7,"win_rate":0.0,"timestamp":1613343425,"path_taken":["M","M","M","?","?","R","M","R","T","R","M","?","?","M","R","BOSS","M","?","?","$","M","R","E","R","T","?","?","$","M","M","R","BOSS"],"items_purchased_type":["Card","Card","Relic","Card","Card","Card"],"build_version":"2020-12-22","purchased_purges":1,"victory":false,"max_hp_per_floor":[75,75,75,75,75,75,75,75,75,75,75,75,75,75,75,75,75,75,75,75,75,75,75,75,75,85,85,85,85,85,85,85,85,85],"relic_stats":{"Blood Vial":12,"counters":[15,88],"Bronze Scales":[94],"Orichalcum":[84],"obtain_stats":[{"Pear":26,"NeowsBlessing":0,"Vajra":13,"Hammer of Thor":0,"Seething Fire":0,"Orichalcum":9,"Blood Vial":12,"Calling Bell":17,"Anchor":5,"Anvil of the Gods":0,"Bronze Scales":24,"Bag of Marbles":17,"hermit:Momento":0,"FossilizedHelix":17,"Meat on the Bone":17},{"Pear":11,"NeowsBlessing":0,"Vajra":6,"Hammer of Thor":0,"Seething Fire":0,"Orichalcum":4,"Blood Vial":6,"Calling Bell":8,"Anchor":3,"Anvil of the Gods":0,"Bronze Scales":11,"Bag of Marbles":8,"hermit:Momento":0,"FossilizedHelix":8,"Meat on the Bone":8},{"Pear":55,"NeowsBlessing":0,"Vajra":15,"Hammer of Thor":0,"Seething Fire":0,"Orichalcum":6,"Blood Vial":15,"Calling Bell":31,"Anchor":3,"Anvil of the Gods":0,"Bronze Scales":55,"Bag of Marbles":31,"hermit:Momento":0,"FossilizedHelix":31,"Meat on the Bone":31}],"Meat on the Bone":24},"card_choices":[{"not_picked":["hermit:Gestalt","hermit:Vantage","hermit:SprayPray"],"picked":"SKIP","floor":1.0},{"not_picked":["hermit:Snipe","hermit:Glare"],"picked":"hermit:FullyLoaded","floor":2.0},{"not_picked":["hermit:WideOpen","hermit:LowProfile"],"picked":"hermit:Ricochet","floor":3.0},{"not_picked":["hermit:Spite","hermit:Dive"],"picked":"hermit:Ricochet","floor":7.0},{"not_picked":["hermit:Headshot","hermit:Vantage"],"picked":"hermit:Maintenance","floor":11.0},{"not_picked":["hermit:BodyArmor","hermit:SprayPray"],"picked":"hermit:Gambit","floor":12.0},{"not_picked":["hermit:HoleUp","hermit:TrackingShot"],"picked":"hermit:Determination","floor":14.0},{"not_picked":["hermit:RoundhouseKick","hermit:Magnum"],"picked":"hermit:Adapt","floor":16.0},{"not_picked":["hermit:LoneWolf","hermit:ItchyTrigger"],"picked":"hermit:ShadowCloak+1","floor":18.0},{"not_picked":["hermit:DeadMansHand","hermit:LoneWolf"],"picked":"hermit:Midnight","floor":22},{"not_picked":["hermit:HeroicBravado","hermit:Ricochet"],"picked":"hermit:HoleUp","floor":24},{"not_picked":["hermit:TrackingShot","hermit:LuckOfTheDraw+1","hermit:Vantage"],"picked":"SKIP","floor":27},{"not_picked":["hermit:BodyArmor","hermit:Glare","hermit:SprayPray"],"picked":"SKIP","floor":30},{"not_picked":["hermit:BodyArmor","hermit:Glare","hermit:SprayPray"],"picked":"SKIP","floor":30},{"not_picked":["hermit:WideOpen","hermit:Determination+1"],"picked":"hermit:Deadeye","floor":31}],"player_experience":57811,"relics_obtained":[{"floor":9.0,"key":"Orichalcum"},{"floor":12.0,"key":"Blood Vial"},{"floor":13.0,"key":"Vajra"},{"floor":17.0,"key":"Bag of Marbles"},{"floor":17.0,"key":"Meat on the Bone"},{"floor":17.0,"key":"FossilizedHelix"},{"floor":24,"key":"Bronze Scales"},{"floor":26,"key":"Pear"}],"event_choices":[{"damage_healed":0.0,"max_hp_gain":0.0,"max_hp_loss":0.0,"gold_gain":100.0,"event_name":"Golden Shrine","player_choice":"Pray","floor":4.0,"gold_loss":0.0,"damage_taken":0.0},{"damage_healed":0.0,"max_hp_gain":0.0,"max_hp_loss":0.0,"gold_gain":30.0,"event_name":"Dead Adventurer","player_choice":"Searched \u00273\u0027 times","floor":12.0,"gold_loss":0.0,"damage_taken":0.0},{"damage_healed":0,"gold_gain":0,"player_choice":"Smashed Altar","damage_taken":0,"max_hp_gain":0,"max_hp_loss":0,"event_name":"Forgotten Altar","floor":19,"gold_loss":0,"cards_obtained":["Decay"]},{"damage_healed":0,"gold_gain":0,"player_choice":"Bought 1 Potion","damage_taken":0,"max_hp_gain":0,"max_hp_loss":0,"event_name":"The Woman in Blue","floor":20,"gold_loss":0},{"damage_healed":0,"gold_gain":99,"player_choice":"Stole From Cult","damage_taken":0,"max_hp_gain":0,"max_hp_loss":0,"event_name":"Nest","floor":28,"gold_loss":0}],"is_beta":false,"boss_relics":[{"not_picked":["Black Star","Empty Cage"],"picked":"Calling Bell"}],"items_purged_floors":[29],"is_endless":false,"potions_floor_spawned":[1,2,14,16,27,30],"killed_by":"Automaton","ascension_level":0}}