{"host":"82qk6ob05uum3zoi","time":1613285149,"event":{"mods":["BaseMod","BetterRewards","Minty Spire (QoL Compilation)","Reliquary","StSLib","The Bladedancer","The Cursed","The Disciple","The Servant 0.9.4","The Trickster"],"gold_per_floor":[109,124,143,160,180,180,212,212,212,212,539,550,550,568,568,669,669,685,702,720,736,24,51,51,51,51,51,16,0,0,0,0,100,100,111,111,161,174,174,174,199,199,199],"floor_reached":42,"language":"ENG","playtime":1831,"items_purged":[],"score":549,"play_id":"fc1f48b6-c91c-4c19-81bf-f4d605bdbecf","local_time":"20210214194549","is_ascension_mode":true,"campfire_choices":[{"floor":6,"key":"REST"},{"floor":8,"key":"REST"},{"floor":13,"key":"REST"},{"floor":15,"key":"REST"},{"floor":24,"key":"REST"},{"floor":27,"key":"REST"},{"floor":30,"key":"RECALL"},{"data":"Bandage Up","floor":32,"key":"SMITH"},{"data":"Apotheosis","floor":40,"key":"SMITH"}],"circlet_count":0,"master_deck":["Strike_G","Strike_G","Strike_G","Strike_G","Strike_G","Defend_G","Defend_G","Defend_G","Defend_G","Defend_G","Survivor","Neutralize","CurseOfTheBell","Backflip","Flying Knee","PiercingWail","All Out Attack","Noxious Fumes+1","Catalyst","Quick Slash","Deflect","Corpse Explosion","Backflip+1","Deflect","Deadly Poison","Infinite Blades","Bandage Up+1","Accuracy","Dagger Spray","Dagger Spray","Infinite Blades","Envenom","PiercingWail+1","Writhe","Noxious Fumes+1","Cloak And Dagger+1","Apotheosis+1"],"relics":["Calling Bell","reliquary:PartyBalloon","Pantograph","Ice Cream","Juzu Bracelet","Thread and Needle","Old Coin","SlaversCollar","Mango","Shuriken","StoneCalendar","Bird Faced Urn","reliquary:HotPoker"],"acts_visited":["Exordium","TheCity","TheBeyond"],"potions_floor_usage":[7,14,18,19,21,21,38,41],"damage_taken":[{"damage":0,"enemies":"Cultist","floor":1,"turns":4},{"damage":2,"enemies":"Small Slimes","floor":2,"turns":5},{"damage":9,"enemies":"Jaw Worm","floor":3,"turns":6},{"damage":21,"enemies":"Exordium Thugs","floor":4,"turns":6},{"damage":11,"enemies":"Looter","floor":5,"turns":4},{"damage":15,"enemies":"3 Sentries","floor":7,"turns":6},{"damage":47,"enemies":"Gremlin Nob","floor":11,"turns":6},{"damage":4,"enemies":"Blue Slaver","floor":12,"turns":4},{"damage":0,"enemies":"Exordium Thugs","floor":14,"turns":3},{"damage":18,"enemies":"Hexaghost","floor":16,"turns":10},{"damage":0,"enemies":"Spheric Guardian","floor":18,"turns":5},{"damage":22,"enemies":"3 Byrds","floor":19,"turns":3},{"damage":24,"enemies":"Snecko","floor":20,"turns":6},{"damage":8,"enemies":"Centurion and Healer","floor":21,"turns":6},{"damage":45,"enemies":"Slavers","floor":23,"turns":3},{"damage":46,"enemies":"Automaton","floor":33,"turns":7},{"damage":62,"enemies":"3 Shapes","floor":35,"turns":6},{"damage":23,"enemies":"Mind Bloom Boss Battle","floor":37,"turns":7},{"damage":1,"enemies":"3 Darklings","floor":38,"turns":3},{"damage":69,"enemies":"Giant Head","floor":41,"turns":7},{"damage":30,"enemies":"Transient","floor":42,"turns":1}],"seed_played":"-518032421139565295","potions_obtained":[{"floor":4,"key":"Fire Potion"},{"floor":11,"key":"Explosive Potion"},{"floor":12,"key":"Explosive Potion"},{"floor":16,"key":"Block Potion"},{"floor":18,"key":"Energy Potion"},{"floor":20,"key":"SkillPotion"},{"floor":21,"key":"FairyPotion"},{"floor":37,"key":"ColorlessPotion"},{"floor":38,"key":"Poison Potion"}],"is_trial":false,"path_per_floor":["M","M","M","M","M","R","E","R","T","?","E","M","R","M","R","B",null,"M","M","M","M","$","E","R","?","T","R","$","?","R","?","R","B",null,"M","?","?","M","?","R","E","M"],"character_chosen":"THE_SILENT","items_purchased":["Mango","Shuriken","Bandage Up","Accuracy","Dagger Spray","Infinite Blades"],"campfire_rested":6,"item_purchase_floors":[22,22,22,22,22,28],"current_hp_per_floor":[70,68,59,38,27,48,33,54,54,54,7,3,24,24,45,52,70,70,48,24,16,30,20,45,33,33,58,58,58,58,84,84,38,84,28,49,57,58,58,58,7,0,0],"gold":199,"neow_bonus":"BOSS_RELIC","is_daily":false,"chose_seed":false,"campfire_upgraded":2,"win_rate":0.0,"timestamp":1613285149,"path_taken":["M","?","M","M","M","R","E","R","T","?","E","M","R","M","R","BOSS","M","M","M","M","$","E","R","?","T","R","?","?","R","?","R","BOSS","M","?","?","M","?","R","E","M"],"items_purchased_type":["Relic","Relic","Card","Card","Card","Card"],"build_version":"2020-12-22","purchased_purges":0,"victory":false,"max_hp_per_floor":[70,70,70,70,70,70,70,70,70,70,70,70,70,70,70,70,70,70,70,70,70,84,84,84,84,84,84,84,84,84,84,84,84,84,84,84,84,84,84,84,84,84,84],"card_choices":[{"not_picked":["Flechettes","Blade Dance"],"picked":"Backflip","floor":1},{"not_picked":["Backflip","Choke","Flechettes"],"picked":"SKIP","floor":2},{"not_picked":["Well Laid Plans","Outmaneuver"],"picked":"Flying Knee","floor":3},{"not_picked":["Flying Knee","Dagger Throw"],"picked":"PiercingWail","floor":4},{"not_picked":["Bouncing Flask","Escape Plan"],"picked":"All Out Attack","floor":5},{"not_picked":["Bane","PiercingWail"],"picked":"Noxious Fumes","floor":7},{"not_picked":["PiercingWail","Bane"],"picked":"Catalyst","floor":11},{"not_picked":["Caltrops","Flying Knee"],"picked":"Quick Slash","floor":12},{"not_picked":["Glass Knife","PiercingWail"],"picked":"Deflect","floor":14},{"not_picked":["Malaise","Adrenaline"],"picked":"Corpse Explosion","floor":16},{"not_picked":["Accuracy","Underhanded Strike+1"],"picked":"Backflip+1","floor":18},{"not_picked":["Blade Dance","Acrobatics"],"picked":"Deflect","floor":19},{"not_picked":["Prepared","Endless Agony"],"picked":"Deadly Poison","floor":20},{"not_picked":["Leg Sweep","Deflect"],"picked":"Infinite Blades","floor":21},{"not_picked":["Doppelganger","Heel Hook+1"],"picked":"Dagger Spray","floor":23},{"not_picked":["Tools of the Trade","Wraith Form v2"],"picked":"Envenom","floor":33},{"not_picked":["Reflex+1","Choke"],"picked":"PiercingWail+1","floor":35},{"not_picked":["PiercingWail+1","Bouncing Flask"],"picked":"Noxious Fumes+1","floor":37},{"not_picked":["Dagger Spray","Calculated Gamble+1"],"picked":"Cloak And Dagger+1","floor":38},{"not_picked":["HandOfGreed","Enlightenment"],"picked":"Apotheosis","floor":39},{"not_picked":["Blade Dance+1","Prepared","Cloak And Dagger"],"picked":"SKIP","floor":41}],"player_experience":426579,"relics_obtained":[{"floor":0,"key":"reliquary:PartyBalloon"},{"floor":0,"key":"Pantograph"},{"floor":0,"key":"Ice Cream"},{"floor":7,"key":"Juzu Bracelet"},{"floor":9,"key":"Thread and Needle"},{"floor":11,"key":"Old Coin"},{"floor":23,"key":"StoneCalendar"},{"floor":37,"key":"Bird Faced Urn"},{"floor":41,"key":"reliquary:HotPoker"}],"event_choices":[{"damage_healed":0,"gold_gain":0,"player_choice":"Grow","damage_taken":0,"max_hp_gain":0,"max_hp_loss":0,"event_name":"Living Wall","floor":10,"gold_loss":0,"cards_upgraded":["Noxious Fumes"]},{"damage_healed":0,"gold_gain":0,"player_choice":"CARD ","damage_taken":12,"max_hp_gain":0,"max_hp_loss":0,"event_name":"Knowing Skull","floor":25,"potions_obtained":[],"gold_loss":0,"cards_obtained":["Forethought"]},{"damage_healed":0,"gold_gain":0,"player_choice":"Paid Fearfully","damage_taken":0,"max_hp_gain":0,"max_hp_loss":0,"event_name":"Masked Bandits","floor":29,"gold_loss":16},{"cards_removed":["Forethought"],"damage_healed":26,"gold_gain":0,"player_choice":"Offered Uncommon","damage_taken":0,"max_hp_gain":0,"max_hp_loss":0,"event_name":"Bonfire Elementals","floor":31,"gold_loss":0},{"damage_healed":21,"gold_gain":0,"player_choice":"Writhe","damage_taken":0,"max_hp_gain":0,"max_hp_loss":0,"event_name":"Winding Halls","floor":36,"gold_loss":0,"cards_obtained":["Writhe"]},{"damage_healed":0,"gold_gain":0,"player_choice":"Fight","damage_taken":0,"max_hp_gain":0,"max_hp_loss":0,"event_name":"MindBloom","floor":37,"gold_loss":0},{"damage_healed":0,"gold_gain":0,"player_choice":"Memory 1","damage_taken":0,"max_hp_gain":0,"max_hp_loss":0,"event_name":"SensoryStone","floor":39,"gold_loss":0}],"is_beta":false,"boss_relics":[{"not_picked":["Astrolabe","Runic Pyramid"],"picked":"SlaversCollar"},{"not_picked":["reliquary:WritOfMandamus","Philosopher\u0027s Stone","reliquary:Ember"]}],"items_purged_floors":[],"is_endless":false,"potions_floor_spawned":[4,11,12,16,18,20,21,37,38],"killed_by":"Transient","ascension_level":3}}