{"host":"6vv0uythevi5qk1w","time":1613300256,"event":{"mods":["Act Like it!","BaseMod","Downfall","Gensokyo","Marisa£®ÏF”Í°°ƒß¿Ì…≥£©","Minty Spire (QoL Compilation)","Replay The Spire","StSLib"],"gold_per_floor":[14,14,14,24,24,51,231,264,264,264,0,34,82,15,15,115,115,614,631,631,631,642,977,977,1009,1057,1387,1399,1411,1423,630,630,729,729,748,468,1006,946,581,1025,1510,1982,1982,2242,2295,2360,2449,2449,2449,2449],"floor_reached":51,"language":"ZHS","playtime":4892,"items_purged":["Strike_MRS","UpSweep+1"],"score":1273,"play_id":"b2402df4-7763-41b1-a35c-4ee5d9988cae","local_time":"20210214185736","is_ascension_mode":true,"campfire_choices":[{"data":"UpSweep","floor":10.0,"key":"SMITH"},{"data":"MagicChant","floor":24.0,"key":"SMITH"},{"data":"Acceleration","floor":32.0,"key":"SMITH"},{"data":"Defend_MRS","floor":49,"key":"PURGE"}],"circlet_count":0,"master_deck":["Defend_MRS+2","Defend_MRS","Acceleration+1","GasGiant","AlicesGift","MagicChant+1","JA+1","CasketOfStar+1","EnergyFlow+1","Singularity+1","FairyDestructionRay+1","GalacticHalo+1","ManaConvection","PropBag+1","ManaConvection+1","Gensokyo:SevenSchoolMysteries","Gensokyo:ShootingStar","WitchOfGreed+1","Gensokyo:CustomPotion","Orbital","EarthLightRay+1","OortCloud+1","CasketOfStar","Acceleration","Gensokyo:PrivateSquare"],"relics":["MiniHakkero","hexamod:Sixitude","Gensokyo:MarisaImprobabilityPotion","Gensokyo:OccultBall","Divine Protection","Replay:Ringing Soul","Question Card","Membership Card","Slimebound:StickyStick","Bird Faced Urn","Art of War","Astrolabe","Gensokyo:RedStar","Ancient Tea Set","Old Coin","Simple Rune","Centennial Puzzle","Counterbalance","Medical Kit","SimpleLauncher","bronze:DonusWashers","ExperimentalFamiliar","Guide Book","Lantern","Replay:Accelerometer","champ:Barbells","Turnip","CaptainsWheel","Omamori","Potion Belt"],"acts_visited":["Exordium","Gensokyo:Gensokyo","Gensokyo:Gensokyoer"],"potions_floor_usage":[47,50,50,50],"damage_taken":[{"damage":12.0,"enemies":"Gensokyo:Python","floor":1.0,"turns":3.0},{"damage":0.0,"enemies":"Gensokyo:3_Fairies","floor":4.0,"turns":3.0},{"damage":13.0,"enemies":"Gensokyo:Mamizou","floor":6.0,"turns":7.0},{"damage":17.0,"enemies":"Gensokyo:Gryphon","floor":7.0,"turns":2.0},{"damage":0.0,"enemies":"Gensokyo:Aya","floor":8.0,"turns":3.0},{"damage":0.0,"enemies":"Gensokyo:Mamizou","floor":12.0,"turns":5.0},{"damage":13.0,"enemies":"Gensokyo:Reimu","floor":16.0,"turns":4.0},{"damage":45.0,"enemies":"Gensokyo:Chomper","floor":18.0,"turns":4.0},{"damage":0.0,"enemies":"Gensokyo:CosmicMonolith","floor":19.0,"turns":2.0},{"damage":3.0,"enemies":"Gensokyo:Slime_Group","floor":22.0,"turns":4.0},{"damage":0.0,"enemies":"Gensokyo:Tenshi","floor":23.0,"turns":4.0},{"damage":1.0,"enemies":"Gensokyo:Koishi","floor":25.0,"turns":4.0},{"damage":0.0,"enemies":"Gensokyo:Reisen","floor":27.0,"turns":5.0},{"damage":0.0,"enemies":"Gensokyo:Monolith_and_Dog","floor":28.0,"turns":3.0},{"damage":2.0,"enemies":"Gensokyo:Wraith","floor":29.0,"turns":3.0},{"damage":0.0,"enemies":"Gensokyo:Mirror_and_Dog","floor":30.0,"turns":4.0},{"damage":5.0,"enemies":"Gensokyo:Eternal_Rivals","floor":33.0,"turns":6.0},{"damage":0.0,"enemies":"Gensokyo:3_Bats","floor":35.0,"turns":7.0},{"damage":56.0,"enemies":"Gensokyo:AncientGuardian","floor":37.0,"turns":9.0},{"damage":0.0,"enemies":"Gensokyo:AncientGuardian","floor":40.0,"turns":4.0},{"damage":49.0,"enemies":"Gensokyo:4_Bats","floor":41.0,"turns":1.0},{"damage":19.0,"enemies":"Gensokyo:Doremy","floor":42.0,"turns":2.0},{"damage":17.0,"enemies":"Gensokyo:SeedOfUnknown","floor":44.0,"turns":3.0},{"damage":0.0,"enemies":"Gensokyo:Marisa","floor":45.0,"turns":4.0},{"damage":0,"enemies":"Gensokyo:3_Boulders","floor":46,"turns":4},{"damage":0,"enemies":"Gensokyo:AtlasGolem","floor":47,"turns":3},{"damage":0,"enemies":"Gensokyo:Yuyuko","floor":50,"turns":2}],"seed_played":"-6269188701007527352","potions_obtained":[{"floor":1.0,"key":"Toxic Potion"},{"floor":8.0,"key":"PowerPotion"},{"floor":12.0,"key":"ColorlessPotion"},{"floor":19.0,"key":"bronze:BurnAndBuffPotion"},{"floor":25.0,"key":"BlessingOfTheForge"},{"floor":29.0,"key":"Adrenaline Potion"},{"floor":37.0,"key":"LiquidBronze"},{"floor":40.0,"key":"ShroomBrew"},{"floor":40.0,"key":"Ancient Potion"},{"floor":40.0,"key":"Swift Potion"},{"floor":45.0,"key":"Swift Potion"},{"floor":45.0,"key":"Strength Potion"},{"floor":47,"key":"Fruit Juice"},{"floor":47,"key":"PowerPotion"}],"is_trial":false,"path_per_floor":["M","?","?","M","?","E","M","E","T","R","$","E","T","COS","R","B",null,"M","M","?","?","M","E","R","E","T","E","M","M","M","COS","R","B",null,"M","COS","M","?","$","R","M","E","T","M","E","M","M","?","R","B",null],"character_chosen":"MARISA","items_purchased":["Membership Card","Slimebound:StickyStick","Lantern","Replay:Accelerometer","champ:Barbells","Orbital"],"campfire_rested":0,"item_purchase_floors":[11,11,39,39,39,39],"current_hp_per_floor":[63,63,63,63,63,50,33,36,36,36,36,39,39,42,42,32,90,52,56,56,59,63,72,72,77,77,83,87,91,97,100,100,108,108,111,114,60,63,66,82,44,48,48,52,74,101,137,140,140,140],"gold":2449,"neow_bonus":"ONE_RARE_RELIC","is_daily":false,"chose_seed":false,"campfire_upgraded":3,"win_rate":0.0,"timestamp":1613300256,"path_taken":["M","?","?","M","?","E","M","E","T","R","?","E","?","COS","R","BOSS","BOSS","M","M","?","?","M","E","R","E","T","E","M","M","M","COS","R","BOSS","M","COS","M","?","$","R","M","E","T","M","E","M","M","?","R","BOSS"],"items_purchased_type":["Relic","Relic","Relic","Relic","Relic","Card"],"build_version":"2020-12-22","purchased_purges":2,"victory":true,"max_hp_per_floor":[75,75,75,75,75,75,75,78,78,78,78,81,81,84,84,87,90,93,93,93,96,99,102,102,102,102,102,102,102,102,105,105,108,108,111,114,114,117,120,120,123,126,126,129,129,132,137,140,140,140],"card_choices":[{"not_picked":["GasGiant","ShootingEcho"],"picked":"WitchOfGreed","floor":1.0},{"not_picked":["MachineGunSpark","NonDirectionalLaser"],"picked":"Acceleration","floor":4.0},{"not_picked":["PulseMagic","DoubleSpark"],"picked":"GasGiant","floor":6.0},{"not_picked":["OpenUniverse","MachineGunSpark"],"picked":"AlicesGift","floor":7.0},{"not_picked":["StarDustReverie","NonDirectionalLaser"],"picked":"MagicChant","floor":8.0},{"not_picked":["MilkyWay","PulseMagic","Singularity"],"picked":"JA","floor":12.0},{"not_picked":["JA","AbsoluteMagnitude","StarDustReverie"],"picked":"CasketOfStar","floor":16.0},{"not_picked":["WitchLeyline+1","NonDirectionalLaser","LuminesStrike+1"],"picked":"GalacticHalo+1","floor":18.0},{"not_picked":["WitchLeyline","6A","AlicesGift","GravityBeat"],"picked":"SKIP","floor":19.0},{"not_picked":["PowerUp","PulseMagic","MagicChant"],"picked":"PropBag+1","floor":22.0},{"not_picked":["WitchLeyline","CollectingQuirk","DC"],"picked":"ManaConvection+1","floor":23.0},{"not_picked":["GalacticHalo","EnergyRecoil+1","MilkyWay","SporeBomb"],"picked":"SKIP","floor":25.0},{"not_picked":["MagicChant","DoubleSpark+1","Occultation","GravityBeat"],"picked":"SKIP","floor":27.0},{"not_picked":["MysteriousBeam+1","MilkyWay","EnergyRecoil","IllusionStar"],"picked":"SKIP","floor":28.0},{"not_picked":["GravityBeat+1","WitchLeyline+1","MeteoricShower","SporeBomb"],"picked":"SKIP","floor":29.0},{"not_picked":["GalacticHalo+1","ShootingEcho","EventHorizon","EnergyFlow"],"picked":"SKIP","floor":30.0},{"not_picked":[],"picked":"Gensokyo:ShootingStar","floor":33.0},{"not_picked":["PowerUp","AlicesGift+1","OpenUniverse"],"picked":"WitchOfGreed+1","floor":35.0},{"not_picked":["RefractionSpark+1","ChargingUp+1","WitchLeyline+1","6A+1"],"picked":"SKIP","floor":37.0},{"not_picked":["PowerUp+1","Occultation","6A","IllusionStar+1"],"picked":"SKIP","floor":37.0},{"not_picked":["BinaryStars","WitchOfGreed","OrrerysSun","NonDirectionalLaser"],"picked":"SKIP","floor":40.0},{"not_picked":["BinaryStars","WitchOfGreed","OrrerysSun","NonDirectionalLaser"],"picked":"SKIP","floor":40.0},{"not_picked":["PropBag+1","6A+1","GrandCross+1"],"picked":"EarthLightRay+1","floor":41.0},{"not_picked":["ShootingEcho","WitchLeyline","NonDirectionalLaser+1"],"picked":"OortCloud+1","floor":42.0},{"not_picked":["GrandCross+1","PulseMagic+1","GalacticHalo+1"],"picked":"CasketOfStar","floor":44.0},{"not_picked":["6A","SporeBomb+1","DarkSpark+1","NonDirectionalLaser"],"picked":"SKIP","floor":45.0},{"not_picked":["DeepEcoloBomb+1","MilkyWay+1","Orbital"],"picked":"Acceleration","floor":46},{"not_picked":["PowerUp+1","StarBarrage","GrandCross","WitchLeyline+1"],"picked":"SKIP","floor":47}],"player_experience":535457,"relics_obtained":[{"floor":6.0,"key":"Divine Protection"},{"floor":6.0,"key":"Gensokyo:OccultBall"},{"floor":7.0,"key":"Gensokyo:OccultBall"},{"floor":8.0,"key":"Replay:Ringing Soul"},{"floor":9.0,"key":"Question Card"},{"floor":12.0,"key":"Gensokyo:OccultBall"},{"floor":12.0,"key":"Bird Faced Urn"},{"floor":13.0,"key":"Art of War"},{"floor":16.0,"key":"Gensokyo:OccultBall"},{"floor":23.0,"key":"Old Coin"},{"floor":25.0,"key":"Simple Rune"},{"floor":26.0,"key":"Centennial Puzzle"},{"floor":27.0,"key":"Counterbalance"},{"floor":33.0,"key":"Gensokyo:OccultBall"},{"floor":35.0,"key":"Gensokyo:OccultBall"},{"floor":40.0,"key":"Gensokyo:OccultBall"},{"floor":42.0,"key":"Omamori"},{"floor":45.0,"key":"Potion Belt"}],"event_choices":[],"is_beta":false,"boss_relics":[{"not_picked":["SlaversCollar","Replay:Bronze Core"],"picked":"Astrolabe"},{"not_picked":["Busted Crown","Painkiller Herb"],"picked":"ExperimentalFamiliar"}],"items_purged_floors":[11,39],"is_endless":false,"potions_floor_spawned":[1,8,12,16,19,25,29,30,35,40,44,45,46],"ascension_level":2}}