{"host":"egwexuw5uvnxf11j","time":1613285351,"event":{"mods":["2.2 Compatiblity","Aspiration","BaseMod","Better Note","Better Sensory Stone","Better Third Choice","Displayed Cursed Tome","Downfall","Hermit","Key Reminder","Koishi","Marisa????????","Minty Spire (QoL Compilation)","Quick Restart","Shade Mod","Spicy Shops","StSLib","The Construct","The Cursed","The Runesmith","The Senshi","The Servant 0.9.4","Transform Curses"],"gold_per_floor":[112,0,0,0,11,11,40,40,64,141,151,170,170,41,41,145,145,157,176,22,38,313,345,345,345],"floor_reached":24,"language":"ENG","playtime":698,"items_purged":["Pain"],"score":246,"play_id":"d6dcbdd0-eda4-453e-8202-99e233ab3021","local_time":"20210214014911","is_ascension_mode":true,"campfire_choices":[{"data":"Static Discharge","floor":6,"key":"SMITH"},{"floor":8,"key":"REST"},{"data":"Doom and Gloom","floor":15,"key":"SMITH"}],"circlet_count":0,"master_deck":["Strike_B","Strike_B","Strike_B","Strike_B","Defend_B","Defend_B","Defend_B","Defend_B","Zap","Dualcast","Machine Learning","Doom and Gloom+1","Static Discharge+1","Redo","Rebound","Self Repair","Leap","Skim","Cold Snap","Core Surge","Conserve Battery","Stack","Rebound","Regret","Self Repair"],"relics":["Cracked Core","WarpedTongs","TungstenRod","keyreminder:keyreminder","Oddly Smooth Stone","Nuclear Battery","HandDrill","Omamori"],"acts_visited":["Exordium","TheCity"],"potions_floor_usage":[7,23],"damage_taken":[{"damage":1,"enemies":"Cultist","floor":1,"turns":3},{"damage":4,"enemies":"Small Slimes","floor":5,"turns":3},{"damage":32,"enemies":"Gremlin Nob","floor":7,"turns":4},{"damage":6,"enemies":"Jaw Worm","floor":11,"turns":3},{"damage":14,"enemies":"Looter","floor":12,"turns":3},{"damage":22,"enemies":"Slime Boss","floor":16,"turns":7},{"damage":14,"enemies":"Chosen","floor":18,"turns":3},{"damage":17,"enemies":"2 Thieves","floor":19,"turns":3},{"damage":6,"enemies":"Cultist and Chosen","floor":21,"turns":6},{"damage":41,"enemies":"Slavers","floor":23,"turns":4},{"damage":27,"enemies":"Chosen and Byrds","floor":24,"turns":4}],"seed_played":"-7485431360021458394","potions_obtained":[{"floor":5,"key":"FocusPotion"},{"floor":7,"key":"Dexterity Potion"},{"floor":11,"key":"Block Potion"},{"floor":19,"key":"Strength Potion"}],"is_trial":false,"path_per_floor":["M","$","?","$","M","R","E","R","T","?","M","M","?","$","R","B",null,"M","M","$","M","?","E","M"],"character_chosen":"DEFECT","items_purchased":["Static Discharge","Redo","Cold Snap","HandDrill"],"campfire_rested":1,"item_purchase_floors":[2,2,14,20],"current_hp_per_floor":[74,74,74,74,70,70,38,60,60,60,61,54,62,62,62,40,75,68,58,58,59,59,25,0,0],"gold":345,"neow_bonus":"ONE_RANDOM_RARE_CARD","is_daily":false,"chose_seed":false,"campfire_upgraded":2,"win_rate":0.0,"timestamp":1613285351,"path_taken":["M","?","?","$","?","R","E","R","T","?","M","M","?","$","R","BOSS","M","M","$","M","?","E","M"],"items_purchased_type":["Card","Card","Card","Relic"],"build_version":"2020-12-22","purchased_purges":1,"victory":false,"max_hp_per_floor":[75,75,75,75,75,75,75,75,75,75,75,75,75,75,75,75,75,75,75,75,75,75,75,75,75],"card_choices":[{"not_picked":["Streamline","Storm"],"picked":"Doom and Gloom","floor":1},{"not_picked":["Coolheaded","Scrape"],"picked":"Rebound","floor":5},{"not_picked":["Chill","Barrage"],"picked":"Self Repair","floor":7},{"not_picked":["Turbo","Lockon"],"picked":"Leap","floor":11},{"not_picked":["Leap","Genetic Algorithm"],"picked":"Skim","floor":12},{"not_picked":["Buffer","Meteor Strike"],"picked":"Core Surge","floor":16},{"not_picked":["Streamline","Cold Snap+1"],"picked":"Conserve Battery","floor":18},{"not_picked":["Conserve Battery","Steam+1"],"picked":"Stack","floor":19},{"not_picked":["Stack","Genetic Algorithm"],"picked":"Rebound","floor":21},{"not_picked":["Hello World","Turbo"],"picked":"Self Repair","floor":23}],"player_experience":2074539,"relics_obtained":[{"floor":7,"key":"TungstenRod"},{"floor":9,"key":"Oddly Smooth Stone"},{"floor":23,"key":"Omamori"}],"event_choices":[{"damage_healed":0,"gold_gain":0,"player_choice":"Rummage","damage_taken":0,"relics_obtained":["WarpedTongs"],"max_hp_gain":0,"max_hp_loss":0,"event_name":"Accursed Blacksmith","floor":3,"gold_loss":0,"cards_obtained":["Pain"]},{"damage_healed":0,"gold_gain":77,"player_choice":"Gained Gold","damage_taken":0,"max_hp_gain":0,"max_hp_loss":0,"event_name":"Golden Wing","floor":10,"gold_loss":0},{"damage_healed":0,"gold_gain":275,"player_choice":"Desecrate","damage_taken":0,"max_hp_gain":0,"max_hp_loss":0,"event_name":"Golden Shrine","floor":22,"gold_loss":0,"cards_obtained":["Regret"]}],"is_beta":false,"boss_relics":[{"not_picked":["aspiration:RunicSpoon","Pandora\u0027s Box"],"picked":"Nuclear Battery"}],"items_purged_floors":[14],"is_endless":false,"potions_floor_spawned":[5,7,11,19],"killed_by":"Chosen and Byrds","ascension_level":3}}