{"host":"hpn0uxah5qjr7pa6","time":1613270890,"event":{"mods":["2.2 Compatiblity","Act Like it!","Aspiration","BaseMod","Better Third Choice","BetterRewards","Challenge The Spire","Colored Powertips","Conspire","DeckTracker","Downfall","Energized Spire","Hallownest","Hermit","Highlight Path","Hubris","Infinite Spire","Minty Spire (QoL Compilation)","Permanent Neow","Quick Restart","Rare Cards Sparkle","Replay The Spire","Spicy Shops","StSLib","The Bug Knight","The Jungle"],"gold_per_floor":[99,116,134,154,231,83,83,83,99,19,32,32,32,60,72,72,72,72],"floor_reached":16,"language":"ENG","playtime":538,"items_purged":[],"score":148,"play_id":"dab494c7-18f0-4a6e-bfe4-1a7d74caf0e2","local_time":"20210213184810","is_ascension_mode":true,"campfire_choices":[{"floor":1,"key":"REST"},{"floor":13,"key":"REST"}],"circlet_count":0,"master_deck":["bronze:Strike","bronze:Strike","bronze:Strike","bronze:Strike+1","bronze:Defend","bronze:Defend","bronze:Defend","bronze:Defend","bronze:Replicate","bronze:Goto","bronze:Branch","bronze:ChosenStrike","conspire:Banana","bronze:ChosenStrike","bronze:DelayedSlice","bronze:Branch"],"relics":["bronze:BronzeCore","White Beast Statue","TungstenRod","Mirror"],"acts_visited":["Exordium"],"potions_floor_usage":[11,14,15,15,16],"damage_taken":[{"damage":5,"enemies":"Cultist","floor":2,"turns":4},{"damage":0,"enemies":"Small Slimes","floor":3,"turns":3},{"damage":0,"enemies":"2 Louse","floor":4,"turns":3},{"damage":0,"enemies":"downfall:FleeingMerchant","floor":6,"turns":4},{"damage":1,"enemies":"2 Fungi Beasts","floor":9,"turns":4},{"damage":3,"enemies":"downfall:FleeingMerchant","floor":10,"turns":4},{"damage":0,"enemies":"downfall:LooterAlt","floor":11,"turns":1},{"damage":17,"enemies":"Lagavulin","floor":14,"turns":5},{"damage":1,"enemies":"Gremlin Gang","floor":15,"turns":2},{"damage":66,"enemies":"WA_ARCHETYPE_RETAIN","floor":16,"turns":10}],"seed_played":"-2057956004276796739","potions_obtained":[{"floor":2,"key":"LiquidBronze"},{"floor":6,"key":"BlessingOfTheForge"},{"floor":9,"key":"SmokeBomb"},{"floor":10,"key":"DistilledChaos"},{"floor":11,"key":"Fire Potion"},{"floor":14,"key":"SpeedPotion"},{"floor":15,"key":"Dexterity Potion"}],"is_trial":false,"path_per_floor":["R","M","M","M","T","$","T","?","M","$","M","?","R","E","M","B"],"character_chosen":"THE_AUTOMATON","items_purchased":["bronze:ChosenStrike","conspire:Banana","bronze:Branch"],"campfire_rested":2,"item_purchase_floors":[6,6,10],"current_hp_per_floor":[70,65,65,65,65,65,65,65,65,63,63,63,72,56,56,0,0,0],"gold":72,"neow_bonus":"UPGRADE_CARD","is_daily":false,"chose_seed":false,"campfire_upgraded":0,"win_rate":0.0,"timestamp":1613270890,"path_taken":["R","M","M","M","?","$","T","?","M","$","M","?","R","E","M","BOSS"],"items_purchased_type":["Card","Card","Card"],"build_version":"2020-12-22","purchased_purges":0,"victory":false,"max_hp_per_floor":[70,70,70,70,70,70,70,70,71,72,72,72,72,73,74,75,75,75],"card_choices":[{"not_picked":["bronze:FineTuning","bronze:CutThrough","bronze:NullPointer"],"picked":"SKIP","floor":2},{"not_picked":["bronze:Shield","bronze:BuggyMess"],"picked":"bronze:Branch","floor":3},{"not_picked":["bronze:Invalidate","bronze:ChildClass","bronze:Overheat"],"picked":"SKIP","floor":4},{"not_picked":["bronze:FindAndReplace","bronze:Constructor","bronze:Deprecate"],"picked":"SKIP","floor":6},{"not_picked":["bronze:Iterate","bronze:BronzeOrb"],"picked":"bronze:ChosenStrike","floor":9},{"not_picked":["bronze:ChildClass","bronze:Overheat"],"picked":"bronze:DelayedSlice","floor":10},{"not_picked":["bronze:Philosophize","bronze:BitShift","bronze:Overload"],"picked":"SKIP","floor":11},{"not_picked":["bronze:Format","bronze:Overheat","bronze:BronzeArmor"],"picked":"SKIP","floor":14},{"not_picked":["bronze:Turbo","bronze:Fortify","bronze:Constructor"],"picked":"SKIP","floor":15}],"player_experience":241112,"relics_obtained":[{"floor":5,"key":"White Beast Statue"},{"floor":7,"key":"TungstenRod"},{"floor":14,"key":"Mirror"}],"event_choices":[],"is_beta":false,"boss_relics":[],"items_purged_floors":[],"is_endless":false,"potions_floor_spawned":[2,6,9,10,11,14,15],"killed_by":"WA_ARCHETYPE_RETAIN","ascension_level":9}}