{"host":"36mulxq349byzoa2","time":1613333196,"event":{"mods":["AchievementEnabler","BaseMod","Block Reminder","Colored Map","Colored Powertips","Minty Spire (QoL Compilation)","Rare Cards Sparkle","StSLib","SuperFastMode"],"gold_per_floor":[111,58,58,58,23,51,51,80,117,148,190,74,149,149,149,149,149],"floor_reached":16,"language":"ENG","playtime":239,"items_purged":["Strike_B"],"score":320,"play_id":"dde76c02-6523-4a98-bbdb-674f55448e47","local_time":"20210214150636","is_ascension_mode":true,"campfire_choices":[{"data":"Ball Lightning","floor":7,"key":"SMITH"},{"floor":15,"key":"REST"}],"circlet_count":0,"master_deck":["AscendersBane","Strike_B","Strike_B","Strike_B","Defend_B","Defend_B","Defend_B","Defend_B","Zap","Dualcast","Ball Lightning+1","Leap","Glacier","Lockon","Undo","Barrage","Compile Driver"],"relics":["Cracked Core","NeowsBlessing","Dream Catcher","Juzu Bracelet","MawBank","Darkstone Periapt"],"acts_visited":["Exordium"],"potions_floor_usage":[16,16],"damage_taken":[{"damage":0,"enemies":"Jaw Worm","floor":1,"turns":1},{"damage":0,"enemies":"3 Sentries","floor":6,"turns":1},{"damage":0,"enemies":"Lagavulin","floor":8,"turns":1},{"damage":5,"enemies":"Small Slimes","floor":10,"turns":3},{"damage":39,"enemies":"Gremlin Nob","floor":11,"turns":5},{"damage":35,"enemies":"Hexaghost","floor":16,"turns":9}],"seed_played":"6517601488104934932","potions_obtained":[{"floor":1,"key":"Dexterity Potion"},{"floor":10,"key":"FearPotion"}],"is_trial":false,"path_per_floor":["M","$","?","?","?","E","R","E","T","M","E","$","?","?","R","B"],"character_chosen":"DEFECT","items_purchased":["Ball Lightning","Barrage"],"campfire_rested":1,"item_purchase_floors":[2,12],"current_hp_per_floor":[64,64,29,52,69,69,69,69,69,64,25,25,14,14,35,0,0],"gold":149,"neow_bonus":"THREE_ENEMY_KILL","is_daily":false,"chose_seed":false,"campfire_upgraded":1,"win_rate":0.0,"timestamp":1613333196,"path_taken":["M","$","?","?","?","E","R","E","T","M","E","?","?","?","R","BOSS"],"items_purchased_type":["Card","Card"],"build_version":"2020-12-22","purchased_purges":1,"victory":false,"max_hp_per_floor":[71,71,71,71,71,71,71,71,71,71,71,71,71,71,71,71,71],"card_choices":[{"not_picked":["Hello World","Stack","Heatsinks"],"picked":"SKIP","floor":1},{"not_picked":["Hello World","Turbo"],"picked":"Leap","floor":6},{"not_picked":["Coolheaded","Tempest"],"picked":"Glacier","floor":8},{"not_picked":["Coolheaded","Redo"],"picked":"Lockon","floor":10},{"not_picked":["Go for the Eyes","Aggregate"],"picked":"Undo","floor":11},{"not_picked":["Streamline","Hologram"],"picked":"Compile Driver","floor":15}],"player_experience":1046030,"relics_obtained":[{"floor":6,"key":"Juzu Bracelet"},{"floor":8,"key":"MawBank"},{"floor":11,"key":"Darkstone Periapt"}],"event_choices":[{"damage_healed":0,"gold_gain":0,"player_choice":"Success","damage_taken":35,"relics_obtained":["Dream Catcher"],"max_hp_gain":0,"max_hp_loss":0,"event_name":"Scrap Ooze","floor":3,"gold_loss":0},{"damage_healed":23,"gold_gain":0,"player_choice":"Banana","damage_taken":0,"max_hp_gain":0,"max_hp_loss":0,"event_name":"Big Fish","floor":4,"gold_loss":0},{"damage_healed":17,"gold_gain":0,"player_choice":"Healed","damage_taken":0,"max_hp_gain":0,"max_hp_loss":0,"event_name":"The Cleric","floor":5,"gold_loss":35},{"damage_healed":0,"gold_gain":75,"player_choice":"Gather Gold","damage_taken":11,"max_hp_gain":0,"max_hp_loss":0,"event_name":"World of Goop","floor":13,"gold_loss":0},{"damage_healed":0,"gold_gain":0,"player_choice":"Searched \u00270\u0027 times","damage_taken":0,"max_hp_gain":0,"max_hp_loss":0,"event_name":"Dead Adventurer","floor":14,"gold_loss":0}],"is_beta":false,"boss_relics":[],"items_purged_floors":[12],"is_endless":false,"potions_floor_spawned":[1,10,11],"killed_by":"Hexaghost","ascension_level":19}}