{"host":"wrdw6zkxuilnr6rg","time":1613269644,"event":{"mods":["BaseMod","Colored Powertips","Hermit","Highlight Path","Minty Spire (QoL Compilation)","Relic Stats","StSLib"],"gold_per_floor":[118,118,118,134,134,164,164,66,89,89,119,138,138,138,138,237,237,255,239,11,11,11],"floor_reached":21,"language":"ENG","playtime":501,"items_purged":["hermit:Strike_Hermit"],"score":210,"play_id":"dff230f6-d7df-46c8-8c65-3daa4693e837","local_time":"20210214052724","is_ascension_mode":false,"campfire_choices":[{"data":"hermit:Headshot","floor":7.0,"key":"SMITH"},{"data":"hermit:Gestalt","floor":10.0,"key":"SMITH"},{"data":"hermit:PistolWhip","floor":13.0,"key":"SMITH"},{"data":"hermit:FlashPowder","floor":15.0,"key":"SMITH"}],"circlet_count":0,"master_deck":["hermit:Strike_Hermit","hermit:Strike_Hermit+1","hermit:Defend_Hermit","hermit:Defend_Hermit+1","hermit:Defend_Hermit","hermit:Snapshot+1","hermit:Covet","hermit:Grudge","hermit:ShadowCloak","hermit:Headshot+1","hermit:Dive","hermit:Gestalt+1","hermit:PistolWhip+1","hermit:FlashPowder+1","Blind","hermit:EternalForm","hermit:Manifest"],"relics":["hermit:Momento","NeowsBlessing","Dream Catcher","Sundial","Art of War","hermit:Spyglass","Empty Cage","Anchor"],"acts_visited":["Exordium","TheCity"],"potions_floor_usage":[21],"damage_taken":[{"damage":0.0,"enemies":"Jaw Worm","floor":1.0,"turns":1.0},{"damage":0.0,"enemies":"Small Slimes","floor":4.0,"turns":1.0},{"damage":0.0,"enemies":"Gremlin Nob","floor":6.0,"turns":1.0},{"damage":6.0,"enemies":"Lagavulin","floor":11.0,"turns":5.0},{"damage":1.0,"enemies":"2 Louse","floor":12.0,"turns":2.0},{"damage":29.0,"enemies":"Hexaghost","floor":16.0,"turns":11.0},{"damage":2.0,"enemies":"3 Byrds","floor":18.0,"turns":7.0},{"damage":25,"enemies":"2 Thieves","floor":19,"turns":4},{"damage":0,"enemies":"Chosen and Byrds","floor":21,"turns":3}],"seed_played":"-2865729000797116863","potions_obtained":[{"floor":1.0,"key":"Fire Potion"},{"floor":4.0,"key":"AttackPotion"},{"floor":16.0,"key":"GamblersBrew"},{"floor":19,"key":"DistilledChaos"}],"is_trial":false,"path_per_floor":["M","?","?","M","?","E","R","$","T","R","E","M","R","?","R","B",null,"M","M","$","M"],"character_chosen":"HERMIT","items_purchased":["hermit:Dive","hermit:Gestalt","Anchor"],"campfire_rested":0,"item_purchase_floors":[8,8,20],"current_hp_per_floor":[75,75,68,68,53,53,53,53,53,53,47,46,46,46,46,17,75,73,48,48,48,48],"gold":11,"neow_bonus":"THREE_ENEMY_KILL","is_daily":false,"chose_seed":false,"campfire_upgraded":4,"win_rate":0.0,"timestamp":1613269644,"path_taken":["M","?","?","M","?","E","R","$","T","R","E","?","R","?","R","BOSS","M","M","$","M"],"items_purchased_type":["Card","Card","Relic"],"build_version":"2020-12-22","purchased_purges":1,"victory":false,"max_hp_per_floor":[75,75,75,75,75,75,75,75,75,75,75,75,75,75,75,75,75,75,75,75,75,75],"relic_stats":{"Dream Catcher":0,"counters":[9,35],"Sundial":[4],"Art of War":[0],"obtain_stats":[{"Dream Catcher":3,"Anchor":20,"NeowsBlessing":0,"Sundial":6,"Art of War":9,"Empty Cage":17,"hermit:Momento":0,"hermit:Spyglass":11},{"Dream Catcher":1,"Anchor":8,"NeowsBlessing":0,"Sundial":3,"Art of War":3,"Empty Cage":6,"hermit:Momento":0,"hermit:Spyglass":4},{"Dream Catcher":1,"Anchor":32,"NeowsBlessing":0,"Sundial":3,"Art of War":3,"Empty Cage":21,"hermit:Momento":0,"hermit:Spyglass":8}]},"card_choices":[{"not_picked":["hermit:TakeAim","hermit:Spite"],"picked":"hermit:Grudge","floor":1.0},{"not_picked":["hermit:Ricochet","hermit:Roulette"],"picked":"hermit:ShadowCloak","floor":4.0},{"not_picked":["hermit:NoHoldsBarred","hermit:LuckOfTheDraw"],"picked":"hermit:Headshot","floor":6.0},{"not_picked":["hermit:DeadMansHand","hermit:TakeAim"],"picked":"hermit:PistolWhip","floor":11.0},{"not_picked":["hermit:Snipe","hermit:SprayPray"],"picked":"hermit:FlashPowder","floor":12.0},{"not_picked":["hermit:HighNoon","hermit:Magnum"],"picked":"hermit:EternalForm","floor":16.0},{"not_picked":["hermit:SprayPray","hermit:Desperado"],"picked":"hermit:Manifest","floor":18.0},{"not_picked":["hermit:Quickdraw","hermit:CalledShot","hermit:Ricochet+1"],"picked":"SKIP","floor":19}],"player_experience":1567632,"relics_obtained":[{"floor":6.0,"key":"Sundial"},{"floor":9.0,"key":"Art of War"},{"floor":11.0,"key":"hermit:Spyglass"}],"event_choices":[{"damage_healed":0.0,"max_hp_gain":0.0,"max_hp_loss":0.0,"gold_gain":0.0,"event_name":"Living Wall","player_choice":"Grow","floor":2.0,"gold_loss":0.0,"damage_taken":0.0,"cards_upgraded":["hermit:Snapshot"]},{"damage_healed":0.0,"max_hp_gain":0.0,"max_hp_loss":0.0,"gold_gain":0.0,"event_name":"Scrap Ooze","player_choice":"Success","floor":3.0,"gold_loss":0.0,"damage_taken":7.0,"relics_obtained":["Dream Catcher"]},{"damage_healed":0.0,"max_hp_gain":0.0,"max_hp_loss":0.0,"gold_gain":0.0,"event_name":"Shining Light","player_choice":"Entered Light","floor":5.0,"gold_loss":0.0,"damage_taken":15.0,"cards_upgraded":["hermit:Strike_Hermit","hermit:Defend_Hermit"]},{"damage_healed":0.0,"max_hp_gain":0.0,"max_hp_loss":0.0,"gold_gain":0.0,"event_name":"Match and Keep!","player_choice":"1 cards matched","floor":14.0,"gold_loss":0.0,"damage_taken":0.0,"cards_obtained":["Blind"]}],"is_beta":false,"boss_relics":[{"not_picked":["Philosopher\u0027s Stone","Ectoplasm"],"picked":"Empty Cage"}],"items_purged_floors":[20],"is_endless":false,"potions_floor_spawned":[1,4,16,19],"killed_by":"Chosen and Byrds","ascension_level":0}}