{"host":"y0i0tbisecj7yjyn","time":1613338097,"event":{"mods":["AchievementEnabler","AlwaysNeverKeys","BaseMod","BetterRewards","Colored Map","Colored Powertips","Curses Come First","Disable Question Mark Monsters","Displayed Cursed Tome","Highlight Path","Keyboard Shortcuts","Minty Spire (QoL Compilation)","Quick Restart","Random Character Button","Rare Cards Sparkle","StSLib","SuperFastMode","Transform Curses","Weighted Paths"],"gold_per_floor":[116,134,151,151,168,194,194,226,273,285,285,318,382,408,408,504,504,514,530,550,560,573,601,516,516,516,531,531,542,571,42,42,142,142,157,175,175,0,20,20,20],"floor_reached":40,"language":"ENG","playtime":3168,"items_purged":[],"score":584,"play_id":"8ec2ff7b-86a1-4f88-baf4-a33c894881b0","local_time":"20210214152817","is_ascension_mode":true,"campfire_choices":[{"floor":7.0,"key":"REST"},{"floor":11.0,"key":"REST"},{"floor":15,"key":"REST"},{"floor":25,"key":"REST"},{"floor":32,"key":"REST"}],"circlet_count":0,"master_deck":["Strike_G","Strike_G","Strike_G","Strike_G","Defend_G","Defend_G+1","Defend_G","Defend_G","Survivor+1","Neutralize","Bane","Bane","Bane","Dagger Spray","Deadly Poison","Leg Sweep","Noxious Fumes","Outmaneuver","Prepared","Poisoned Stab","Envenom","Crippling Poison+1","Prepared+1","Dagger Throw+1","Bane","After Image","Backstab","Prepared","Poisoned Stab+1","A Thousand Cuts","The Bomb","Noxious Fumes","Corpse Explosion","Poisoned Stab","Dagger Spray+1","Catalyst"],"relics":["Ring of the Snake","Happy Flower","Bottled Lightning","Juzu Bracelet","Vajra","Dream Catcher","Ninja Scroll","Fusion Hammer","War Paint","TungstenRod","Blood Vial","Anchor","Ancient Tea Set","Toolbox","Empty Cage","Boot","Red Mask"],"acts_visited":["Exordium","TheCity","TheBeyond"],"potions_floor_usage":[13,14,23,29,33,36],"damage_taken":[{"damage":1.0,"enemies":"2 Louse","floor":1.0,"turns":3.0},{"damage":0.0,"enemies":"Small Slimes","floor":2.0,"turns":5.0},{"damage":0.0,"enemies":"Jaw Worm","floor":3.0,"turns":3.0},{"damage":11.0,"enemies":"2 Fungi Beasts","floor":5.0,"turns":4.0},{"damage":27.0,"enemies":"3 Sentries","floor":6.0,"turns":7.0},{"damage":24.0,"enemies":"Gremlin Nob","floor":8.0,"turns":4.0},{"damage":4.0,"enemies":"Red Slaver","floor":10.0,"turns":3.0},{"damage":4.0,"enemies":"Lagavulin","floor":12.0,"turns":5.0},{"damage":10,"enemies":"3 Sentries","floor":13,"turns":6},{"damage":0,"enemies":"3 Sentries","floor":14,"turns":5},{"damage":31,"enemies":"The Guardian","floor":16,"turns":7},{"damage":0,"enemies":"Spheric Guardian","floor":18,"turns":3},{"damage":8,"enemies":"Chosen","floor":19,"turns":3},{"damage":7,"enemies":"Centurion and Healer","floor":20,"turns":6},{"damage":29,"enemies":"Shelled Parasite and Fungi","floor":21,"turns":5},{"damage":9,"enemies":"Cultist and Chosen","floor":22,"turns":4},{"damage":11,"enemies":"Gremlin Leader","floor":23,"turns":5},{"damage":0,"enemies":"Chosen and Byrds","floor":27,"turns":3},{"damage":0,"enemies":"Centurion and Healer","floor":29,"turns":3},{"damage":17,"enemies":"Book of Stabbing","floor":30,"turns":4},{"damage":23,"enemies":"Champ","floor":33,"turns":8},{"damage":24,"enemies":"3 Darklings","floor":35,"turns":4},{"damage":4,"enemies":"3 Shapes","floor":36,"turns":2},{"damage":23,"enemies":"Spire Growth","floor":39,"turns":4},{"damage":46,"enemies":"Reptomancer","floor":40,"turns":3}],"seed_played":"-6524352446496135825","potions_obtained":[{"floor":3.0,"key":"AttackPotion"},{"floor":5.0,"key":"EssenceOfSteel"},{"floor":8.0,"key":"EssenceOfSteel"},{"floor":12.0,"key":"GamblersBrew"},{"floor":16,"key":"GamblersBrew"},{"floor":21,"key":"SteroidPotion"},{"floor":23,"key":"Weak Potion"},{"floor":27,"key":"ColorlessPotion"},{"floor":29,"key":"SmokeBomb"},{"floor":30,"key":"Dexterity Potion"}],"is_trial":false,"path_per_floor":["M","M","M","?","M","E","R","E","T","M","R","E","?","E","R","B",null,"M","M","M","M","M","E","?","R","T","M","?","M","E","$","R","B",null,"M","M","?","?","M","E"],"character_chosen":"THE_SILENT","items_purchased":["The Bomb","PowerPotion","Ancient Tea Set","Toolbox"],"campfire_rested":5,"item_purchase_floors":[31,31,31,31],"current_hp_per_floor":[76,76,76,61,50,23,46,22,22,18,41,37,27,27,50,19,77,77,69,62,33,24,13,13,36,36,38,38,40,25,25,48,27,77,53,51,51,51,30,0,0],"gold":20,"neow_bonus":"TEN_PERCENT_HP_BONUS","is_daily":false,"chose_seed":false,"campfire_upgraded":0,"win_rate":0.0,"timestamp":1613338097,"path_taken":["M","M","M","?","M","E","R","E","T","M","R","E","?","E","R","BOSS","M","M","M","M","M","E","?","R","T","M","?","M","E","$","R","BOSS","M","M","?","?","M","E"],"items_purchased_type":["Card","Potion","Relic","Relic"],"build_version":"2020-12-22","purchased_purges":0,"victory":false,"max_hp_per_floor":[77,77,77,77,77,77,77,77,77,77,77,77,77,77,77,77,77,77,77,77,77,77,77,77,77,77,77,77,77,77,77,77,77,77,77,77,77,77,77,77,77],"card_choices":[{"not_picked":["Quick Slash","Underhanded Strike"],"picked":"Bane","floor":1.0},{"not_picked":["Dodge and Roll","Predator"],"picked":"Bane","floor":2.0},{"not_picked":["Blade Dance","Slice"],"picked":"Bane","floor":3.0},{"not_picked":["Deflect","PiercingWail"],"picked":"Dagger Spray","floor":5.0},{"not_picked":["Dash","Riddle With Holes"],"picked":"Deadly Poison","floor":6.0},{"not_picked":["Eviscerate","Leg Sweep","Storm of Steel"],"picked":"SKIP","floor":8.0},{"not_picked":["Eviscerate","Storm of Steel"],"picked":"Leg Sweep","floor":8.0},{"not_picked":["Cloak And Dagger","Dagger Throw","PiercingWail"],"picked":"SKIP","floor":10.0},{"not_picked":["Backflip","Reflex"],"picked":"Noxious Fumes","floor":12.0},{"not_picked":["Deflect","Quick Slash"],"picked":"Outmaneuver","floor":13},{"not_picked":["Choke","Quick Slash"],"picked":"Prepared","floor":14},{"not_picked":["Prepared","Storm of Steel"],"picked":"Poisoned Stab","floor":15},{"not_picked":["Tools of the Trade","Grand Finale"],"picked":"Envenom","floor":16},{"not_picked":["Sucker Punch","Quick Slash"],"picked":"Crippling Poison","floor":18},{"not_picked":["Escape Plan","PiercingWail"],"picked":"Prepared","floor":19},{"not_picked":["Footwork","PiercingWail+1"],"picked":"Dagger Throw+1","floor":20},{"not_picked":["Flechettes","Poisoned Stab"],"picked":"Bane","floor":21},{"not_picked":["Backflip","Calculated Gamble"],"picked":"After Image","floor":22},{"not_picked":["Riddle With Holes","Footwork"],"picked":"Backstab","floor":23},{"not_picked":["PiercingWail","Dagger Throw"],"picked":"Prepared","floor":27},{"not_picked":["Dodge and Roll","Flying Knee"],"picked":"Poisoned Stab+1","floor":29},{"not_picked":["Blur","Quick Slash"],"picked":"A Thousand Cuts","floor":30},{"not_picked":["Dodge and Roll+1","Footwork+1"],"picked":"Noxious Fumes","floor":32},{"not_picked":["Glass Knife","A Thousand Cuts"],"picked":"Corpse Explosion","floor":33},{"not_picked":["Dagger Spray+1","Sucker Punch"],"picked":"Poisoned Stab","floor":35},{"not_picked":["Setup","Dodge and Roll+1"],"picked":"Dagger Spray+1","floor":36},{"not_picked":["Backflip","Sucker Punch"],"picked":"Catalyst","floor":39}],"player_experience":454417,"relics_obtained":[{"floor":6.0,"key":"Happy Flower"},{"floor":8.0,"key":"Bottled Lightning"},{"floor":9.0,"key":"Juzu Bracelet"},{"floor":12.0,"key":"Vajra"},{"floor":13,"key":"Dream Catcher"},{"floor":14,"key":"Ninja Scroll"},{"floor":23,"key":"War Paint"},{"floor":26,"key":"Blood Vial"},{"floor":30,"key":"Anchor"}],"event_choices":[{"damage_healed":0.0,"max_hp_gain":0.0,"max_hp_loss":0.0,"gold_gain":0.0,"event_name":"Shining Light","player_choice":"Entered Light","floor":4.0,"gold_loss":0.0,"damage_taken":15.0,"cards_upgraded":["Defend_G","Survivor"]},{"damage_healed":0,"gold_gain":0,"player_choice":"Searched \u00271\u0027 times","damage_taken":0,"max_hp_gain":0,"max_hp_loss":0,"event_name":"Dead Adventurer","floor":13,"gold_loss":0},{"damage_healed":0,"gold_gain":0,"player_choice":"Obtained Relic","damage_taken":0,"relics_obtained":["TungstenRod"],"max_hp_gain":0,"max_hp_loss":0,"event_name":"Addict","floor":24,"gold_loss":85},{"damage_healed":0,"gold_gain":0,"player_choice":"Ignored","damage_taken":0,"max_hp_gain":0,"max_hp_loss":0,"event_name":"Ghosts","floor":28,"gold_loss":0},{"damage_healed":0,"gold_gain":0,"player_choice":"Gave Potion","damage_taken":0,"relics_obtained":["Boot"],"max_hp_gain":0,"max_hp_loss":0,"event_name":"WeMeetAgain","floor":37,"gold_loss":0},{"damage_healed":0,"gold_gain":0,"player_choice":"Paid","damage_taken":0,"relics_obtained":["Red Mask"],"max_hp_gain":0,"max_hp_loss":0,"event_name":"Tomb of Lord Red Mask","floor":38,"gold_loss":175}],"is_beta":false,"boss_relics":[{"not_picked":["SlaversCollar","Astrolabe"],"picked":"Fusion Hammer"},{"not_picked":["Tiny House","Runic Dome"],"picked":"Empty Cage"}],"items_purged_floors":[],"is_endless":false,"potions_floor_spawned":[3,5,8,12,16,21,23,27,29,30],"killed_by":"Reptomancer","ascension_level":2}}