{"host":"v2b7co6515hwzfig","time":1613271670,"event":{"mods":["BaseMod","Colored Powertips","Downfall","KinomotoSakuraMod(????)","Marisa????????","Minty Spire (QoL Compilation)","Quick Restart","Rare Cards Sparkle","StSLib","The Bug Knight","The Senshi"],"gold_per_floor":[109,121,70,81,81,81,111,111,111,111,125,300,320,337,337,435,435,452,470,12,25,25,25,54,54,100,116,116,116,116],"floor_reached":29,"language":"ENG","playtime":1659,"items_purged":["Regret"],"score":245,"play_id":"513ba589-08bb-4f61-96d9-6e61422504c5","local_time":"20210214040110","is_ascension_mode":false,"campfire_choices":[{"data":"Armaments","floor":6,"key":"SMITH"},{"floor":8,"key":"REST"},{"floor":15,"key":"REST"},{"floor":23,"key":"REST"},{"floor":25,"key":"REST"}],"circlet_count":0,"master_deck":["Strike_R","Strike_R","Strike_R","Strike_R","Strike_R","Defend_R+1","Defend_R","Defend_R","Defend_R+1","Bash","Shrug It Off","Pommel Strike","Armaments+1","Thunderclap","Headbutt","Twin Strike","Doubt","Fire Breathing","Demon Form","Body Slam","Anger","Metallicize","Power Through+1","Anger","Inflame+1"],"relics":["Burning Blood","NeowsBlessing","Sundial","Bag of Marbles","Unceasing Top","SacredBark","Strange Spoon","War Paint","Vajra","MealTicket"],"acts_visited":["Exordium","TheCity"],"potions_floor_usage":[13,13,16,16,19,27],"damage_taken":[{"damage":0,"enemies":"Jaw Worm","floor":1,"turns":1},{"damage":0,"enemies":"Cultist","floor":2,"turns":1},{"damage":0,"enemies":"2 Louse","floor":4,"turns":1},{"damage":42,"enemies":"Gremlin Nob","floor":7,"turns":6},{"damage":15,"enemies":"Looter","floor":11,"turns":3},{"damage":2,"enemies":"2 Fungi Beasts","floor":13,"turns":2},{"damage":19,"enemies":"Exordium Thugs","floor":14,"turns":4},{"damage":18,"enemies":"Slime Boss","floor":16,"turns":6},{"damage":55,"enemies":"Spheric Guardian","floor":18,"turns":8},{"damage":42,"enemies":"Shell Parasite","floor":19,"turns":9},{"damage":45,"enemies":"Centurion and Healer","floor":21,"turns":8},{"damage":24,"enemies":"HollowMod:Nosk","floor":24,"turns":11},{"damage":46,"enemies":"Sentry and Sphere","floor":27,"turns":7},{"damage":54,"enemies":"Cultist and Chosen","floor":29,"turns":5}],"seed_played":"-16070152264798050","potions_obtained":[{"floor":7,"key":"Weak Potion"},{"floor":11,"key":"EntropicBrew"},{"floor":18,"key":"ColorlessPotion"},{"floor":24,"key":"Regen Potion"}],"is_trial":false,"path_per_floor":["M","M","$","M","?","R","E","R","T","?","M","?","M","M","R","B",null,"M","M","$","M","$","R","E","R","T","M","?","M"],"character_chosen":"IRONCLAD","items_purchased":["Armaments","Strange Spoon","War Paint","Metallicize"],"campfire_rested":4,"item_purchase_floors":[3,20,20,20],"current_hp_per_floor":[80,80,80,80,80,80,44,68,68,68,59,59,63,50,74,62,80,31,48,48,9,9,33,15,39,39,44,49,0,0],"gold":116,"neow_bonus":"THREE_ENEMY_KILL","is_daily":false,"chose_seed":false,"campfire_upgraded":1,"win_rate":0.0,"timestamp":1613271670,"path_taken":["M","M","$","M","?","R","E","R","T","?","?","?","M","M","R","BOSS","M","M","$","M","$","R","E","R","T","M","?","M"],"items_purchased_type":["Card","Relic","Relic","Card"],"build_version":"2020-12-13","purchased_purges":1,"victory":false,"max_hp_per_floor":[80,80,80,80,80,80,80,80,80,80,80,80,80,80,80,80,80,80,80,80,80,80,80,80,80,80,80,80,80,80],"card_choices":[{"not_picked":["Ghostly Armor","Clothesline"],"picked":"Shrug It Off","floor":1},{"not_picked":["Second Wind","Bloodletting"],"picked":"Pommel Strike","floor":2},{"not_picked":["Feel No Pain","Sword Boomerang"],"picked":"Thunderclap","floor":4},{"not_picked":["Armaments","Sword Boomerang"],"picked":"Headbutt","floor":7},{"not_picked":["Bloodletting","Searing Blow"],"picked":"Twin Strike","floor":11},{"not_picked":["Hemokinesis","Warcry"],"picked":"Thunderclap","floor":13},{"not_picked":["Thunderclap","Shockwave"],"picked":"Fire Breathing","floor":14},{"not_picked":["Bludgeon","Impervious"],"picked":"Demon Form","floor":16},{"not_picked":["Pommel Strike","Carnage"],"picked":"Body Slam","floor":18},{"not_picked":["Warcry+1","Twin Strike"],"picked":"Anger","floor":19},{"not_picked":["Body Slam","Feel No Pain+1"],"picked":"Power Through+1","floor":21},{"not_picked":["Ghostly Armor+1","Headbutt"],"picked":"Anger","floor":24},{"not_picked":["Intimidate","Iron Wave+1"],"picked":"Inflame+1","floor":27}],"player_experience":9080,"relics_obtained":[{"floor":7,"key":"Bag of Marbles"},{"floor":9,"key":"Unceasing Top"},{"floor":24,"key":"Vajra"},{"floor":26,"key":"MealTicket"}],"event_choices":[{"damage_healed":0,"gold_gain":0,"player_choice":"Box","damage_taken":0,"relics_obtained":["Sundial"],"max_hp_gain":0,"max_hp_loss":0,"event_name":"Big Fish","floor":5,"gold_loss":0,"cards_obtained":["Regret"]},{"damage_healed":0,"gold_gain":0,"player_choice":"Bought 0 Potions","damage_taken":0,"max_hp_gain":0,"max_hp_loss":0,"event_name":"The Woman in Blue","floor":10,"gold_loss":0},{"damage_healed":0,"gold_gain":175,"player_choice":"AGREE","damage_taken":0,"max_hp_gain":0,"max_hp_loss":0,"event_name":"Liars Game","floor":12,"gold_loss":0,"cards_obtained":["Doubt"]},{"cards_removed":["Thunderclap"],"damage_healed":5,"gold_gain":0,"player_choice":"Offered Common","damage_taken":0,"max_hp_gain":0,"max_hp_loss":0,"event_name":"Bonfire Elementals","floor":28,"gold_loss":0},{"cards_removed":["Thunderclap"],"damage_healed":5,"gold_gain":0,"player_choice":"Offered Special","damage_taken":0,"max_hp_gain":0,"max_hp_loss":0,"event_name":"Bonfire Elementals","floor":28,"gold_loss":0}],"is_beta":false,"boss_relics":[{"not_picked":["Fusion Hammer","Snecko Eye"],"picked":"SacredBark"}],"items_purged_floors":[20],"is_endless":false,"potions_floor_spawned":[7,11,18,24],"killed_by":"Cultist and Chosen","ascension_level":0}}