{"host":"0qlrtuw7bw78ucw4","time":1613309001,"event":{"mods":["BaseMod","Downfall","Minty Spire (QoL Compilation)","StSLib"],"gold_per_floor":[99,119,131,146,146,181,181,214,114,134,134,163,163,263,276,276,276,276],"floor_reached":16,"language":"ENG","playtime":621,"items_purged":[],"score":216,"play_id":"1ad8fc9d-ca83-475d-829f-8ad8ff85bb82","local_time":"20210215002321","is_ascension_mode":true,"campfire_choices":[{"data":"Guardian:TwinSlam","floor":1,"key":"SMITH"},{"data":"Guardian:BodySlam","floor":9,"key":"SMITH"},{"data":"Guardian:FuturePlans","floor":11,"key":"SMITH"}],"circlet_count":0,"master_deck":["AscendersBane","Guardian:Strike_Guardian","Guardian:Strike_Guardian","Guardian:Defend_Guardian","Guardian:Defend_Guardian","Guardian:Defend_Guardian","Guardian:CurlUp","Guardian:TwinSlam+1","Guardian:FuturePlans+1","Guardian:TemporalStrike","Guardian:TimeBomb","Guardian:BodySlam+1","Guardian:BronzeArmor","Guardian:Clone","Guardian:TemporalShield","downfall:Icky"],"relics":["Guardian:ModeShifter","bronze:DecasWashers","HornCleat","Art of War","downfall:HeartBlessingBlue","Mercury Hourglass"],"acts_visited":["Exordium"],"potions_floor_usage":[6],"damage_taken":[{"damage":0,"enemies":"2 Louse","floor":2,"turns":3},{"damage":0,"enemies":"Small Slimes","floor":3,"turns":3},{"damage":7,"enemies":"Jaw Worm","floor":4,"turns":4},{"damage":13,"enemies":"Gremlin Nob","floor":6,"turns":5},{"damage":6,"enemies":"3 Sentries","floor":8,"turns":5},{"damage":9,"enemies":"Lots of Slimes","floor":10,"turns":5},{"damage":20,"enemies":"Lagavulin","floor":12,"turns":6},{"damage":6,"enemies":"Exordium Thugs","floor":15,"turns":4},{"damage":16,"enemies":"WA_ARCHETYPE_RETAIN","floor":16,"turns":6}],"seed_played":"7362721062627395401","potions_obtained":[{"floor":2,"key":"SkillPotion"}],"is_trial":false,"path_per_floor":["R","M","M","M","?","E","T","E","R","M","R","E","?","?","M","B"],"character_chosen":"GUARDIAN","items_purchased":[],"campfire_rested":0,"item_purchase_floors":[],"current_hp_per_floor":[65,65,65,58,53,40,40,34,44,35,35,15,15,15,9,0,0,0],"gold":276,"neow_bonus":"REMOVE_TWO","is_daily":false,"chose_seed":false,"campfire_upgraded":3,"win_rate":0.0,"timestamp":1613309001,"path_taken":["R","M","M","M","?","E","T","E","R","M","R","E","?","?","M","BOSS"],"items_purchased_type":[],"build_version":"2020-12-22","purchased_purges":0,"victory":false,"max_hp_per_floor":[65,65,65,65,65,65,65,65,75,75,75,75,75,75,75,75,75,75],"card_choices":[{"not_picked":["Guardian:TimeCapacitor","Guardian:Gem_Lightblue"],"picked":"Guardian:FuturePlans","floor":2},{"not_picked":["Guardian:PiercingHide","Guardian:Incinerate"],"picked":"Guardian:TemporalStrike","floor":3},{"not_picked":["Guardian:Suspension","Guardian:PiercingHide"],"picked":"Guardian:TimeBomb","floor":4},{"not_picked":["Guardian:Incinerate","Guardian:Gem_Red"],"picked":"Guardian:BodySlam","floor":6},{"not_picked":["Guardian:WalkerClaw","Guardian:Gem_Green"],"picked":"Guardian:BronzeArmor","floor":8},{"not_picked":["Guardian:ArmoredProtocol","Guardian:RollAttack"],"picked":"Guardian:Clone","floor":10},{"not_picked":["Guardian:Planning","Guardian:PiercingHide"],"picked":"Guardian:TemporalShield","floor":12},{"not_picked":["Guardian:VentSteam","Guardian:Planning","Guardian:HyperBeam_Guardian"],"picked":"SKIP","floor":15}],"player_experience":1018028,"relics_obtained":[{"floor":6,"key":"HornCleat"},{"floor":8,"key":"Art of War"},{"floor":12,"key":"Mercury Hourglass"}],"event_choices":[{"damage_healed":0,"gold_gain":0,"player_choice":"Success","damage_taken":5,"relics_obtained":["bronze:DecasWashers"],"max_hp_gain":0,"max_hp_loss":0,"event_name":"Scrap Ooze","floor":5,"gold_loss":0}],"is_beta":false,"boss_relics":[],"items_purged_floors":[],"is_endless":false,"potions_floor_spawned":[2],"killed_by":"WA_ARCHETYPE_RETAIN","ascension_level":16}}