{"host":"raai0vtvcfkt8csp","time":1613313801,"event":{"mods":["2.2 Compatiblity","BaseMod","Beaked The Cultist","Block Reminder","Booster Modes","Clockwork Mod","Custom Start","DeckTracker","Defective Defect","Defuse TimeMaze Blight","Dio Mod","GifTheSpireLib","Infinite Spire","Minty Spire (QoL Compilation)","Quick Restart","Random Character Button","Rare Cards Sparkle","StSLib","The Marked","Unceasing Turn Reminder"],"gold_per_floor":[109,109,109,121,135,170,189,209,209,209,3,38,38,57,57,158,158,171,171,21,36,51,79,79,79,79],"floor_reached":25,"language":"ENG","playtime":1690,"items_purged":[],"score":297,"play_id":"55b0067f-3d04-4372-8261-2e241136efcf","local_time":"20210214154321","is_ascension_mode":true,"campfire_choices":[{"floor":15,"key":"REST"},{"floor":24,"key":"REST"}],"circlet_count":0,"master_deck":["Strike_B","Strike_B","Strike_B","Strike_B","Defend_B","Defend_B","Defend_B","Defend_B","Zap","Dualcast","All For One","Gash","Cold Snap","Gash","Stack","Echo Form","Self Repair","Conserve Battery","Echo Form","Conserve Battery","Auto Shields","Go for the Eyes","Echo Form","Force Field","Beam Cell","Aggregate+1"],"relics":["Cracked Core","Art of War","infinitespire:Beetle Shell","DataDisk","FaceOfCleric","infinitespire:Cupcake","Nloth\u0027s Gift","PreservedInsect","Blue Candle"],"acts_visited":["Exordium","TheCity"],"potions_floor_usage":[7,7,18,21],"damage_taken":[{"damage":2,"enemies":"Small Slimes","floor":1,"turns":3},{"damage":4,"enemies":"Jaw Worm","floor":4,"turns":2},{"damage":0,"enemies":"Cultist","floor":5,"turns":2},{"damage":17,"enemies":"Gremlin Nob","floor":6,"turns":5},{"damage":22,"enemies":"Large Slime","floor":7,"turns":5},{"damage":6,"enemies":"Exordium Thugs","floor":8,"turns":5},{"damage":16,"enemies":"Lagavulin","floor":12,"turns":7},{"damage":15,"enemies":"2 Fungi Beasts","floor":14,"turns":5},{"damage":0,"enemies":"Slime Boss","floor":16,"turns":6},{"damage":19,"enemies":"3 Byrds","floor":18,"turns":7},{"damage":21,"enemies":"Chosen","floor":21,"turns":6},{"damage":0,"enemies":"Snecko","floor":22,"turns":7},{"damage":49,"enemies":"Slavers","floor":23,"turns":5},{"damage":62,"enemies":"Gremlin Leader","floor":25,"turns":5}],"seed_played":"-3127684948102965995","potions_obtained":[{"floor":1,"key":"ColorlessPotion"},{"floor":5,"key":"SkillPotion"},{"floor":16,"key":"DuplicationPotion"},{"floor":18,"key":"Weak Potion"},{"floor":21,"key":"PotionOfCapacity"}],"is_trial":false,"path_per_floor":["M","?","?","M","M","E","M","M","T","?","$","E","?","M","R","B",null,"M","?","$","M","M","E","R","E"],"character_chosen":"DEFECT","items_purchased":["DollysMirror","Conserve Battery","PreservedInsect"],"campfire_rested":2,"item_purchase_floors":[11,11,20],"current_hp_per_floor":[73,73,73,69,69,52,30,38,38,38,38,36,36,36,58,59,77,73,73,73,67,68,34,58,0,0],"gold":79,"neow_bonus":"ONE_RANDOM_RARE_CARD","is_daily":false,"chose_seed":false,"campfire_upgraded":0,"win_rate":0.0,"timestamp":1613313801,"path_taken":["M","?","?","M","M","E","M","?","T","?","?","E","?","?","R","BOSS","M","?","?","M","M","E","R","E"],"items_purchased_type":["Relic","Card","Relic"],"build_version":"2020-12-22","purchased_purges":0,"victory":false,"max_hp_per_floor":[75,75,75,75,75,75,75,75,75,75,75,75,75,76,76,77,77,78,78,78,79,80,81,81,81,81],"card_choices":[{"not_picked":["FTL","Sweeping Beam"],"picked":"Gash","floor":1},{"not_picked":["Genetic Algorithm","Double Energy"],"picked":"Gash","floor":4},{"not_picked":["Barrage","Rebound"],"picked":"Stack","floor":5},{"not_picked":["Steam Power","Ball Lightning"],"picked":"Echo Form","floor":6},{"not_picked":["Barrage","Turbo"],"picked":"Self Repair","floor":7},{"not_picked":["Aggregate","Sweeping Beam"],"picked":"Conserve Battery","floor":8},{"not_picked":["Chill","Stack"],"picked":"Auto Shields","floor":12},{"not_picked":["Barrage","Glacier"],"picked":"Go for the Eyes","floor":14},{"not_picked":["Multi-Cast","Buffer"],"picked":"Echo Form","floor":16},{"not_picked":["Hologram+1","Sweeping Beam"],"picked":"Force Field","floor":18},{"not_picked":["Reboot","Stack","Barrage+1"],"picked":"SKIP","floor":21},{"not_picked":["Ball Lightning","Streamline"],"picked":"Beam Cell","floor":22},{"not_picked":["Ball Lightning","Blizzard"],"picked":"Aggregate+1","floor":23}],"player_experience":961803,"relics_obtained":[{"floor":6,"key":"Art of War"},{"floor":9,"key":"infinitespire:Beetle Shell"},{"floor":12,"key":"DataDisk"},{"floor":23,"key":"Blue Candle"}],"event_choices":[{"damage_healed":0,"gold_gain":0,"player_choice":"Ignored","damage_taken":0,"max_hp_gain":0,"max_hp_loss":0,"event_name":"Liars Game","floor":2,"gold_loss":0},{"damage_healed":0,"gold_gain":0,"player_choice":"1 cards matched","damage_taken":0,"max_hp_gain":0,"max_hp_loss":0,"event_name":"Match and Keep!","floor":3,"gold_loss":0,"cards_obtained":["Cold Snap"]},{"damage_healed":0,"gold_gain":0,"player_choice":"Ignored","damage_taken":0,"max_hp_gain":0,"max_hp_loss":0,"event_name":"Golden Idol","floor":10,"gold_loss":0},{"damage_healed":0,"gold_gain":0,"player_choice":"Trade","damage_taken":0,"relics_obtained":["FaceOfCleric"],"max_hp_gain":0,"max_hp_loss":0,"event_name":"FaceTrader","floor":13,"gold_loss":0},{"damage_healed":0,"gold_gain":0,"player_choice":"Traded Relic","damage_taken":0,"relics_obtained":["Nloth\u0027s Gift"],"max_hp_gain":0,"max_hp_loss":0,"event_name":"N\u0027loth","floor":19,"relics_lost":["DollysMirror"],"gold_loss":0}],"is_beta":false,"boss_relics":[{"not_picked":["Velvet Choker","Fusion Hammer"],"picked":"infinitespire:Cupcake"}],"items_purged_floors":[],"is_endless":false,"potions_floor_spawned":[1,5,16,18,21],"killed_by":"Gremlin Leader","ascension_level":1}}