{"host":"zyn2zcp8fez1ptuq","time":1613320833,"event":{"mods":["BaseMod","BetterRewards","Bossed Relics","Downfall","Hermit","Hubris","Infinite Spire","Minty Spire (QoL Compilation)","Replay The Spire","Robot Space Explorer","Shade Mod","Shop Mod","StSLib","The Animator","The Cursed","The Jungle","The Marked","The Necromancer"],"gold_per_floor":[99,117,133,133,143,164,164,164,175,14,14,31,42,42,62,166,166,166,166,202,202,202,202,283,19,19,19,19],"floor_reached":26,"language":"ENG","playtime":1636,"items_purged":[],"score":196,"play_id":"b9bdb684-5645-4849-a348-52b35fa57e89","local_time":"20210214114033","is_ascension_mode":false,"campfire_choices":[{"data":"sneckomod:TailWhip","floor":1.0,"key":"SMITH"}],"circlet_count":0,"master_deck":["sneckomod:Strike+1","sneckomod:Strike","sneckomod:Strike","sneckomod:Defend","sneckomod:Defend","sneckomod:Defend","sneckomod:TailWhip+1","sneckomod:SnekBite","sneckomod:Unknown","sneckomod:DiceBlock","sneckomod:WideSting","sneckomod:Cheat","sneckomod:SnakeSap","sneckomod:UnknownVulnerable","sneckomod:UnendingSupply","Madness","sneckomod:RainOfDice","sneckomod:SerpentIdol","sneckomod:CheapStock","Madness","sneckomod:SlitherStrike","RitualDagger","Madness+1","sneckomod:DiceCrush","Dramatic Entrance+1"],"relics":["sneckomod:SneckoSoul","Thread and Needle","ReplayTheSpireMod:Ninjato","hubris:CrackedHourglass","Bottled Tornado","Question Card","Whetstone"],"acts_visited":["TheCity"],"potions_floor_usage":[20,26],"damage_taken":[{"damage":3.0,"enemies":"Jaw Worm","floor":2.0,"turns":3.0},{"damage":2.0,"enemies":"Small Slimes","floor":3.0,"turns":4.0},{"damage":0.0,"enemies":"Cultist","floor":5.0,"turns":3.0},{"damage":3.0,"enemies":"downfall:LooterAlt","floor":9.0,"turns":4.0},{"damage":0.0,"enemies":"downfall:FleeingMerchant","floor":10.0,"turns":4.0},{"damage":15.0,"enemies":"2 Fungi Beasts","floor":12.0,"turns":4.0},{"damage":12.0,"enemies":"Blue Slaver","floor":13.0,"turns":4.0},{"damage":7.0,"enemies":"3 Louse","floor":15.0,"turns":2.0},{"damage":43.0,"enemies":"IC_STATUS_ARCHETYPE","floor":16.0,"turns":9.0},{"damage":0,"enemies":"Spheric Guardian","floor":20,"turns":3},{"damage":4,"enemies":"downfall:FleeingMerchant","floor":25,"turns":4},{"damage":95,"enemies":"Slavers","floor":26,"turns":5}],"seed_played":"-379120582964060947","potions_obtained":[{"floor":2.0,"key":"LiquidBronze"},{"floor":12.0,"key":"BlessingOfTheForge"},{"floor":15.0,"key":"Toxic Potion"},{"floor":16.0,"key":"SneckoOil"},{"floor":20,"key":"Swift Potion"}],"is_trial":false,"path_per_floor":["R","M","M","?","M","?","T","?","M","$","R","M","M","?","M","B",null,"R","?","M","?","T","R","T","$","E"],"character_chosen":"THE_SNECKO","items_purchased":["sneckomod:UnknownRareAttack","Dramatic Entrance","Whetstone"],"campfire_rested":0,"item_purchase_floors":[10,25,25],"current_hp_per_floor":[99,96,94,99,99,99,99,99,96,96,96,81,69,69,62,24,104,104,104,104,98,98,98,98,94,0,0,0],"gold":19,"neow_bonus":"TEN_PERCENT_HP_BONUS","is_daily":false,"chose_seed":false,"campfire_upgraded":1,"win_rate":0.0,"timestamp":1613320833,"path_taken":["R","M","M","?","M","?","T","?","M","$","R","M","M","?","M","BOSS","R","?","M","?","?","R","T","$","E"],"items_purchased_type":["Card","Card","Relic"],"build_version":"2020-12-22","purchased_purges":0,"victory":false,"max_hp_per_floor":[99,99,99,104,104,104,104,104,104,104,104,104,104,104,104,104,104,104,104,104,104,104,104,104,104,104,104,104],"card_choices":[{"not_picked":["sneckomod:DiceCrush","sneckomod:UnknownWeak"],"picked":"sneckomod:DiceBlock","floor":2.0},{"not_picked":["sneckomod:SerpentIdol","sneckomod:QuickMove"],"picked":"sneckomod:WideSting","floor":3.0},{"not_picked":["sneckomod:DiceCrush","sneckomod:UnknownBlock"],"picked":"sneckomod:Cheat","floor":5.0},{"not_picked":["sneckomod:Nope","sneckomod:DiceBlock"],"picked":"sneckomod:SnakeSap","floor":6.0},{"not_picked":["sneckomod:UnknownWeak","sneckomod:SoulDraw"],"picked":"sneckomod:UnknownVulnerable","floor":9.0},{"not_picked":["sneckomod:UnknownExhaust","sneckomod:Unknown2Cost"],"picked":"sneckomod:UnendingSupply","floor":10.0},{"not_picked":["sneckomod:QuickBite","sneckomod:UnknownStrike"],"picked":"sneckomod:RainOfDice","floor":12.0},{"not_picked":["sneckomod:DiceCrush","sneckomod:UnknownWeak"],"picked":"sneckomod:SerpentIdol","floor":13.0},{"not_picked":["sneckomod:UnknownDraw","sneckomod:UnknownStrike"],"picked":"sneckomod:CheapStock","floor":15.0},{"not_picked":["sneckomod:Restock","sneckomod:MorePower"],"picked":"sneckomod:UnknownRareAttack","floor":16.0},{"not_picked":["sneckomod:UnknownCommonAttack","sneckomod:SoulDraw"],"picked":"sneckomod:UnknownCommonSkill+1","floor":20},{"not_picked":["sneckomod:UnknownUncommonAttack+1","sneckomod:QuickMove","sneckomod:UnknownBlock+1"],"picked":"sneckomod:DiceCrush","floor":25}],"player_experience":505056,"relics_obtained":[{"floor":6.0,"key":"Thread and Needle"},{"floor":7.0,"key":"ReplayTheSpireMod:Ninjato"},{"floor":22,"key":"Bottled Tornado"},{"floor":24,"key":"Question Card"}],"event_choices":[{"damage_healed":0.0,"max_hp_gain":5.0,"max_hp_loss":0.0,"gold_gain":0.0,"event_name":"Big Fish","player_choice":"Donut","floor":4.0,"gold_loss":0.0,"damage_taken":0.0},{"cards_removed":["sneckomod:Unknown"],"damage_healed":0.0,"max_hp_gain":0.0,"max_hp_loss":0.0,"gold_gain":0.0,"event_name":"Bonfire Elementals","player_choice":"Offered Basic","floor":14.0,"gold_loss":0.0,"damage_taken":0.0},{"damage_healed":0,"gold_gain":0,"player_choice":"Read","damage_taken":0,"max_hp_gain":0,"max_hp_loss":0,"event_name":"The Library","floor":19,"gold_loss":0,"cards_obtained":["sneckomod:SlitherStrike"]}],"is_beta":false,"boss_relics":[{"not_picked":["sneckomod:SneckoBoss","Cursed Key"],"picked":"hubris:CrackedHourglass"}],"items_purged_floors":[],"is_endless":false,"potions_floor_spawned":[2,12,15,16,20],"killed_by":"Slavers","ascension_level":0}}