{"host":"630px4nyj50z5id8","time":1613309669,"event":{"mods":["BaseMod","Better Note","Colored Powertips","Good Game Mod","Minty Spire (QoL Compilation)","Quick Restart","Rare Cards Sparkle","Relic Filter Mod","Replay The Spire","StSLib","Waifu the Spire"],"gold_per_floor":[1212,1224,1499,992,1010,1010,1010],"floor_reached":6,"language":"ZHS","playtime":137,"items_purged":["Regret"],"score":70,"play_id":"a36d78df-643f-4068-9a34-39c28e03bb02","local_time":"20210214213429","is_ascension_mode":true,"campfire_choices":[],"circlet_count":0,"master_deck":["AscendersBane","Strike_G","Strike_G","Strike_G","Strike_G","Strike_G","Defend_G","Defend_G","Defend_G","Defend_G","Defend_G","Survivor","Neutralize","Creative AI","Catalyst","Prepared+1","Catalyst"],"relics":["Ring of the Snake","REME:ComplimentaryCards","NeowsBlessing","BargainBundle","ReplayTheSpireMod:Shallot"],"acts_visited":["Exordium"],"potions_floor_usage":[6,6],"damage_taken":[{"damage":0,"enemies":"2 Louse","floor":1,"turns":1},{"damage":0,"enemies":"Small Slimes","floor":2,"turns":1},{"damage":0,"enemies":"Cultist","floor":5,"turns":2},{"damage":31,"enemies":"Lagavulin","floor":6,"turns":8}],"seed_played":"8903739725094816768","potions_obtained":[{"floor":2,"key":"CunningPotion"},{"floor":5,"key":"SkillPotion"}],"is_trial":false,"path_per_floor":["M","M","?","$","M","E"],"character_chosen":"THE_SILENT","items_purchased":["BargainBundle","Prepared+1","Catalyst","ReplayTheSpireMod:Shallot"],"campfire_rested":0,"item_purchase_floors":[4,4,4,4],"current_hp_per_floor":[59,59,59,59,59,28,28],"gold":1010,"neow_bonus":"THREE_ENEMY_KILL","is_daily":false,"chose_seed":false,"campfire_upgraded":0,"win_rate":0.0,"timestamp":1613309669,"path_taken":["M","M","?","$","?","E"],"items_purchased_type":["Relic","Card","Card","Relic"],"build_version":"2020-12-22","purchased_purges":1,"victory":false,"max_hp_per_floor":[66,66,66,66,66,66,66],"card_choices":[{"not_picked":["Poisoned Stab","Fluid Movement"],"picked":"Catalyst","floor":1},{"not_picked":["Dagger Throw","Dodge and Roll","Skewer"],"picked":"SKIP","floor":2},{"not_picked":["Riddle With Holes","Dodge and Roll","Poisoned Stab"],"picked":"SKIP","floor":5}],"player_experience":394340,"relics_obtained":[],"event_choices":[{"damage_healed":0,"gold_gain":275,"player_choice":"Desecrate","damage_taken":0,"max_hp_gain":0,"max_hp_loss":0,"event_name":"Golden Shrine","floor":3,"gold_loss":0,"cards_obtained":["Regret"]}],"is_beta":false,"boss_relics":[],"items_purged_floors":[4],"is_endless":false,"potions_floor_spawned":[2,5],"killed_by":"Lagavulin","ascension_level":19}}