{"host":"4b06nrmhsmzqjm1r","time":1613347034,"event":{"mods":["2.2 Compatiblity","AchievementEnabler","BaseMod","BetterRewards","Colored Map","Colored Powertips","Downfall","Hermit","Highlight Path","Minty Spire (QoL Compilation)","StSLib","The Cursed"],"gold_per_floor":[99,111,128,228,44,44,44,44,29,40,53,67,67,94,109,208,208,8,28,28,28,128,13,13,29,29,29,63,78,78,94,114,209,209,209,226,241,341,341,359,359,359,359,359],"floor_reached":42,"language":"ENG","playtime":5984,"items_purged":["champ:Strike","downfall:Bewildered"],"score":443,"play_id":"1039494a-9463-482b-94ac-3d7333cf74d3","local_time":"20210215005714","is_ascension_mode":false,"campfire_choices":[{"data":"champ:Taunt","floor":1.0,"key":"SMITH"},{"floor":8.0,"key":"RECALL"},{"data":"champ:ShieldThrow","floor":13.0,"key":"SMITH"},{"data":"champ:ViciousMockery","floor":18.0,"key":"SMITH"},{"floor":27,"key":"REST"},{"floor":30,"key":"REST"},{"data":"champ:DefensiveShout","floor":35,"key":"SMITH"}],"circlet_count":0,"master_deck":["champ:Strike","champ:Strike","champ:Strike","champ:Defend","champ:Defend","champ:Defend","champ:Defend","champ:Execute","champ:Taunt+1","champ:GutPunch","champ:PreciseThrust","champ:ShieldThrow+1","champ:AdrenalArmor","champ:DefensiveStyle","champ:SetATrap","champ:EnGarde","champ:BerserkersShout","champ:FancyFootwork","champ:EnGarde","champ:ViciousMockery+1","champ:VampiricStrike","champ:BerserkersShout+1","champ:BringItOn","champ:SteelEdge","champ:TornadoPunch+1","champ:Backstep","champ:Circumvent","champ:FocusedDefense","champ:DefensiveShout+1","champ:Improvising","CurseOfTheBell","champ:ShieldSlam+1","champ:PreciseThrust","champ:Improvising","Decay","champ:StanceDance+1","downfall:Bewildered","downfall:Haunted"],"relics":["Runic Pyramid","Pen Nib","Pantograph","SlaversCollar","downfall:HeartBlessingRed","downfall:HeartBlessingGreen","sneckomod:BabySnecko","champ:BlackKnightHelmet","Bottled Tornado","Dream Catcher","champ:FightingForDummies","Calling Bell","Centennial Puzzle","Kunai","Bird Faced Urn","downfall:ExtraCursedKey"],"acts_visited":["Exordium","TheCity","TheBeyond"],"potions_floor_usage":[22,22,28,28,32,33,42,42,42,42,42,42],"damage_taken":[{"damage":11.0,"enemies":"2 Louse","floor":2.0,"turns":4.0},{"damage":10.0,"enemies":"Small Slimes","floor":3.0,"turns":3.0},{"damage":20.0,"enemies":"downfall:FleeingMerchant","floor":5.0,"turns":4.0},{"damage":20.0,"enemies":"downfall:FleeingMerchant","floor":9.0,"turns":4.0},{"damage":0.0,"enemies":"Jaw Worm","floor":10.0,"turns":3.0},{"damage":20.0,"enemies":"Blue Slaver","floor":11.0,"turns":4.0},{"damage":48.0,"enemies":"Exordium Thugs","floor":12.0,"turns":4.0},{"damage":43.0,"enemies":"Lagavulin","floor":14.0,"turns":7.0},{"damage":0.0,"enemies":"Large Slime","floor":15.0,"turns":3.0},{"damage":51.0,"enemies":"SI_SHIV_ARCHETYPE","floor":16.0,"turns":7.0},{"damage":54.0,"enemies":"3 Byrds","floor":19.0,"turns":6.0},{"damage":113,"floor":22,"turns":8},{"damage":14,"enemies":"downfall:FleeingMerchant","floor":23,"turns":4},{"damage":0,"enemies":"Spheric Guardian","floor":25,"turns":2},{"damage":62,"enemies":"Gremlin Leader","floor":28,"turns":5},{"damage":5,"enemies":"Cultist and Chosen","floor":29,"turns":4},{"damage":5,"enemies":"Snake Plant","floor":31,"turns":4},{"damage":34,"enemies":"Sentry and Sphere","floor":32,"turns":4},{"damage":33,"enemies":"IC_MUSHROOM_ARCHETYPE","floor":33,"turns":7},{"damage":19,"enemies":"3 Shapes","floor":36,"turns":6},{"damage":29,"enemies":"3 Darklings","floor":37,"turns":6},{"damage":17,"enemies":"4 Shapes","floor":40,"turns":4},{"damage":110,"enemies":"Transient","floor":42,"turns":5}],"seed_played":"-8354915086870976342","potions_obtained":[{"floor":10.0,"key":"Strength Potion"},{"floor":12.0,"key":"SteroidPotion"},{"floor":14.0,"key":"Explosive Potion"},{"floor":16.0,"key":"ColorlessPotion"},{"floor":19.0,"key":"EssenceOfSteel"},{"floor":26,"key":"Regen Potion"},{"floor":26,"key":"ColorlessPotion"},{"floor":31,"key":"ColorlessPotion"},{"floor":33,"key":"Swift Potion"},{"floor":37,"key":"EntropicBrew"},{"floor":40,"key":"Swift Potion"}],"is_trial":false,"path_per_floor":["R","M","M","?","$","?","T","R","$","M","M","M","R","E","M","B",null,"R","M","?","?","?","$","T","M","?","R","E","M","R","M","M","B",null,"R","M","M","?","?","M","T","M"],"character_chosen":"THE_CHAMP","items_purchased":["champ:AdrenalArmor","champ:DefensiveStyle"],"campfire_rested":2,"item_purchase_floors":[5,5],"current_hp_per_floor":[90,89,89,89,89,89,89,89,84,84,84,66,66,53,53,67,90,90,71,71,71,8,8,8,8,8,35,8,8,35,35,25,42,90,90,81,74,79,79,76,76,0,0,0],"gold":359,"neow_bonus":"BOSS_RELIC","is_daily":false,"chose_seed":false,"campfire_upgraded":4,"win_rate":0.0,"timestamp":1613347034,"path_taken":["R","M","M","?","$","?","T","R","$","M","M","M","R","E","M","BOSS","R","M","?","?","?","?","T","?","?","R","E","M","R","M","M","BOSS","R","M","M","?","?","M","T","?"],"items_purchased_type":["Card","Card"],"build_version":"2020-12-22","purchased_purges":2,"victory":false,"max_hp_per_floor":[90,90,90,90,90,90,90,90,90,90,90,90,90,90,90,90,90,90,90,90,90,90,90,90,90,90,90,90,90,90,90,90,90,90,90,90,90,95,92,92,92,92,92,92],"card_choices":[{"not_picked":["champ:PerfectedStrike","champ:RapidStrikes"],"picked":"champ:GutPunch","floor":2.0},{"not_picked":["champ:EnGarde","champ:BladeFlurry"],"picked":"champ:PreciseThrust","floor":3.0},{"not_picked":["champ:SkillfulDodge","champ:FancyFootwork"],"picked":"champ:ShieldThrow","floor":5.0},{"not_picked":["champ:AdrenalArmor","champ:GutPunch"],"picked":"champ:SetATrap","floor":9.0},{"not_picked":["champ:FalseCounter","champ:GladiatorStyle"],"picked":"champ:EnGarde","floor":10.0},{"not_picked":["champ:PerfectedStrike","champ:FalseCounter"],"picked":"champ:BerserkersShout","floor":11.0},{"not_picked":["champ:PreciseThrust","champ:EndlessRage"],"picked":"champ:FancyFootwork","floor":12.0},{"not_picked":["champ:Circumvent","champ:BladeFlurry"],"picked":"champ:EnGarde","floor":14.0},{"not_picked":["champ:Shatter","champ:AdrenalArmor"],"picked":"champ:ViciousMockery","floor":15.0},{"not_picked":["champ:ShieldThrow","champ:SwordThrow"],"picked":"champ:VampiricStrike","floor":16.0},{"not_picked":["champ:RecklessLeap","champ:RapidStrikes"],"picked":"champ:BerserkersShout+1","floor":19.0},{"not_picked":["champ:DefensiveShout","champ:Lariat+1"],"picked":"champ:BringItOn","floor":22},{"not_picked":["champ:Duel","champ:GutPunch"],"picked":"champ:SteelEdge","floor":23},{"not_picked":["champ:PerfectedStrike","champ:BladeFlurry"],"picked":"champ:TornadoPunch+1","floor":25},{"not_picked":["champ:Shatter","champ:Circumvent"],"picked":"champ:Backstep","floor":27},{"not_picked":["champ:FalseCounter+1","champ:Haymaker+1"],"picked":"champ:Circumvent","floor":28},{"not_picked":["champ:ArenaPreparation","champ:AdrenalArmor"],"picked":"champ:FocusedDefense","floor":29},{"not_picked":["champ:SetATrap","champ:TornadoPunch","champ:DeathBlow"],"picked":"SKIP","floor":31},{"not_picked":["champ:SkillfulDodge","champ:ViciousMockery"],"picked":"champ:DefensiveShout","floor":32},{"not_picked":["champ:HeavySlash","champ:IgnorePain"],"picked":"champ:Improvising","floor":33},{"not_picked":["champ:FanOfKnives","champ:FaceSlap"],"picked":"champ:ShieldSlam+1","floor":36},{"not_picked":["champ:RecklessLeap+1","champ:PerfectedStrike+1"],"picked":"champ:PreciseThrust","floor":37},{"not_picked":["champ:Parry+1","champ:FocusedDefense"],"picked":"champ:StanceDance+1","floor":40}],"player_experience":268765,"relics_obtained":[{"floor":7.0,"key":"Pen Nib"},{"floor":14.0,"key":"Pantograph"},{"floor":22,"key":"champ:BlackKnightHelmet"},{"floor":22,"key":"Bottled Tornado"},{"floor":24,"key":"Dream Catcher"},{"floor":28,"key":"champ:FightingForDummies"},{"floor":34,"key":"Centennial Puzzle"},{"floor":34,"key":"Kunai"},{"floor":34,"key":"Bird Faced Urn"}],"event_choices":[{"damage_healed":0.0,"max_hp_gain":0.0,"max_hp_loss":0.0,"gold_gain":0.0,"event_name":"Ghosts","player_choice":"Ignored","floor":21.0,"gold_loss":0.0,"damage_taken":0.0},{"damage_healed":0,"gold_gain":0,"player_choice":"Got Potions","damage_taken":0,"max_hp_gain":0,"max_hp_loss":0,"event_name":"Lab","floor":26,"gold_loss":0}],"is_beta":false,"boss_relics":[{"not_picked":["Sozu","SacredBark"],"picked":"SlaversCollar"},{"not_picked":["Snecko Eye","Black Star"],"picked":"Calling Bell"}],"items_purged_floors":[5,23],"is_endless":false,"potions_floor_spawned":[10,12,14,16,19,31,33,37,40],"killed_by":"Transient","ascension_level":0}}