{"host":"y4mx56vxqys6xwyn","time":1613261101,"event":{"mods":["BaseMod","Hermit","Minty Spire (QoL Compilation)","StSLib"],"gold_per_floor":[117,137,137,151,151,181,181,214,261,229,261,261,279,290,290,395,395,408,14,14,30,50,50,50],"floor_reached":23,"language":"ENG","playtime":1974,"items_purged":[],"score":261,"play_id":"45982be2-8f1f-4fff-840c-a2efa61b8e7f","local_time":"20210213180501","is_ascension_mode":false,"campfire_choices":[{"data":"Iron Wave","floor":7,"key":"SMITH"},{"floor":12,"key":"REST"},{"data":"Barricade","floor":15,"key":"SMITH"}],"circlet_count":0,"master_deck":["Strike_R","Strike_R","Strike_R","Strike_R","Strike_R","Defend_R","Defend_R","Defend_R","Defend_R","Bash","Good Instincts","Carnage","Armaments+1","Headbutt","Iron Wave+1","Barricade+1","Anger","Seeing Red","Dual Wield","Fiend Fire","Evolve+1","Shockwave","Flex","Clothesline","Shrug It Off","Anger"],"relics":["Burning Blood","Meat on the Bone","Shuriken","Boot","Bag of Preparation","Paper Frog","Runic Pyramid","Bottled Tornado","Enchiridion"],"acts_visited":["Exordium","TheCity"],"potions_floor_usage":[11,16,22,23,23,23],"damage_taken":[{"damage":0,"enemies":"Small Slimes","floor":1,"turns":3},{"damage":0,"enemies":"Cultist","floor":2,"turns":3},{"damage":0,"enemies":"2 Louse","floor":4,"turns":3},{"damage":23,"enemies":"Gremlin Nob","floor":6,"turns":4},{"damage":39,"enemies":"Lagavulin","floor":8,"turns":9},{"damage":26,"enemies":"3 Sentries","floor":11,"turns":11},{"damage":0,"enemies":"Exordium Wildlife","floor":13,"turns":3},{"damage":10,"enemies":"Looter","floor":14,"turns":3},{"damage":0,"enemies":"Slime Boss","floor":16,"turns":11},{"damage":25,"enemies":"2 Thieves","floor":18,"turns":3},{"damage":17,"enemies":"Chosen","floor":21,"turns":5},{"damage":28,"enemies":"Centurion and Healer","floor":22,"turns":7},{"damage":52,"enemies":"Slavers","floor":23,"turns":5}],"seed_played":"-8103340354808469290","potions_obtained":[{"floor":1,"key":"Ancient Potion"},{"floor":11,"key":"SpeedPotion"},{"floor":13,"key":"Energy Potion"},{"floor":14,"key":"BloodPotion"},{"floor":21,"key":"AttackPotion"},{"floor":22,"key":"Swift Potion"}],"is_trial":false,"path_per_floor":["M","M","?","M","T","E","R","E","T","?","E","R","M","M","R","B",null,"M","$","?","M","M","E"],"character_chosen":"IRONCLAD","items_purchased":["Bottled Tornado","Shockwave","Flex","Clothesline"],"campfire_rested":1,"item_purchase_floors":[19,19,19,19],"current_hp_per_floor":[80,80,80,80,80,63,63,42,42,42,34,58,64,60,60,66,80,61,61,45,46,52,0,0],"gold":50,"neow_bonus":"RANDOM_COLORLESS","is_daily":false,"chose_seed":false,"campfire_upgraded":2,"win_rate":0.0,"timestamp":1613261101,"path_taken":["M","M","?","?","?","E","R","E","T","?","E","R","?","M","R","BOSS","M","$","?","M","M","E"],"items_purchased_type":["Relic","Card","Card","Card"],"build_version":"2020-12-22","purchased_purges":0,"victory":false,"max_hp_per_floor":[80,80,80,80,80,80,80,80,80,80,80,80,80,80,80,80,80,80,80,80,80,80,80,80],"card_choices":[{"not_picked":["Forethought","Trip"],"picked":"Good Instincts","floor":0},{"not_picked":["Headbutt","Havoc"],"picked":"Carnage","floor":1},{"not_picked":["Seeing Red","Second Wind"],"picked":"Armaments","floor":2},{"not_picked":["True Grit","Warcry"],"picked":"Headbutt","floor":4},{"not_picked":["Uppercut","Thunderclap"],"picked":"Iron Wave","floor":6},{"not_picked":["Wild Strike","Entrench"],"picked":"Barricade","floor":8},{"not_picked":["Iron Wave","Havoc"],"picked":"Anger","floor":11},{"not_picked":["Clothesline","Metallicize"],"picked":"Seeing Red","floor":13},{"not_picked":["Sword Boomerang","Perfected Strike"],"picked":"Dual Wield","floor":14},{"not_picked":["Offering","Double Tap"],"picked":"Fiend Fire","floor":16},{"not_picked":["Pommel Strike","Clash"],"picked":"Evolve+1","floor":18},{"not_picked":["True Grit","Cleave"],"picked":"Shrug It Off","floor":21},{"not_picked":["Shrug It Off","Inflame+1"],"picked":"Anger","floor":22}],"player_experience":30656,"relics_obtained":[{"floor":5,"key":"Meat on the Bone"},{"floor":6,"key":"Shuriken"},{"floor":8,"key":"Boot"},{"floor":9,"key":"Bag of Preparation"},{"floor":11,"key":"Paper Frog"},{"floor":20,"key":"Enchiridion"}],"event_choices":[{"damage_healed":0,"gold_gain":0,"player_choice":"Forge","damage_taken":0,"max_hp_gain":0,"max_hp_loss":0,"event_name":"Accursed Blacksmith","floor":3,"gold_loss":0,"cards_upgraded":["Armaments"]},{"damage_healed":0,"gold_gain":0,"player_choice":"Left Gold","damage_taken":0,"max_hp_gain":0,"max_hp_loss":0,"event_name":"World of Goop","floor":10,"gold_loss":32},{"damage_healed":0,"gold_gain":0,"player_choice":"Obtained Book","damage_taken":16,"max_hp_gain":0,"max_hp_loss":0,"event_name":"Cursed Tome","floor":20,"gold_loss":0}],"is_beta":false,"boss_relics":[{"not_picked":["Fusion Hammer","Philosopher\u0027s Stone"],"picked":"Runic Pyramid"}],"items_purged_floors":[],"is_endless":false,"potions_floor_spawned":[1,11,13,14,21,22],"killed_by":"Slavers","ascension_level":0}}