{"host":"bgptblc1sp470rxq","time":1613316897,"event":{"mods":["BaseMod","Colored Map","Highlight Path","Hubris","Minty Spire (QoL Compilation)","Quick Restart","Replay The Spire","StSLib","Waifu the Spire","[IsaacMod]ÒÔÈö¼âËþ"],"gold_per_floor":[112,112,126,141,153,153,153,153,178,192,192,20,20,34,34,137,137,150,169,169,180,180,180,197,197,222,41,57,57,57,84,84,84,84,185,185,201,219,219,33,33,62,62,90,90,410,410,410],"floor_reached":47,"language":"ZHS","playtime":1687,"items_purged":["Strike_G","Strike_G"],"score":745,"play_id":"9d849bbe-28a5-45c8-a340-e71b227234a9","local_time":"20210214233457","is_ascension_mode":true,"campfire_choices":[{"data":"Blade Dance","floor":6.0,"key":"SMITH"},{"data":"Tactician","floor":8.0,"key":"SMITH"},{"data":"Noxious Fumes","floor":11.0,"key":"SMITH"},{"data":"Survey Options","floor":13.0,"key":"SMITH"},{"data":"Panache","floor":15.0,"key":"SMITH"},{"data":"Prepared","floor":23.0,"key":"SMITH"},{"data":"Terror","floor":25.0,"key":"SMITH"},{"data":"ReplayTheSpireMod:Scrap Shanks","floor":34.0,"key":"SMITH"},{"data":"Accuracy","floor":43.0,"key":"SMITH"}],"circlet_count":0,"master_deck":["Defend_G+1","Defend_G+1","Defend_G","Defend_G","Defend_G","Survivor","Neutralize","Tactician+1","Noxious Fumes+1","Blade Dance+1","Slice","Panache+1","Flash of Steel","Survey Options+1","Terror+1","After Image","Calculated Gamble+1","Prepared+1","Infinite Blades","ReplayTheSpireMod:Scrap Shanks+1","Phantasmal Killer","Calculated Gamble","Impatience","Blade Dance+1","hubris:EnhanceAbility","Accuracy+1","Acrobatics"],"relics":["HushsDoor","D6","Replay:Drink Me","Smiling Mask","ReplayTheSpireMod:ShopPack","hubris:TerracottaHorce","Succubus","Enchiridion","Vajra","SteamSale","hubris:Stopwatch","Damocles","Boot","ReplayTheSpireMod:Ninjato","BargainBundle","Omamori","InkBottle","hubris:Metronome","hubris:CuriousFeather","Chaos","YumHeart","Old Coin"],"acts_visited":["Exordium","TheCity","TheBeyond"],"potions_floor_usage":[],"damage_taken":[{"damage":0.0,"enemies":"2 Louse","floor":1.0,"turns":6.0},{"damage":0.0,"enemies":"Jaw Worm","floor":3.0,"turns":5.0},{"damage":0.0,"enemies":"Cultist","floor":4.0,"turns":5.0},{"damage":10.0,"enemies":"Large Slime","floor":5.0,"turns":8.0},{"damage":0.0,"enemies":"Looter","floor":10.0,"turns":3.0},{"damage":0.0,"enemies":"Blue Slaver","floor":14.0,"turns":2.0},{"damage":0.0,"enemies":"Hexaghost","floor":16.0,"turns":6.0},{"damage":0.0,"enemies":"Chosen","floor":18.0,"turns":2.0},{"damage":0.0,"enemies":"3 Byrds","floor":19.0,"turns":2.0},{"damage":0.0,"enemies":"Snecko","floor":21.0,"turns":2.0},{"damage":0.0,"enemies":"3 Cultists","floor":24.0,"turns":2.0},{"damage":0.0,"enemies":"Sentry and Sphere","floor":28.0,"turns":3.0},{"damage":0.0,"enemies":"Champ","floor":35.0,"turns":4.0},{"damage":0.0,"enemies":"3 Darklings","floor":37.0,"turns":2.0},{"damage":0.0,"enemies":"3 Shapes","floor":38.0,"turns":2.0},{"damage":0.0,"enemies":"R_Hoarder","floor":42.0,"turns":5.0},{"damage":0.0,"enemies":"Giant Head","floor":44.0,"turns":3.0},{"damage":0.0,"enemies":"Writhing Mass","floor":46.0,"turns":1.0},{"damage":0,"enemies":"Spire Growth","floor":47,"turns":1}],"seed_played":"6521447601945917711","potions_obtained":[{"floor":1.0,"key":"Poison Potion"},{"floor":4.0,"key":"ColorlessPotion"},{"floor":5.0,"key":"PowerPotion"},{"floor":16.0,"key":"FearPotion"},{"floor":24.0,"key":"Explosive Potion"},{"floor":35.0,"key":"PowerPotion"},{"floor":42.0,"key":"SmokeBomb"},{"floor":46.0,"key":"LiquidMemories"}],"is_trial":false,"path_per_floor":["M","?","M","M","M","R","?","R","T","M","R","$","R","M","R","B",null,"M","M","?","M","?","R","M","R","T","$","M","?","?","T","PTL","PTL","R","B",null,"M","M","?","$","?","E","R","E","T","M","M"],"character_chosen":"THE_SILENT","items_purchased":["ReplayTheSpireMod:ShopPack","Calculated Gamble","Succubus","SteamSale","Infinite Blades","Damocles","Calculated Gamble","Impatience","Accuracy","BargainBundle","Strength Potion","Omamori"],"campfire_rested":0,"item_purchase_floors":[12,17,17,27,27,36,36,36,40,40,40,40],"current_hp_per_floor":[53,42,42,42,32,32,32,32,32,32,32,32,32,32,32,32,30,30,30,14,14,14,14,14,14,14,14,14,14,14,14,14,14,14,14,15,15,15,15,15,15,15,15,15,15,15,0,0],"gold":410,"neow_bonus":"BOSS_RELIC","is_daily":false,"chose_seed":false,"campfire_upgraded":9,"win_rate":0.0,"timestamp":1613316897,"path_taken":["M","?","M","M","M","R","?","R","T","M","R","$","R","M","R","BOSS","M","M","?","M","?","R","M","R","T","$","M","?","?","?","PTL","PTL","R","BOSS","M","M","?","$","?","E","R","E","T","?","M"],"items_purchased_type":["Relic","Card","Relic","Relic","Card","Relic","Card","Card","Card","Relic","Potion","Relic"],"build_version":"2020-12-22","purchased_purges":2,"victory":false,"max_hp_per_floor":[53,53,53,53,53,53,53,53,53,53,53,53,53,53,53,53,30,30,30,30,30,30,30,30,30,30,30,30,30,30,30,30,30,30,30,15,15,15,15,15,15,15,15,15,15,15,15,15],"card_choices":[{"not_picked":["hubris:Sniper","Acrobatics"],"picked":"Tactician","floor":1.0},{"not_picked":["Dagger Throw","Underhanded Strike"],"picked":"Noxious Fumes","floor":3.0},{"not_picked":["Hidden Blade","hubris:SlightOfHand"],"picked":"Blade Dance","floor":4.0},{"not_picked":["Well Laid Plans","Reflex"],"picked":"Slice","floor":5.0},{"not_picked":["Cloak And Dagger","Sucker Punch","Dagger Throw"],"picked":"SKIP","floor":10.0},{"not_picked":["hubris:EnhanceAbility","ChaosCard"],"picked":"Panache","floor":12.0},{"not_picked":["ReplayTheSpireMod:Trickstab","Mind Blast"],"picked":"Flash of Steel","floor":12.0},{"not_picked":["Replay:BasicMightCard","Apotheosis"],"picked":"Survey Options","floor":12.0},{"not_picked":["Storm of Steel","Underhanded Strike"],"picked":"Terror","floor":14.0},{"not_picked":["Storm of Steel","Bullet Time"],"picked":"After Image","floor":16.0},{"not_picked":["Bouncing Flask","Calculated Gamble+1"],"picked":"Prepared","floor":18.0},{"not_picked":["Outmaneuver","Sucker Punch","Masterful Stab+1"],"picked":"SKIP","floor":19.0},{"not_picked":["Prepared","Outmaneuver","Sucker Punch"],"picked":"SKIP","floor":21.0},{"not_picked":["Flying Knee","Dagger Spray+1","Deadly Poison+1"],"picked":"SKIP","floor":24.0},{"not_picked":["Corpse Explosion","Bane"],"picked":"ReplayTheSpireMod:Scrap Shanks","floor":28.0},{"not_picked":["Atom Bomb","Poison Darts"],"picked":"Phantasmal Killer","floor":35.0},{"not_picked":["Outmaneuver+1","Distraction+1","Calculated Gamble"],"picked":"SKIP","floor":37.0},{"not_picked":["Dodge and Roll","Blade Dance+1","Underhanded Strike"],"picked":"SKIP","floor":38.0},{"not_picked":["Dodge and Roll","Underhanded Strike"],"picked":"Blade Dance+1","floor":38.0},{"not_picked":["Secret Weapon","The Bomb"],"picked":"hubris:EnhanceAbility","floor":39.0},{"not_picked":["Distraction+1","All Out Attack+1","Eviscerate+1"],"picked":"SKIP","floor":42.0},{"not_picked":["Distraction+1","All Out Attack+1","Eviscerate+1"],"picked":"SKIP","floor":42.0},{"not_picked":["Noxious Fumes+1","Hidden Blade+1","Cloak And Dagger+1"],"picked":"SKIP","floor":44.0},{"not_picked":["Distraction+1","Dodge and Roll"],"picked":"Acrobatics","floor":46.0}],"player_experience":253523,"relics_obtained":[{"floor":9.0,"key":"Smiling Mask"},{"floor":20.0,"key":"Enchiridion"},{"floor":26.0,"key":"Vajra"},{"floor":37.0,"key":"Boot"},{"floor":38.0,"key":"ReplayTheSpireMod:Ninjato"},{"floor":42.0,"key":"InkBottle"},{"floor":42.0,"key":"hubris:Metronome"},{"floor":44.0,"key":"hubris:CuriousFeather"},{"floor":44.0,"key":"Chaos"},{"floor":45.0,"key":"YumHeart"},{"floor":46.0,"key":"Old Coin"}],"event_choices":[{"damage_healed":0.0,"max_hp_gain":0.0,"max_hp_loss":0.0,"gold_gain":0.0,"event_name":"Shining Light","player_choice":"Entered Light","floor":2.0,"gold_loss":0.0,"damage_taken":11.0,"cards_upgraded":["Defend_G","Defend_G"]},{"damage_healed":0.0,"max_hp_gain":0.0,"max_hp_loss":0.0,"gold_gain":0.0,"event_name":"Liars Game","player_choice":"Ignored","floor":7.0,"gold_loss":0.0,"damage_taken":0.0},{"damage_healed":0.0,"max_hp_gain":0.0,"max_hp_loss":0.0,"gold_gain":0.0,"event_name":"Cursed Tome","player_choice":"Obtained Book","floor":20.0,"gold_loss":0.0,"damage_taken":16.0},{"damage_healed":0.0,"max_hp_gain":0.0,"max_hp_loss":0.0,"gold_gain":0.0,"event_name":"Accursed Blacksmith","player_choice":"Forge","floor":22.0,"gold_loss":0.0,"damage_taken":0.0,"cards_upgraded":["Calculated Gamble"]},{"damage_healed":0.0,"max_hp_gain":0.0,"max_hp_loss":0.0,"gold_gain":0.0,"event_name":"Ghosts","player_choice":"Ignored","floor":29.0,"gold_loss":0.0,"damage_taken":0.0},{"damage_healed":0.0,"max_hp_gain":0.0,"max_hp_loss":0.0,"gold_gain":0.0,"event_name":"SensoryStone","player_choice":"Memory 1","floor":39.0,"gold_loss":0.0,"damage_taken":0.0}],"is_beta":false,"boss_relics":[{"not_picked":["HoveringKite","Cursed Key"],"picked":"hubris:TerracottaHorce"},{"not_picked":[]},{"not_picked":["hubris:VirtuousBlindfold","Busted Crown"],"picked":"hubris:Stopwatch"},{"not_picked":[]}],"items_purged_floors":[12,17],"is_endless":false,"potions_floor_spawned":[1,4,5,16,24,28,35,38,42,46],"killed_by":"Spire Growth","ascension_level":3}}