{"host":"d0btaf6p0msba79e","time":1613306031,"event":{"mods":["BaseMod","BetterRewards","Minty Spire (QoL Compilation)"],"gold_per_floor":[111,111,131,131,18,18,45,60,60,60,86,86,86,86,86,184,184,154,164,64,64,244,277,277,277,277,376,391,317,343,362,362,362,362],"floor_reached":33,"language":"ENG","playtime":2837,"items_purged":["Strike_P","Strike_P"],"score":437,"play_id":"6b9352c1-b004-4d65-b4da-59eb8b0a5e23","local_time":"20210214233351","is_ascension_mode":true,"campfire_choices":[{"data":"Collect","floor":6.0,"key":"SMITH"},{"floor":12.0,"key":"REST"},{"data":"PathToVictory","floor":15.0,"key":"SMITH"},{"floor":25,"key":"REST"},{"floor":32,"key":"REST"}],"circlet_count":0,"master_deck":["Strike_P","Strike_P","Defend_P","Defend_P","Defend_P","Defend_P","Eruption","Vigilance+1","Secret Technique","ThirdEye","Collect+1","LikeWater+1","PathToVictory+1","Omniscience","BattleHymn","PathToVictory","EmptyBody","Establishment","Conclude+1"],"relics":["PureWater","Dead Branch","Letter Opener","Matryoshka","Darkstone Periapt","Black Star","PreservedInsect","Ornamental Fan","Boot","Blue Candle","Unceasing Top","Lantern","FossilizedHelix"],"acts_visited":["Exordium","TheCity"],"potions_floor_usage":[24,30],"damage_taken":[{"damage":2.0,"enemies":"2 Louse","floor":1.0,"turns":3.0},{"damage":1.0,"enemies":"Jaw Worm","floor":3.0,"turns":4.0},{"damage":24.0,"enemies":"3 Sentries","floor":7.0,"turns":10.0},{"damage":0.0,"enemies":"Cultist","floor":8.0,"turns":4.0},{"damage":0.0,"enemies":"Lagavulin","floor":11.0,"turns":5.0},{"damage":33.0,"enemies":"The Guardian","floor":16.0,"turns":10.0},{"damage":5.0,"enemies":"2 Thieves","floor":18.0,"turns":5.0},{"damage":5.0,"enemies":"Shell Parasite","floor":19.0,"turns":3.0},{"damage":31,"enemies":"Slavers","floor":23,"turns":4},{"damage":0,"enemies":"Snecko","floor":24,"turns":1},{"damage":7,"enemies":"Cultist and Chosen","floor":28,"turns":5},{"damage":3,"enemies":"Book of Stabbing","floor":30,"turns":4},{"damage":0,"enemies":"Centurion and Healer","floor":31,"turns":5},{"damage":55,"enemies":"Champ","floor":33,"turns":8}],"seed_played":"6645782393327417426","potions_obtained":[{"floor":3.0,"key":"SmokeBomb"},{"floor":16.0,"key":"GamblersBrew"},{"floor":18.0,"key":"Fruit Juice"},{"floor":28,"key":"Block Potion"},{"floor":31,"key":"SpeedPotion"}],"is_trial":false,"path_per_floor":["M","?","M","?","$","R","E","M","T","?","E","R","$","?","R","B",null,"M","M","$","?","?","E","M","R","T","?","M","?","E","M","R","B"],"character_chosen":"WATCHER","items_purchased":["Dead Branch","Secret Technique","Collect"],"campfire_rested":3,"item_purchase_floors":[0,0,5],"current_hp_per_floor":[53,53,52,52,52,52,28,28,28,28,28,49,49,49,49,16,72,67,67,67,67,48,17,17,40,40,40,33,33,30,30,53,0,0],"gold":362,"neow_bonus":"","is_daily":false,"chose_seed":false,"campfire_upgraded":2,"win_rate":0.0,"timestamp":1613306031,"path_taken":["M","?","M","?","$","R","E","?","T","?","E","R","?","?","R","BOSS","M","?","$","?","?","E","?","R","T","?","M","?","E","?","R","BOSS"],"items_purchased_type":["Relic","Card","Card"],"build_version":"2020-12-22","purchased_purges":2,"victory":false,"max_hp_per_floor":[72,72,72,72,72,72,72,72,72,72,72,72,72,72,72,72,72,72,77,77,77,77,77,77,77,77,77,77,77,77,77,77,77,77],"card_choices":[{"not_picked":["Consecrate","Indignation","Wallop"],"picked":"SKIP","floor":1.0},{"not_picked":["Consecrate","FearNoEvil"],"picked":"ThirdEye","floor":3.0},{"not_picked":["Halt","WaveOfTheHand"],"picked":"LikeWater","floor":7.0},{"not_picked":["ThirdEye","Wallop","Sanctity"],"picked":"SKIP","floor":8.0},{"not_picked":["Consecrate","JustLucky"],"picked":"PathToVictory","floor":11.0},{"not_picked":["Devotion","Judgement"],"picked":"Omniscience","floor":16.0},{"not_picked":["Vengeance+1","Prostrate+1"],"picked":"BattleHymn","floor":18.0},{"not_picked":["CrushJoints","Halt","MentalFortress"],"picked":"SKIP","floor":19.0},{"not_picked":["CutThroughFate","BattleHymn"],"picked":"EmptyBody","floor":23},{"not_picked":["EmptyMind+1","CutThroughFate","CrushJoints"],"picked":"SKIP","floor":28},{"not_picked":["Evaluate","FollowUp"],"picked":"Establishment","floor":30},{"not_picked":["Indignation+1","FlyingSleeves"],"picked":"Conclude+1","floor":31}],"player_experience":996544,"relics_obtained":[{"floor":7.0,"key":"Letter Opener"},{"floor":9.0,"key":"Matryoshka"},{"floor":11.0,"key":"Darkstone Periapt"},{"floor":23,"key":"PreservedInsect"},{"floor":23,"key":"Ornamental Fan"},{"floor":26,"key":"Boot"},{"floor":26,"key":"Blue Candle"},{"floor":30,"key":"Lantern"},{"floor":30,"key":"FossilizedHelix"}],"event_choices":[{"damage_healed":0.0,"max_hp_gain":0.0,"max_hp_loss":0.0,"gold_gain":0.0,"event_name":"Living Wall","player_choice":"Grow","floor":2.0,"gold_loss":0.0,"damage_taken":0.0,"cards_upgraded":["Vigilance"]},{"damage_healed":0.0,"max_hp_gain":0.0,"max_hp_loss":0.0,"gold_gain":0.0,"event_name":"Match and Keep!","player_choice":"0 cards matched","floor":4.0,"gold_loss":0.0,"damage_taken":0.0,"cards_obtained":[]},{"damage_healed":0.0,"max_hp_gain":0.0,"max_hp_loss":0.0,"gold_gain":0.0,"event_name":"Scrap Ooze","player_choice":"Fled","floor":10.0,"gold_loss":0.0,"damage_taken":0.0},{"damage_healed":0.0,"max_hp_gain":0.0,"max_hp_loss":0.0,"gold_gain":0.0,"event_name":"Accursed Blacksmith","player_choice":"Forge","floor":14.0,"gold_loss":0.0,"damage_taken":0.0,"cards_upgraded":["LikeWater"]},{"damage_healed":0,"gold_gain":0,"player_choice":"Read","damage_taken":0,"max_hp_gain":0,"max_hp_loss":0,"event_name":"The Library","floor":21,"gold_loss":0,"cards_obtained":["PathToVictory"]},{"damage_healed":0,"gold_gain":180,"player_choice":"GOLD GOLD ","damage_taken":19,"max_hp_gain":0,"max_hp_loss":0,"event_name":"Knowing Skull","floor":22,"potions_obtained":[],"gold_loss":0,"cards_obtained":[]},{"damage_healed":0,"gold_gain":99,"player_choice":"Stole From Cult","damage_taken":0,"max_hp_gain":0,"max_hp_loss":0,"event_name":"Nest","floor":27,"gold_loss":0},{"damage_healed":0,"gold_gain":0,"player_choice":"Paid Gold","damage_taken":0,"relics_obtained":["Unceasing Top"],"max_hp_gain":0,"max_hp_loss":0,"event_name":"WeMeetAgain","floor":29,"gold_loss":74}],"is_beta":false,"boss_relics":[{"not_picked":["Philosopher\u0027s Stone","Fusion Hammer"],"picked":"Black Star"}],"items_purged_floors":[5,20],"is_endless":false,"potions_floor_spawned":[3,16,18,28,31],"killed_by":"Champ","ascension_level":1}}