{"host":"qrt7o4dq2qslzw13","time":1613305394,"event":{"mods":["AchievementEnabler","BaseMod","Colored Map","Colored Powertips","Minty Spire (QoL Compilation)","Quick Restart","StSLib","SuperFastMode"],"gold_per_floor":[109,184,199,199,199,199,11,11,11,27,54,71,98,110,110,183,183,200,200,220,68,68,68],"floor_reached":22,"language":"ENG","playtime":381,"items_purged":[],"score":368,"play_id":"37fcdfd9-1b54-4739-9a2f-a4e47e997d9a","local_time":"20210214072314","is_ascension_mode":true,"campfire_choices":[{"data":"Bash","floor":6.0,"key":"SMITH"},{"data":"Barricade","floor":8.0,"key":"SMITH"},{"floor":15.0,"key":"REST"}],"circlet_count":0,"master_deck":["AscendersBane","Strike_R","Strike_R","Strike_R","Strike_R","Strike_R","Defend_R","Defend_R","Defend_R","Defend_R","Bash+1","Feel No Pain","Thunderclap","Barricade+1","Carnage","Anger","Feel No Pain","Rampage","Flex+1","Limit Break+1","Impatience+1","Trip+1","True Grit+1","Impervious+1"],"relics":["Burning Blood","NeowsBlessing","TungstenRod","Mummified Hand","Torii","Oddly Smooth Stone","Toxic Egg 2","Busted Crown"],"acts_visited":["Exordium","TheCity"],"potions_floor_usage":[20,20],"damage_taken":[{"damage":0.0,"enemies":"Jaw Worm","floor":1.0,"turns":1.0},{"damage":0.0,"enemies":"2 Louse","floor":3.0,"turns":1.0},{"damage":0.0,"enemies":"Cultist","floor":10.0,"turns":1.0},{"damage":9.0,"enemies":"Large Slime","floor":12.0,"turns":4.0},{"damage":48.0,"enemies":"Gremlin Nob","floor":13.0,"turns":5.0},{"damage":20.0,"enemies":"Lots of Slimes","floor":14.0,"turns":5.0},{"damage":47,"enemies":"Slime Boss","floor":16,"turns":16},{"damage":24,"enemies":"Chosen","floor":18,"turns":6},{"damage":10,"enemies":"2 Thieves","floor":20,"turns":3},{"damage":28,"enemies":"3 Cultists","floor":22,"turns":5}],"seed_played":"-6695860364611659783","potions_obtained":[{"floor":1.0,"key":"Weak Potion"},{"floor":10.0,"key":"FairyPotion"},{"floor":16,"key":"SkillPotion"},{"floor":18,"key":"SpeedPotion"}],"is_trial":false,"path_per_floor":["M","?","M","T","?","R","$","R","T","M","T","M","E","M","R","B",null,"M","?","M","$","M"],"character_chosen":"IRONCLAD","items_purchased":["Barricade","Carnage","Impervious+1"],"campfire_rested":1,"item_purchase_floors":[7,7,21],"current_hp_per_floor":[74,63,69,69,65,65,65,65,65,71,71,68,26,12,34,19,61,43,27,23,23,0,0],"gold":68,"neow_bonus":"THREE_ENEMY_KILL","is_daily":false,"chose_seed":false,"campfire_upgraded":2,"win_rate":0.0,"timestamp":1613305394,"path_taken":["M","?","M","?","?","R","$","R","T","M","?","?","E","M","R","BOSS","M","?","M","$","?"],"items_purchased_type":["Card","Card","Card"],"build_version":"2020-12-22","purchased_purges":0,"victory":false,"max_hp_per_floor":[75,75,75,75,75,75,75,75,75,75,75,75,75,75,75,75,75,75,75,75,75,75,75],"card_choices":[{"not_picked":["Armaments","Warcry"],"picked":"Feel No Pain","floor":1.0},{"not_picked":["Clash","Wild Strike"],"picked":"Thunderclap","floor":3.0},{"not_picked":["Perfected Strike","Heavy Blade"],"picked":"Anger","floor":10.0},{"not_picked":["Searing Blow","Rampage"],"picked":"Feel No Pain","floor":12.0},{"not_picked":["Perfected Strike","Anger"],"picked":"Rampage","floor":13.0},{"not_picked":["Flame Barrier+1","Burning Pact+1"],"picked":"Flex+1","floor":14.0},{"not_picked":["Feed","Demon Form"],"picked":"Limit Break+1","floor":16},{"not_picked":["Perfected Strike"],"picked":"SKIP","floor":18},{"not_picked":[],"picked":"True Grit+1","floor":20}],"player_experience":637837,"relics_obtained":[{"floor":4.0,"key":"TungstenRod"},{"floor":9.0,"key":"Torii"},{"floor":11.0,"key":"Oddly Smooth Stone"},{"floor":13.0,"key":"Toxic Egg 2"}],"event_choices":[{"damage_healed":0.0,"max_hp_gain":0.0,"max_hp_loss":0.0,"gold_gain":75.0,"event_name":"World of Goop","player_choice":"Gather Gold","floor":2.0,"gold_loss":0.0,"damage_taken":11.0},{"damage_healed":0.0,"max_hp_gain":0.0,"max_hp_loss":0.0,"gold_gain":0.0,"event_name":"Scrap Ooze","player_choice":"Success","floor":5.0,"gold_loss":0.0,"damage_taken":5.0,"relics_obtained":["Mummified Hand"]},{"damage_healed":0,"gold_gain":0,"player_choice":"CARD CARD ","damage_taken":19,"max_hp_gain":0,"max_hp_loss":0,"event_name":"Knowing Skull","floor":19,"potions_obtained":[],"gold_loss":0,"cards_obtained":["Impatience","Trip"]}],"is_beta":false,"boss_relics":[{"not_picked":["Pandora\u0027s Box","Velvet Choker"],"picked":"Busted Crown"}],"items_purged_floors":[],"is_endless":false,"potions_floor_spawned":[1,10,16,18],"killed_by":"3 Cultists","ascension_level":20}}