{"host":"a70birb7gb03c330","time":1613322592,"event":{"mods":["Act Like it!","Aspiration","BaseMod","Better Vampires","Disable Question Mark Monsters","Hubris","Infinite Spire","Minty Spire (QoL Compilation)","Permanent Neow","Replay The Spire","StSLib"],"gold_per_floor":[115,125,140,164,164,191,209,209,232,232,244,270,270,44,44,148,148,159,170,170,170,170,200,246,314,314,314,326,326],"floor_reached":28,"language":"ENG","playtime":1163,"items_purged":["Strike_G"],"score":358,"play_id":"06890546-ba1f-4b33-8718-c5188c65f7dd","local_time":"20210214090952","is_ascension_mode":true,"campfire_choices":[{"data":"Cloak And Dagger","floor":8,"key":"SMITH"},{"data":"Choke","floor":10,"key":"SMITH"},{"data":"Blade Dance","floor":15,"key":"SMITH"},{"data":"Blade Dance","floor":27,"key":"SMITH"}],"circlet_count":0,"master_deck":["Strike_G","Strike_G","Strike_G+1","Defend_G","Defend_G","Defend_G","Defend_G","Defend_G","Survivor","Neutralize+1","Escape Plan","Choke+1","Blade Dance+1","Cloak And Dagger+1","Finisher","Deflect","Backstab","Infinite Blades","Amnesia","Glass Knife","Dramatic Entrance","infinitespire:Gouge","Prepared+1","Amnesia","Blade Dance+1"],"relics":["Ring of the Snake","Whetstone","Replay:Wax Seal","Oddly Smooth Stone","MealTicket","ReplayTheSpireMod:SealedPack","hubris:Towel","ReplayTheSpireMod:Ring of Collecting","ReplayTheSpireMod:Ring of Addiction","Potion Belt","hubris:EmptyBottle","Replay:Bandana","Lizard Tail","Onion Ring","Ring of Panic"],"acts_visited":["Exordium","TheCity"],"potions_floor_usage":[7,12,12,16,16,16,23,25,25,25],"damage_taken":[{"damage":1,"enemies":"Cultist","floor":1,"turns":5},{"damage":1,"enemies":"Jaw Worm","floor":2,"turns":4},{"damage":0,"enemies":"2 Louse","floor":3,"turns":3},{"damage":27,"enemies":"Lagavulin","floor":6,"turns":8},{"damage":4,"enemies":"Exordium Thugs","floor":7,"turns":3},{"damage":0,"enemies":"Blue Slaver","floor":11,"turns":1},{"damage":2,"enemies":"3 Sentries","floor":12,"turns":6},{"damage":0,"enemies":"Hexaghost","floor":16,"turns":7},{"damage":0,"enemies":"Shell Parasite","floor":18,"turns":3},{"damage":6,"enemies":"Chosen","floor":19,"turns":2},{"damage":3,"enemies":"Book of Stabbing","floor":23,"turns":3},{"damage":3,"enemies":"Snecko","floor":24,"turns":4},{"damage":0,"enemies":"Replay:Snechameleon","floor":25,"turns":3},{"damage":0,"enemies":"Slavers","floor":28,"turns":1}],"seed_played":"-4874576654507065770","potions_obtained":[{"floor":1,"key":"Swift Potion"},{"floor":2,"key":"Strength Potion"},{"floor":3,"key":"Explosive Potion"},{"floor":13,"key":"Cursed Concoction"},{"floor":13,"key":"LifebloodPotion"},{"floor":13,"key":"Flashbang"},{"floor":16,"key":"PowerPotion"},{"floor":18,"key":"Swift Potion"},{"floor":22,"key":"Swift Potion"},{"floor":22,"key":"Adrenaline Potion"},{"floor":22,"key":"Reflective Coating"},{"floor":25,"key":"Dexterity Potion"}],"is_trial":false,"path_per_floor":["M","M","M","T","?","E","M","R","T","R","M","E","?","$","R","B",null,"M","M","?","$","?","E","M","E","T","R","E"],"character_chosen":"THE_SILENT","items_purchased":["Backstab","Infinite Blades"],"campfire_rested":0,"item_purchase_floors":[14,14],"current_hp_per_floor":[69,68,68,68,68,41,37,37,37,37,37,35,35,50,50,50,70,70,64,64,70,70,67,64,64,64,64,64,64],"gold":326,"neow_bonus":"UPGRADE_CARD","is_daily":false,"chose_seed":false,"campfire_upgraded":4,"win_rate":0.0,"timestamp":1613322592,"path_taken":["M","M","M","?","?","E","M","R","T","R","?","E","?","$","R","BOSS","M","M","?","$","?","E","M","E","T","R","E"],"items_purchased_type":["Card","Card"],"build_version":"2020-12-22","purchased_purges":1,"victory":false,"max_hp_per_floor":[70,70,70,70,70,70,70,70,70,70,70,70,70,70,70,70,70,70,70,70,70,70,70,70,70,70,70,70,70],"card_choices":[{"not_picked":["Flying Knee","Calculated Gamble"],"picked":"Escape Plan","floor":1},{"not_picked":["Poisoned Stab","Sneak Up"],"picked":"Choke","floor":2},{"not_picked":["Cloak And Dagger","Fluid Movement"],"picked":"Blade Dance","floor":3},{"not_picked":["Sucker Punch","Footwork","Toxin Wave"],"picked":"SKIP","floor":6},{"not_picked":["Sucker Punch","Footwork","Toxin Wave"],"picked":"SKIP","floor":6},{"not_picked":["Backflip","Prepared"],"picked":"Cloak And Dagger","floor":7},{"not_picked":["Well Laid Plans","hubris:SlightOfHand"],"picked":"Finisher","floor":11},{"not_picked":["Hidden Blade","Blur"],"picked":"Deflect","floor":12},{"not_picked":["Atom Bomb","Grand Finale"],"picked":"Glass Knife","floor":17},{"not_picked":["Jack Of All Trades","Finesse"],"picked":"Dramatic Entrance","floor":17},{"not_picked":["infinitespire:SealOfDarkness+","infinitespire:Punishment"],"picked":"infinitespire:Gouge","floor":17},{"not_picked":["Masterful Stab","Backflip"],"picked":"Prepared+1","floor":18},{"not_picked":["Flying Knee","Atom Bomb","Quick Slash"],"picked":"SKIP","floor":19},{"not_picked":["Dash","Tools of the Trade"],"picked":"Blade Dance","floor":23},{"not_picked":["hubris:SlightOfHand","ReplayTheSpireMod:Scrap Shanks","Concentrate"],"picked":"SKIP","floor":24},{"not_picked":["Prepared+1","Flying Knee","Outmaneuver"],"picked":"SKIP","floor":25}],"player_experience":4911,"relics_obtained":[{"floor":4,"key":"Whetstone"},{"floor":6,"key":"Replay:Wax Seal"},{"floor":9,"key":"Oddly Smooth Stone"},{"floor":12,"key":"MealTicket"},{"floor":22,"key":"ReplayTheSpireMod:Ring of Collecting"},{"floor":22,"key":"ReplayTheSpireMod:Ring of Addiction"},{"floor":22,"key":"Potion Belt"},{"floor":22,"key":"hubris:EmptyBottle"},{"floor":23,"key":"Replay:Bandana"},{"floor":25,"key":"Lizard Tail"},{"floor":26,"key":"Onion Ring"},{"floor":26,"key":"Ring of Panic"}],"event_choices":[{"cards_removed":["Strike_G"],"damage_healed":0,"gold_gain":0,"player_choice":"Purged","damage_taken":0,"max_hp_gain":0,"max_hp_loss":0,"event_name":"Purifier","floor":5,"gold_loss":0},{"damage_healed":0,"gold_gain":0,"player_choice":"Got Potions","damage_taken":0,"max_hp_gain":0,"max_hp_loss":0,"event_name":"Lab","floor":13,"gold_loss":0}],"is_beta":false,"boss_relics":[{"not_picked":["Cursed Key","SacredBark"],"picked":"ReplayTheSpireMod:SealedPack"}],"items_purged_floors":[14],"is_endless":false,"potions_floor_spawned":[1,2,3,6,16,18,24,25],"killed_by":"Slavers","ascension_level":1}}