{"host":"d3bsw5ou8fswq5qc","time":1613329646,"event":{"mods":["Aspiration","BaseMod","Colored Map","Conspire","Downfall","GifTheSpireLib","Googly Eyes","Minty Spire (QoL Compilation)","Replay The Spire","StSLib","Stuff the Spire","The Jungle"],"gold_per_floor":[0,15,33,50,69,69,92,2,15,33,43,68,132,164,178,273,273,273,293,313,327,388,388,462,488,503,513,532,560,460,460,478,573,573,573,590,610,629,126,158,158,177,177,177,203,90,101,21,38,38],"floor_reached":51,"language":"FRA","playtime":9341,"items_purged":["Slimebound:Defend_Slimebound","downfall:Malfunctioning","conspire:Blindness"],"score":1366,"play_id":"c23ceece-1986-4bee-b068-ae8f950079a2","local_time":"20210214200726","is_ascension_mode":true,"campfire_choices":[{"data":"Slimebound:Split","floor":1,"key":"SMITH"},{"data":"Slimebound:CorrosiveSpit","floor":1,"key":"SMITH"},{"data":"Slimebound:SplitSpecialist","floor":6,"key":"SMITH"},{"data":"Slimebound:GoopSpray","floor":6,"key":"SMITH"},{"data":"Slimebound:SlimeSlap","floor":18,"key":"SMITH"},{"data":"Slimebound:Schlurp","floor":18,"key":"SMITH"},{"data":"Night Terror","floor":23,"key":"SMITH"},{"data":"StuffTheSpire:Python","floor":23,"key":"SMITH"},{"data":"Slimebound:SplitLeeching","floor":30,"key":"SMITH"},{"data":"Slimebound:LivingWall","floor":30,"key":"SMITH"},{"data":"Replay:Bag of Tricks","floor":35,"key":"SMITH"},{"data":"PiercingWail","floor":35,"key":"SMITH"},{"data":"A Thousand Cuts","floor":43,"key":"SMITH"},{"data":"Slimebound:Prepare","floor":43,"key":"SMITH"}],"circlet_count":0,"master_deck":["AscendersBane","Slimebound:Strike_Slimebound","Slimebound:Strike_Slimebound","Slimebound:Strike_Slimebound","Slimebound:Tackle","Slimebound:Defend_Slimebound","Slimebound:Defend_Slimebound","Slimebound:Defend_Slimebound","Slimebound:Split+1","Slimebound:CorrosiveSpit+1","Slimebound:SplitLeeching+1","Slimebound:GoopSpray+1","Slimebound:Schlurp+1","Slimebound:SplitSpecialist+1","Slimebound:Prepare+1","Slimebound:SplitBruiser","Slimebound:SlimeTap","Slimebound:Repurpose+1","Slimebound:Repurpose+1","Slimebound:SlimeSlap+1","Slimebound:SamplingLick+1","StuffTheSpire:ReptileScales","Night Terror+1","downfall:Icky","StuffTheSpire:Python+1","Slimebound:LivingWall+1","PiercingWail+1","Backflip+1","Slimebound:HauntingLick+1","Replay:Bag of Tricks+1","Footwork+1","Slimebound:Nibble+1","Slimebound:LeechingTouch","A Thousand Cuts+1","Setup+1","Escape Plan+1","Fluid Movement","Slimebound:ViciousTackle","Prepared","Infinite Blades"],"relics":["Slimebound:AbsorbEndCombat","Replay:Arrowhead","Slimebound:AggressiveSlimeRelic","Gremlin Horn","Blue Candle","conspire:BottledYoYo","Replay:Grab Bag","Painkiller Herb","Cursed Key","aspiration:SilentSkillbook","Replay:Ringing Soul","Replay:Bottled Eggs","Bottled Flame","Centennial Puzzle","downfall:HeartBlessingGreen","FaceOfCleric","conspire:RunicOctahedron","Kunai","ReplayTheSpireMod:Ninjato","Mirror","StuffTheSpire:GrapeVine","HornCleat"],"acts_visited":["Exordium","TheCity","TheBeyond"],"potions_floor_usage":[33,42],"damage_taken":[{"damage":6,"enemies":"Cultist","floor":2,"turns":3},{"damage":7,"enemies":"Jaw Worm","floor":3,"turns":3},{"damage":0,"enemies":"Small Slimes","floor":4,"turns":4},{"damage":0,"enemies":"Exordium Wildlife","floor":5,"turns":4},{"damage":0,"enemies":"downfall:FleeingMerchant","floor":8,"turns":4},{"damage":6,"enemies":"Exordium Thugs","floor":9,"turns":3},{"damage":3,"enemies":"conspire:2 RoseBushes","floor":10,"turns":4},{"damage":10,"enemies":"Lots of Slimes","floor":11,"turns":4},{"damage":2,"enemies":"3 Sentries","floor":12,"turns":6},{"damage":10,"enemies":"Lagavulin Event","floor":13,"turns":5},{"damage":18,"enemies":"Gremlin Nob","floor":14,"turns":4},{"damage":0,"enemies":"2 Fungi Beasts","floor":15,"turns":2},{"damage":13,"enemies":"WA_ARCHETYPE_RETAIN","floor":16,"turns":7},{"damage":1,"enemies":"3 Byrds","floor":19,"turns":5},{"damage":0,"enemies":"Chosen","floor":20,"turns":3},{"damage":2,"enemies":"conspire:HollyBat","floor":21,"turns":6},{"damage":2,"enemies":"conspire:Head Lice","floor":25,"turns":4},{"damage":9,"enemies":"Centurion and Healer","floor":26,"turns":3},{"damage":2,"enemies":"3 Cultists","floor":27,"turns":4},{"damage":2,"enemies":"Snake Plant","floor":28,"turns":3},{"damage":18,"enemies":"Slavers","floor":29,"turns":5},{"damage":2,"enemies":"Snecko","floor":32,"turns":3},{"damage":24,"enemies":"IC_MUSHROOM_ARCHETYPE","floor":33,"turns":8},{"damage":0,"enemies":"3 Shapes","floor":36,"turns":4},{"damage":1,"enemies":"3 Darklings","floor":37,"turns":4},{"damage":0,"enemies":"Spire Growth","floor":38,"turns":4},{"damage":0,"enemies":"downfall:FleeingMerchant","floor":39,"turns":4},{"damage":0,"enemies":"R_Hoarder","floor":40,"turns":6},{"damage":0,"enemies":"Jaw Worm Horde","floor":42,"turns":3},{"damage":1,"enemies":"Reptomancer","floor":45,"turns":6},{"damage":0,"enemies":"downfall:FleeingMerchant","floor":46,"turns":3},{"damage":0,"enemies":"Maw","floor":47,"turns":5},{"damage":7,"enemies":"4 Shapes","floor":49,"turns":3},{"damage":22,"enemies":"DF_ARCHETYPE_ORBS","floor":50,"turns":8}],"seed_played":"8866576401207234035","potions_obtained":[{"floor":3,"key":"Slimebound:ThreeZeroPotion"},{"floor":9,"key":"ColorlessPotion"},{"floor":33,"key":"Swift Potion"},{"floor":36,"key":"AttackPotion"},{"floor":45,"key":"Reflective Coating"}],"is_trial":false,"path_per_floor":["R","M","M","M","M","R","T","$","M","M","M","E","?","E","M","B",null,"T","?","?","?","?","T","T","E","?","?","?","E","T","?","?","B",null,"T","?","?","?","T","E","T","?","T","?","E","T","?","T","?","B",null],"character_chosen":"SLIMEBOUND","items_purchased":["Kunai","A Thousand Cuts","HornCleat","Slimebound:ViciousTackle","Infinite Blades"],"campfire_rested":0,"item_purchase_floors":[39,39,46,46,48],"current_hp_per_floor":[59,55,52,56,60,60,60,64,61,64,61,65,57,45,47,40,59,59,65,65,65,68,68,71,74,72,76,80,68,68,68,75,61,79,79,89,93,97,101,105,108,109,109,109,113,117,121,124,125,109],"gold":38,"neow_bonus":"ONE_RARE_RELIC","is_daily":false,"chose_seed":false,"campfire_upgraded":14,"win_rate":0.0,"timestamp":1613329646,"path_taken":["R","M","M","M","M","R","T","$","M","?","M","E","?","E","M","BOSS","T","?","?","?","?","T","T","E","?","?","?","E","T","?","?","BOSS","T","?","?","?","?","E","T","?","T","?","E","T","?","?","?","BOSS"],"items_purchased_type":["Relic","Card","Relic","Card","Card"],"build_version":"2020-12-22","purchased_purges":3,"victory":true,"max_hp_per_floor":[65,65,65,65,65,65,65,65,65,65,65,65,65,65,65,65,65,65,65,65,65,68,68,71,74,77,77,80,80,80,80,81,85,85,85,89,93,97,101,105,108,109,109,109,113,117,121,124,125,126],"card_choices":[{"not_picked":["Slimebound:SlimeSpikes","Slimebound:ProtectTheBoss"],"picked":"Slimebound:SplitLeeching","floor":2},{"not_picked":["Slimebound:SamplingLick","Slimebound:SlimeBarrage"],"picked":"Slimebound:GoopSpray","floor":3},{"not_picked":["Slimebound:ViciousTackle","Slimebound:Gluttony"],"picked":"Slimebound:Schlurp","floor":4},{"not_picked":["Slimebound:ItLooksTasty","Slimebound:SlimeSpikes"],"picked":"Slimebound:SplitSpecialist","floor":5},{"not_picked":["Slimebound:Replication","Slimebound:GoopSpray","Slimebound:LeechEnergy"],"picked":"SKIP","floor":8},{"not_picked":["Slimebound:FinishingTackle","Slimebound:GoopSpray"],"picked":"Slimebound:Prepare","floor":9},{"not_picked":["Slimebound:RollThrough","Slimebound:SlimeSpikes","Slimebound:LivingWall"],"picked":"SKIP","floor":10},{"not_picked":["Slimebound:Chomp","Slimebound:Grow","Slimebound:Equalize"],"picked":"SKIP","floor":11},{"not_picked":["Slimebound:LeechEnergy","Slimebound:DisruptingSlam"],"picked":"Slimebound:SplitBruiser","floor":12},{"not_picked":["Slimebound:SlimeBrawl","Slimebound:SamplingLick"],"picked":"Slimebound:SlimeTap","floor":13},{"not_picked":["Slimebound:SplitAcid","Slimebound:FormOfPuddle"],"picked":"Slimebound:Repurpose","floor":14},{"not_picked":["Slimebound:RallyTheTroops","Slimebound:ItLooksTasty"],"picked":"Slimebound:Repurpose","floor":15},{"not_picked":["Slimebound:Recycling","Slimebound:MassFeed"],"picked":"Slimebound:SlimeSlap","floor":16},{"not_picked":["Slimebound:GrowthPunch+1","Slimebound:Repurpose","Cloak And Dagger"],"picked":"Slimebound:SamplingLick+1","floor":19},{"not_picked":["Slimebound:ItLooksTasty","StuffTheSpire:ClusterCrunch+1","Flying Knee"],"picked":"StuffTheSpire:ReptileScales","floor":20},{"not_picked":["PiercingWail","StuffTheSpire:Repulse","Acrobatics"],"picked":"Night Terror","floor":21},{"not_picked":["Slice","Setup","StuffTheSpire:Incantation"],"picked":"StuffTheSpire:Python","floor":22},{"not_picked":["Slimebound:Equalize","Slimebound:LeechEnergy","Slimebound:ItLooksTasty"],"picked":"Slimebound:LivingWall","floor":22},{"not_picked":["Atom Bomb","Slimebound:LivingWall","Slimebound:PressTheAttack"],"picked":"PiercingWail","floor":25},{"not_picked":["Replay:Poison Smokescreen+1","Deflect","Slimebound:FinishingTackle+1"],"picked":"Backflip+1","floor":26},{"not_picked":["StuffTheSpire:Fury","Backflip","Well Laid Plans","Finisher"],"picked":"SKIP","floor":27},{"not_picked":["Sucker Punch+1","StuffTheSpire:ReptileScales","Blade Dance+1"],"picked":"Slimebound:HauntingLick+1","floor":28},{"not_picked":["Slimebound:RallyTheTroops","Slimebound:Prepare","StuffTheSpire:ClusterCrunch","Slimebound:ForwardTackle"],"picked":"SKIP","floor":29},{"not_picked":["Prepared+1","Dagger Spray","Expertise","Outmaneuver"],"picked":"SKIP","floor":32},{"not_picked":["Slimebound:Darklings","Slimebound:MassRepurpose","Slimebound:CheckThePlaybook"],"picked":"Replay:Bag of Tricks","floor":33},{"not_picked":["Slimebound:GoopSpray","Slimebound:Prepare","Skewer"],"picked":"Footwork+1","floor":36},{"not_picked":["conspire:DoublingDagger+1","Well Laid Plans","Caltrops"],"picked":"Slimebound:Nibble+1","floor":37},{"not_picked":["Bouncing Flask+1","Slimebound:SpikyOuterGoop","Slimebound:RainOfGoop"],"picked":"Slimebound:LeechingTouch","floor":38},{"not_picked":["Dagger Spray+1","StuffTheSpire:Sprint+1","Underhanded Strike","Slimebound:FlameTackle+1"],"picked":"SKIP","floor":39},{"not_picked":["Sucker Punch+1","ReplayTheSpireMod:Tripwire+1","Slimebound:SplitMire+1"],"picked":"Setup+1","floor":40},{"not_picked":["Slimebound:Dissolve+1","Slimebound:Prepare","Slimebound:GoopSpray+1","Slimebound:ItLooksTasty+1"],"picked":"SKIP","floor":42},{"not_picked":["Slimebound:SlimeBarrage","Slimebound:SplitMire+1","Slimebound:Schlurp+1"],"picked":"Escape Plan+1","floor":45},{"not_picked":["Slimebound:SlimeSpikes+1","Slimebound:ServeAndProtect+1","Poisoned Stab+1"],"picked":"Fluid Movement","floor":46},{"not_picked":["Slimebound:ComboTackle","Slimebound:SplitAcid+1","Masterful Stab+1"],"picked":"Prepared","floor":47},{"not_picked":["Slimebound:GoopSpray","ReplayTheSpireMod:Tripwire+1","Slimebound:ServeAndProtect","Slimebound:Schlurp"],"picked":"SKIP","floor":49}],"player_experience":274389,"relics_obtained":[{"floor":7,"key":"Slimebound:AggressiveSlimeRelic"},{"floor":12,"key":"Gremlin Horn"},{"floor":14,"key":"conspire:BottledYoYo"},{"floor":22,"key":"Replay:Ringing Soul"},{"floor":24,"key":"Replay:Bottled Eggs"},{"floor":25,"key":"Bottled Flame"},{"floor":29,"key":"Centennial Puzzle"},{"floor":40,"key":"ReplayTheSpireMod:Ninjato"},{"floor":41,"key":"Mirror"},{"floor":45,"key":"StuffTheSpire:GrapeVine"}],"event_choices":[{"damage_healed":0,"gold_gain":0,"player_choice":"Trade","damage_taken":0,"relics_obtained":["FaceOfCleric"],"max_hp_gain":0,"max_hp_loss":0,"event_name":"FaceTrader","floor":31,"gold_loss":0}],"is_beta":false,"boss_relics":[{"not_picked":["conspire:SeveredTorchhead","Slimebound:TarBlob"],"picked":"Replay:Grab Bag"},{"not_picked":["ReplayTheSpireMod:Onyx Gauntlets","Coffee Dripper"],"picked":"Painkiller Herb"},{"not_picked":["StuffTheSpire:ModemDavis","Fusion Hammer"],"picked":"Cursed Key"},{"not_picked":["aspiration:RitualDagger","StuffTheSpire:Kangaroo"],"picked":"aspiration:SilentSkillbook"},{"not_picked":["Tiny House","Replay:Drink Me"],"picked":"conspire:RunicOctahedron"}],"items_purged_floors":[8,39,46],"is_endless":false,"potions_floor_spawned":[3,9,11,12,16,21,26,29,33,36,45,47,49],"ascension_level":11}}