{"host":"ix07nhfx4o3nf6kx","time":1613272301,"event":{"mods":["BaseMod","Hermit","Minty Spire (QoL Compilation)","StSLib","The Bug Knight","The Cursed","The Dragon Tamer","The Hierophant","The Jungle","The Runesmith"],"gold_per_floor":[114,131,131,131,131,131,41,70,95,95,15,28,47,66,66,66,66],"floor_reached":16,"language":"KOR","playtime":812,"items_purged":[],"score":100,"play_id":"62741aac-e4b3-4c76-bf55-9e91325de8af","local_time":"20210214121141","is_ascension_mode":false,"campfire_choices":[{"data":"HollowMod:SoulEater","floor":6,"key":"SMITH"},{"floor":10,"key":"REST"},{"floor":15,"key":"REST"}],"circlet_count":0,"master_deck":["HollowMod:NailStrikeStart+1","HollowMod:NailStrikeStart","HollowMod:NailStrikeStart","HollowMod:NailStrikeStart","HollowMod:QuickDashStart","HollowMod:QuickDashStart","HollowMod:QuickDashStart","HollowMod:QuickDashStart+1","HollowMod:FocusHealStart","HollowMod:PogoStrike","HollowMod:SoulEater+1","HollowMod:HowlingWraiths","HollowMod:NewGlowingWomb","HollowMod:InfectedCysts","HollowMod:CycloneSlash","HollowMod:theNailsmith","HollowMod:SoulShaman","HollowMod:MothsMistake","HollowMod:TaintedHusks"],"relics":["HollowMod:VesselMask","Unceasing Top","Du-Vu Doll","Happy Flower"],"acts_visited":["Exordium"],"potions_floor_usage":[8,8,14],"damage_taken":[{"damage":7,"enemies":"Cultist","floor":1,"turns":6},{"damage":2,"enemies":"Small Slimes","floor":2,"turns":5},{"damage":38,"enemies":"Gremlin Nob","floor":8,"turns":5},{"damage":14,"enemies":"Jaw Worm","floor":12,"turns":4},{"damage":16,"enemies":"Blue Slaver","floor":13,"turns":4},{"damage":0,"enemies":"3 Louse","floor":14,"turns":3},{"damage":69,"enemies":"HollowMod:FalseKnight","floor":16,"turns":6}],"seed_played":"2621739568487062189","potions_obtained":[{"floor":1,"key":"Strength Potion"},{"floor":2,"key":"EssenceOfSteel"},{"floor":13,"key":"Block Potion"}],"is_trial":false,"path_per_floor":["M","M","?","$","?","R","$","E","T","R","$","M","M","M","R","B"],"character_chosen":"THE_BUGKNIGHT","items_purchased":["HollowMod:NewGlowingWomb","HollowMod:InfectedCysts","HollowMod:theNailsmith"],"campfire_rested":2,"item_purchase_floors":[7,7,11],"current_hp_per_floor":[74,75,75,75,60,60,60,28,28,50,50,42,32,38,60,0,0],"gold":66,"neow_bonus":"ONE_RARE_RELIC","is_daily":false,"chose_seed":false,"campfire_upgraded":1,"win_rate":0.0,"timestamp":1613272301,"path_taken":["M","M","?","$","?","R","$","E","T","R","$","M","M","M","R","BOSS"],"items_purchased_type":["Card","Card","Card"],"build_version":"2020-12-22","purchased_purges":0,"victory":false,"max_hp_per_floor":[75,75,75,75,75,75,75,75,75,75,75,75,75,75,75,75,75],"card_choices":[{"not_picked":["HollowMod:InfectionAssault","HollowMod:ChannelNail"],"picked":"HollowMod:SoulEater","floor":1},{"not_picked":["HollowMod:MonarchWings","HollowMod:VengefulVoid"],"picked":"HollowMod:HowlingWraiths","floor":2},{"not_picked":["HollowMod:MonarchWings","HollowMod:QuirrelsAssistance"],"picked":"HollowMod:CycloneSlash","floor":8},{"not_picked":["HollowMod:SiblingsSouls","HollowMod:SoulStrike"],"picked":"HollowMod:SoulShaman","floor":12},{"not_picked":["HollowMod:SharpenedNail","HollowMod:NewLittleFool"],"picked":"HollowMod:MothsMistake","floor":13},{"not_picked":["HollowMod:ShadowDash","HollowMod:WraithStrike"],"picked":"HollowMod:TaintedHusks","floor":14}],"player_experience":276900,"relics_obtained":[{"floor":8,"key":"Du-Vu Doll"},{"floor":9,"key":"Happy Flower"}],"event_choices":[{"damage_healed":0,"gold_gain":0,"player_choice":"Entered Light","damage_taken":15,"max_hp_gain":0,"max_hp_loss":0,"event_name":"Shining Light","floor":5,"gold_loss":0,"cards_upgraded":["HollowMod:NailStrikeStart","HollowMod:QuickDashStart"]}],"is_beta":false,"boss_relics":[],"items_purged_floors":[],"is_endless":false,"potions_floor_spawned":[1,2,13],"killed_by":"HollowMod:FalseKnight","ascension_level":0}}