{"host":"2qyxu97h6u4ukicb","time":1613274448,"event":{"mods":["AchievementEnabler","BaseMod","BetterRewards","Colored Map","Colored Powertips","Minty Spire (QoL Compilation)","Replay The Spire","Shop Mod","StSLib"],"gold_per_floor":[113,113,127,127,139,139,139,139],"floor_reached":7,"language":"ENG","playtime":379,"items_purged":[],"score":41,"play_id":"16e6c6d6-7fc5-4079-8307-a870e89adeb5","local_time":"20210213214728","is_ascension_mode":false,"campfire_choices":[],"circlet_count":0,"master_deck":["Strike_B","Strike_B","Strike_B+1","Strike_B","Defend_B","Defend_B+1","Defend_B","Defend_B","Zap","Dualcast","ReplaySolidLightProjector","BasicCrystalCard","Crystallizer"],"relics":["Cracked Core","Lee\u0027s Waffle","Replay:PocketPolymizer"],"acts_visited":["Exordium"],"potions_floor_usage":[5],"damage_taken":[{"damage":0,"enemies":"2 Louse","floor":1,"turns":3},{"damage":6,"enemies":"Small Slimes","floor":3,"turns":3},{"damage":1,"enemies":"Cultist","floor":5,"turns":3},{"damage":61,"enemies":"3 Sentries","floor":7,"turns":4}],"seed_played":"-4484147504132748222","potions_obtained":[{"floor":1,"key":"SteroidPotion"}],"is_trial":false,"path_per_floor":["M","?","M","?","M","$","E"],"character_chosen":"DEFECT","items_purchased":["Lee\u0027s Waffle"],"campfire_rested":0,"item_purchase_floors":[0],"current_hp_per_floor":[82,82,76,60,59,59,0,0],"gold":139,"neow_bonus":"","is_daily":false,"chose_seed":false,"campfire_upgraded":0,"win_rate":0.0,"timestamp":1613274448,"path_taken":["M","?","M","?","M","$","E"],"items_purchased_type":["Relic"],"build_version":"2020-12-22","purchased_purges":0,"victory":false,"max_hp_per_floor":[82,82,82,82,82,82,82,82],"card_choices":[{"not_picked":["Hologram","Cold Snap"],"picked":"BasicCrystalCard","floor":1},{"not_picked":["BasicCrystalCard","ReplayTheSpireMod:System Scan"],"picked":"Crystallizer","floor":3},{"not_picked":["Chaos","Aggregate","Turbo"],"picked":"SKIP","floor":5}],"player_experience":813784,"relics_obtained":[],"event_choices":[{"damage_healed":0,"gold_gain":0,"player_choice":"Ignored","damage_taken":0,"max_hp_gain":0,"max_hp_loss":0,"event_name":"Golden Wing","floor":2,"gold_loss":0},{"damage_healed":0,"gold_gain":0,"player_choice":"Entered Light","damage_taken":16,"max_hp_gain":0,"max_hp_loss":0,"event_name":"Shining Light","floor":4,"gold_loss":0,"cards_upgraded":["Defend_B","Strike_B"]}],"is_beta":false,"boss_relics":[],"items_purged_floors":[],"is_endless":false,"potions_floor_spawned":[1],"killed_by":"3 Sentries","ascension_level":0}}