{"host":"p4v0hquynnreu717","time":1613321062,"event":{"mods":["BaseMod","DeckTracker","Googly Eyes","Minty Spire (QoL Compilation)","Quick Restart","StSLib","SuperFastMode"],"gold_per_floor":[117,167,15,15,15,43,143,143,143,143,170,188,215,228,228,301,301,315,33,33,33,45,74,74,117,117,146,146,180,201,220,220,308,308,329,135,186,199,227,227,261,275,275,314,59,59,94,122,122,122,122,122,38,74,74],"floor_reached":56,"language":"ZHS","playtime":2233,"items_purged":["Twin Strike","Dropkick","Bludgeon"],"score":2154,"play_id":"cbc97220-b11a-4096-86fa-ee7819f3b2d1","local_time":"20210215004422","is_ascension_mode":true,"campfire_choices":[{"data":"Armaments","floor":8.0,"key":"SMITH"},{"data":"Bash","floor":10.0,"key":"SMITH"},{"data":"Berserk","floor":15.0,"key":"SMITH"},{"data":"Scrawl","floor":24.0,"key":"SMITH"},{"floor":32.0,"key":"REST"},{"floor":40.0,"key":"RECALL"},{"floor":46.0,"key":"REST"},{"floor":49.0,"key":"REST"},{"floor":52.0,"key":"REST"}],"circlet_count":0,"master_deck":["AscendersBane","Bash+1","Feel No Pain","Armaments+1","Berserk+1","Havoc","TalkToTheHand","DevaForm","Scrawl+1","Shockwave","Heavy Blade","Seeing Red","Power Through","Havoc","Spot Weakness","Undo","Rupture","Body Slam","Flash of Steel","Necronomicurse","Tantrum+1","After Image","Reboot+1","Pommel Strike","LessonLearned","Echo Form","Shrug It Off+1","Impervious+1","Hologram+1","True Grit+1","Burning Pact","Feed+1","After Image","Purity","Dark Embrace","Disarm","Meteor Strike"],"relics":["Burning Blood","NeowsBlessing","PrismaticShard","Question Card","StoneCalendar","HornCleat","Mummified Hand","Bronze Scales","Pandora\u0027s Box","Membership Card","Necronomicon","Pantograph","CeramicFish","Champion Belt","PreservedInsect","Fusion Hammer","OrangePellets","Unceasing Top","Prayer Wheel","Meat on the Bone","Bottled Lightning","Orichalcum","InkBottle"],"acts_visited":["Exordium","TheCity","TheBeyond","TheEnding"],"potions_floor_usage":[55,55],"damage_taken":[{"damage":0.0,"enemies":"Jaw Worm","floor":1.0,"turns":1.0},{"damage":0.0,"enemies":"Gremlin Nob","floor":6.0,"turns":1.0},{"damage":0.0,"enemies":"Lagavulin","floor":11.0,"turns":1.0},{"damage":5.0,"enemies":"Cultist","floor":12.0,"turns":4.0},{"damage":16.0,"enemies":"3 Sentries","floor":13.0,"turns":7.0},{"damage":0.0,"enemies":"Small Slimes","floor":14.0,"turns":3.0},{"damage":27.0,"enemies":"The Guardian","floor":16.0,"turns":9.0},{"damage":0.0,"enemies":"Spheric Guardian","floor":18.0,"turns":3.0},{"damage":7.0,"enemies":"2 Thieves","floor":22.0,"turns":3.0},{"damage":8.0,"enemies":"Gremlin Leader","floor":23.0,"turns":4.0},{"damage":1.0,"enemies":"Book of Stabbing","floor":25.0,"turns":3.0},{"damage":20.0,"enemies":"Shelled Parasite and Fungi","floor":27.0,"turns":5.0},{"damage":1.0,"enemies":"Gremlin Leader","floor":29.0,"turns":5.0},{"damage":21.0,"enemies":"Centurion and Healer","floor":30.0,"turns":3.0},{"damage":20.0,"enemies":"3 Cultists","floor":31.0,"turns":5.0},{"damage":13.0,"enemies":"Champ","floor":33.0,"turns":4.0},{"damage":5.0,"enemies":"Orb Walker","floor":35.0,"turns":5.0},{"damage":32.0,"enemies":"2 Orb Walkers","floor":37.0,"turns":4.0},{"damage":9.0,"enemies":"3 Darklings","floor":38.0,"turns":7.0},{"damage":12.0,"enemies":"Sphere and 2 Shapes","floor":39.0,"turns":4.0},{"damage":3.0,"enemies":"Mind Bloom Boss Battle","floor":41.0,"turns":6.0},{"damage":25.0,"enemies":"4 Shapes","floor":42.0,"turns":7.0},{"damage":7.0,"enemies":"Reptomancer","floor":44.0,"turns":6.0},{"damage":0.0,"enemies":"Maw","floor":47.0,"turns":5.0},{"damage":14.0,"enemies":"Nemesis","floor":48.0,"turns":7.0},{"damage":53.0,"enemies":"Donu and Deca","floor":50.0,"turns":12.0},{"damage":41.0,"enemies":"Shield and Spear","floor":54.0,"turns":7.0},{"damage":4,"enemies":"The Heart","floor":55,"turns":7}],"seed_played":"5900243450261198279","potions_obtained":[{"floor":1.0,"key":"Fire Potion"},{"floor":16.0,"key":"SpeedPotion"},{"floor":21.0,"key":"PowerPotion"},{"floor":22.0,"key":"ElixirPotion"},{"floor":25.0,"key":"BloodPotion"},{"floor":30.0,"key":"Strength Potion"},{"floor":44.0,"key":"PowerPotion"}],"is_trial":false,"path_per_floor":["M","?","$","T","$","E","?","R","T","R","E","M","E","M","R","B",null,"M","$","?","?","M","E","R","E","T","M","?","E","M","M","R","B",null,"M","$","?","M","M","R","?","M","T","E","$","R","M","E","R","B",null,"R","$","E","B",null],"character_chosen":"IRONCLAD","items_purchased":["PrismaticShard","Membership Card","Rupture","Body Slam","Flash of Steel","OrangePellets","Impervious","Feed","Bottled Lightning","Dark Embrace","Disarm","BlessingOfTheForge"],"campfire_rested":4,"item_purchase_floors":[3,19,19,19,19,36,36,45,45,53,53,53],"current_hp_per_floor":[74,74,74,74,74,75,75,75,75,75,75,75,65,71,71,50,69,75,75,54,54,53,51,51,56,56,42,21,42,27,13,37,55,74,75,75,49,46,40,40,68,49,49,48,48,72,78,74,84,49,75,84,84,49,76],"gold":74,"neow_bonus":"THREE_ENEMY_KILL","is_daily":false,"chose_seed":false,"campfire_upgraded":4,"win_rate":0.0,"timestamp":1613321062,"path_taken":["M","?","$","?","$","E","?","R","T","R","E","?","E","M","R","BOSS","M","$","?","?","?","E","R","E","T","M","?","E","M","M","R","BOSS","M","$","?","M","M","R","?","M","T","E","$","R","M","E","R","BOSS","R","$","E","BOSS"],"items_purchased_type":["Relic","Relic","Card","Card","Card","Relic","Card","Card","Relic","Card","Card","Potion"],"build_version":"2020-12-22","purchased_purges":3,"victory":true,"max_hp_per_floor":[75,75,75,75,75,75,75,75,75,75,75,75,75,75,75,75,75,75,75,75,75,75,75,75,75,75,75,80,80,80,80,80,80,80,80,80,80,80,80,80,80,80,80,80,80,80,80,84,84,84,84,84,84,84,84],"card_choices":[{"not_picked":["Blood for Blood","Wild Strike"],"picked":"Feel No Pain","floor":1.0},{"not_picked":["Metallicize","Acrobatics","ClearTheMind"],"picked":"Armaments","floor":6.0},{"not_picked":["ForeignInfluence","Barrage","Dagger Spray"],"picked":"Berserk","floor":11.0},{"not_picked":["Finesse","Blood for Blood","PiercingWail"],"picked":"Havoc","floor":12.0},{"not_picked":["Stack","Deflect","Dodge and Roll"],"picked":"TalkToTheHand","floor":13.0},{"not_picked":["Thunderclap","ThirdEye","Dagger Spray"],"picked":"DevaForm","floor":14.0},{"not_picked":["Chrysalis","Bullet Time","Juggernaut"],"picked":"Scrawl","floor":16.0},{"not_picked":["Wild Strike+1","JustLucky","Dagger Throw"],"picked":"Undo","floor":18.0},{"not_picked":["Poisoned Stab","Bane","ReachHeaven"],"picked":"Tantrum","floor":22.0},{"not_picked":["Madness+1","Ball Lightning","Cloak And Dagger"],"picked":"After Image","floor":23.0},{"not_picked":["Heavy Blade","Cloak And Dagger+1","Deflect"],"picked":"Reboot","floor":25.0},{"not_picked":["Uppercut","Compile Driver","Dagger Spray"],"picked":"Pommel Strike","floor":27.0},{"not_picked":["CrushJoints","Gash","BootSequence","Quick Slash"],"picked":"SKIP","floor":29.0},{"not_picked":["Blade Dance","ClearTheMind","Outmaneuver"],"picked":"LessonLearned","floor":30.0},{"not_picked":["Barrage+1","Clash+1","Dagger Spray","Headbutt+1"],"picked":"SKIP","floor":31.0},{"not_picked":["Creative AI","Secret Weapon","Biased Cognition"],"picked":"Echo Form","floor":33.0},{"not_picked":["Twin Strike","ClearTheMind","Melter"],"picked":"Shrug It Off","floor":35.0},{"not_picked":["Outmaneuver","Sweeping Beam","Wild Strike+1","Flechettes"],"picked":"SKIP","floor":38.0},{"not_picked":["Evaluate","Streamline+1","Leap+1"],"picked":"Hologram+1","floor":39.0},{"not_picked":["ClearTheMind","Tempest","Sword Boomerang"],"picked":"True Grit+1","floor":41.0},{"not_picked":["Devotion","Fire Breathing","True Grit","Dodge and Roll"],"picked":"SKIP","floor":42.0},{"not_picked":["Wild Strike","Outmaneuver","ClearTheMind","Havoc+1"],"picked":"SKIP","floor":42.0},{"not_picked":["Pummel","Ball Lightning","Footwork"],"picked":"Burning Pact","floor":44.0},{"not_picked":["Stack","Dramatic Entrance+1","Backflip"],"picked":"After Image","floor":47.0},{"not_picked":["Heavy Blade","Quick Slash","Swivel"],"picked":"Purity","floor":47.0},{"not_picked":["Devotion","Ghostly Armor+1","MentalFortress","Stack"],"picked":"SKIP","floor":48.0},{"not_picked":["Weave","Calculated Gamble","Body Slam"],"picked":"Meteor Strike","floor":54.0}],"player_experience":861138,"relics_obtained":[{"floor":4.0,"key":"Question Card"},{"floor":6.0,"key":"StoneCalendar"},{"floor":9.0,"key":"HornCleat"},{"floor":11.0,"key":"Mummified Hand"},{"floor":13.0,"key":"Bronze Scales"},{"floor":20.0,"key":"Necronomicon"},{"floor":23.0,"key":"Pantograph"},{"floor":25.0,"key":"CeramicFish"},{"floor":26.0,"key":"Champion Belt"},{"floor":29.0,"key":"PreservedInsect"},{"floor":37.0,"key":"Unceasing Top"},{"floor":41.0,"key":"Prayer Wheel"},{"floor":44.0,"key":"Meat on the Bone"},{"floor":48.0,"key":"Orichalcum"},{"floor":54.0,"key":"InkBottle"}],"event_choices":[{"damage_healed":0.0,"max_hp_gain":0.0,"max_hp_loss":0.0,"gold_gain":50.0,"event_name":"Golden Shrine","player_choice":"Pray","floor":2.0,"gold_loss":0.0,"damage_taken":0.0},{"damage_healed":0.0,"max_hp_gain":0.0,"max_hp_loss":0.0,"gold_gain":100.0,"event_name":"Wheel of Change","player_choice":"Gold","floor":7.0,"gold_loss":0.0,"damage_taken":0.0},{"damage_healed":0.0,"max_hp_gain":0.0,"max_hp_loss":0.0,"gold_gain":0.0,"event_name":"Cursed Tome","player_choice":"Obtained Book","floor":20.0,"gold_loss":0.0,"damage_taken":21.0},{"damage_healed":0.0,"max_hp_gain":0.0,"max_hp_loss":0.0,"gold_gain":0.0,"event_name":"Lab","player_choice":"Got Potions","floor":21.0,"gold_loss":0.0,"damage_taken":0.0},{"damage_healed":0.0,"max_hp_gain":5.0,"max_hp_loss":0.0,"gold_gain":0.0,"event_name":"Forgotten Altar","player_choice":"Shed Blood","floor":28.0,"gold_loss":0.0,"damage_taken":26.0},{"damage_healed":0.0,"max_hp_gain":0.0,"max_hp_loss":0.0,"gold_gain":0.0,"event_name":"Mysterious Sphere","player_choice":"Fight","floor":37.0,"gold_loss":0.0,"damage_taken":0.0},{"damage_healed":0.0,"max_hp_gain":0.0,"max_hp_loss":0.0,"gold_gain":0.0,"event_name":"MindBloom","player_choice":"Fight","floor":41.0,"gold_loss":0.0,"damage_taken":0.0}],"is_beta":false,"boss_relics":[{"not_picked":["Snecko Eye","Black Blood"],"picked":"Pandora\u0027s Box"},{"not_picked":["SacredBark","Velvet Choker"],"picked":"Fusion Hammer"}],"items_purged_floors":[19,36,45],"is_endless":false,"potions_floor_spawned":[1,16,22,25,30,35,44,47,48,54],"ascension_level":15}}