{"host":"0luxfixkkfk9wck3","time":1613268841,"event":{"mods":["BaseMod","DeckTracker","Downfall","Highlight Path","Minty Spire (QoL Compilation)","StSLib"],"gold_per_floor":[99,112,131,141,141,141,141,41,26,45,77,77,96,96,113,213,213,213,224,224,236,72,87,142,142,154,14,32,32,32,175,197,300,300,300,313,313,330,430,330,401,412,437,457,476,476,476,81,95,95],"floor_reached":51,"language":"ENG","playtime":5670,"items_purged":["downfall:Bewildered"],"score":1063,"play_id":"7bd5a279-76e3-400f-9ebf-e084ca5c7810","local_time":"20210213201401","is_ascension_mode":true,"campfire_choices":[{"data":"hexamod:Sear","floor":1,"key":"SMITH"},{"data":"hexamod:HeatCrush","floor":6,"key":"SMITH"},{"data":"hexamod:ShieldOfDarkness","floor":8,"key":"SMITH"},{"floor":12,"key":"REST"},{"data":"hexamod:TimeWarp","floor":18,"key":"SMITH"},{"floor":25,"key":"REST"},{"data":"hexamod:RainOfEmbers","floor":30,"key":"SMITH"},{"floor":35,"key":"RECALL"},{"floor":40,"key":"REST"},{"floor":47,"key":"REST"}],"circlet_count":0,"master_deck":["hexamod:Strike+1","hexamod:Strike+1","hexamod:Strike+1","hexamod:Defend+1","hexamod:Defend+1","hexamod:Defend+1","hexamod:Defend+1","hexamod:Sear+1","hexamod:Float+1","hexamod:SpectralSpark+1","hexamod:HeatCrush+1","hexamod:ShieldOfDarkness+1","hexamod:SixthSeal","hexamod:HeatShield+1","hexamod:FlamesFromBeyond+1","hexamod:RetreatToShadows+1","hexamod:Hexaguard+1","hexamod:Hexaguard+1","hexamod:DynamicBlow+1","hexamod:TimeWarp+1","hexamod:RainOfEmbers+1","hexamod:RetreatToShadows+1","hexamod:NightmareStrike+1","hexamod:RetreatToShadows+1","Good Instincts+1","hexamod:FourthSeal","hexamod:RainOfEmbers+1","Sadistic Nature+1","hexamod:ThermalTransfer+1","hexamod:FirstSeal","hexamod:FourthSeal","CurseOfTheBell","hexamod:GhostflameBarrier+1","hexamod:HeatCrush+1","hexamod:ForkedFlame+1","hexamod:PowerFromBeyond+1"],"relics":["hexamod:SpiritBrand","downfall:HeartBlessingBlue","Sundial","expansioncontent:StudyCardRelic","sneckomod:BabySnecko","Ancient Tea Set","hexamod:TheBrokenSeal","Calling Bell","Orichalcum","Ornamental Fan","champ:DeflectingBracers","Singing Bowl","downfall:HeartBlessingRed","Molten Egg 2","Omamori","Guardian:PocketSentry","hexamod:MatchstickCase"],"acts_visited":["Exordium","TheCity","TheBeyond"],"potions_floor_usage":[11,13,33,50,50,50,50,50,50],"damage_taken":[{"damage":0,"enemies":"Jaw Worm","floor":2,"turns":3},{"damage":1,"enemies":"Cultist","floor":3,"turns":3},{"damage":4,"enemies":"Small Slimes","floor":4,"turns":6},{"damage":0,"enemies":"downfall:FleeingMerchant","floor":9,"turns":4},{"damage":16,"enemies":"3 Louse","floor":10,"turns":4},{"damage":10,"enemies":"3 Sentries","floor":11,"turns":5},{"damage":13,"enemies":"Exordium Wildlife","floor":13,"turns":5},{"damage":0,"enemies":"Red Slaver","floor":15,"turns":3},{"damage":33,"enemies":"WA_ARCHETYPE_RETAIN","floor":16,"turns":6},{"damage":6,"enemies":"Spheric Guardian","floor":19,"turns":5},{"damage":0,"enemies":"3 Cultists","floor":21,"turns":4},{"damage":0,"enemies":"downfall:FleeingMerchant","floor":22,"turns":4},{"damage":16,"enemies":"Shelled Parasite and Fungi","floor":23,"turns":5},{"damage":0,"enemies":"Cultist and Chosen","floor":26,"turns":5},{"damage":2,"enemies":"downfall:FleeingMerchant","floor":27,"turns":4},{"damage":4,"enemies":"Centurion and Healer","floor":28,"turns":7},{"damage":4,"enemies":"downfall:FleeingMerchant","floor":31,"turns":4},{"damage":3,"enemies":"3 Cultists","floor":32,"turns":5},{"damage":66,"enemies":"IC_MUSHROOM_ARCHETYPE","floor":33,"turns":10},{"damage":0,"enemies":"Orb Walker","floor":36,"turns":2},{"damage":3,"enemies":"3 Shapes","floor":38,"turns":5},{"damage":7,"enemies":"Spire Growth","floor":42,"turns":4},{"damage":15,"enemies":"Reptomancer","floor":43,"turns":5},{"damage":3,"enemies":"Sphere and 2 Shapes","floor":44,"turns":4},{"damage":3,"enemies":"Maw","floor":45,"turns":5},{"damage":10,"enemies":"3 Darklings","floor":49,"turns":3},{"damage":17,"enemies":"SI_POISON_ARCHETYPE","floor":50,"turns":6}],"seed_played":"-3489147283057330149","potions_obtained":[{"floor":3,"key":"champ:CounterPotion"},{"floor":4,"key":"Dexterity Potion"},{"floor":10,"key":"Explosive Potion"},{"floor":11,"key":"bronze:BurnAndBuffPotion"},{"floor":13,"key":"Block Potion"},{"floor":33,"key":"SpeedPotion"},{"floor":45,"key":"DistilledChaos"}],"is_trial":false,"path_per_floor":["R","M","M","M","?","R","T","R","$","M","E","R","M","?","M","B",null,"R","M","?","M","$","M","T","R","M","$","M","?","R","$","M","B",null,"R","M","T","M","?","R","T","M","E","M","M","?","R","$","M","B",null],"character_chosen":"THE_SPIRIT","items_purchased":["hexamod:RetreatToShadows","hexamod:SecondSeal","Good Instincts","Sadistic Nature","hexamod:ThermalTransfer","Guardian:PocketSentry","hexamod:MatchstickCase","EntropicBrew"],"campfire_rested":4,"item_purchase_floors":[22,27,27,31,31,48,48,48],"current_hp_per_floor":[63,63,62,58,51,51,51,61,61,45,35,59,46,46,46,13,63,63,57,57,57,57,48,48,72,72,70,73,73,73,69,73,57,82,82,82,82,86,86,90,90,85,72,69,75,75,96,96,86,69],"gold":95,"neow_bonus":"ONE_RANDOM_RARE_CARD","is_daily":false,"chose_seed":false,"campfire_upgraded":5,"win_rate":0.0,"timestamp":1613268841,"path_taken":["R","M","M","M","?","R","T","R","$","?","E","R","M","?","M","BOSS","R","M","?","M","$","M","T","R","M","$","M","?","R","?","M","BOSS","R","M","?","?","?","R","T","?","E","M","M","?","R","$","M","BOSS"],"items_purchased_type":["Card","Card","Card","Card","Card","Relic","Relic","Potion"],"build_version":"2020-12-22","purchased_purges":1,"victory":true,"max_hp_per_floor":[70,70,70,70,70,70,70,80,80,80,80,80,80,80,80,80,80,80,80,80,80,80,80,80,80,80,80,80,80,80,80,80,90,90,90,90,90,90,90,90,90,92,94,94,96,96,96,96,96,96],"card_choices":[{"not_picked":["hexamod:HeatMetal","hexamod:NightmareGuise"],"picked":"hexamod:SpectralSpark","floor":2},{"not_picked":["hexamod:SpectersWail","hexamod:HeatMetal"],"picked":"hexamod:HeatCrush","floor":3},{"not_picked":["hexamod:FourthSeal","hexamod:SecondSeal"],"picked":"hexamod:SixthSeal","floor":3},{"not_picked":["hexamod:GhostOfSpirePast","hexamod:FlamesFromBeyond"],"picked":"hexamod:ShieldOfDarkness","floor":4},{"not_picked":["hexamod:SecondSeal","hexamod:FirstSeal"],"picked":"hexamod:SixthSeal","floor":4},{"not_picked":["hexamod:CatchUp","hexamod:AdvancingGuard"],"picked":"hexamod:HeatShield","floor":9},{"not_picked":["hexamod:BacktrackSmack","hexamod:FastForward"],"picked":"hexamod:FlamesFromBeyond","floor":10},{"not_picked":["hexamod:HeatMetal","hexamod:Rewind"],"picked":"hexamod:RetreatToShadows","floor":11},{"not_picked":["hexamod:SwordOfDarkness","hexamod:SuperheatedStrike"],"picked":"hexamod:Hexaguard","floor":13},{"not_picked":["hexamod:Again","hexamod:ShieldOfDarkness"],"picked":"hexamod:DynamicBlow","floor":15},{"not_picked":["hexamod:WildfireWeapon","hexamod:Toasty"],"picked":"hexamod:TimeWarp","floor":16},{"not_picked":["hexamod:AdvancingGuard+1","hexamod:ShieldOfDarkness"],"picked":"hexamod:FourthSeal","floor":19},{"not_picked":["hexamod:SpectralAdrenaline+1","hexamod:SpectersWail","hexamod:BacktrackSmack"],"picked":"SKIP","floor":21},{"not_picked":["hexamod:GhostShield+1","hexamod:HauntingEcho"],"picked":"hexamod:RainOfEmbers","floor":22},{"not_picked":["hexamod:FourthSeal","hexamod:SixthSeal"],"picked":"hexamod:FirstSeal","floor":22},{"not_picked":["hexamod:GhostShield","hexamod:ShieldOfDarkness"],"picked":"hexamod:NightmareStrike+1","floor":23},{"not_picked":["hexamod:SecondSeal","hexamod:SixthSeal"],"picked":"hexamod:ThirdSeal","floor":26},{"not_picked":["hexamod:FlamesFromBeyond","hexamod:SpectersWail","hexamod:GhostShield+1"],"picked":"SKIP","floor":26},{"not_picked":["hexamod:HeatMetal","hexamod:ChargedBarrage+1"],"picked":"hexamod:RetreatToShadows","floor":27},{"not_picked":["hexamod:SecondSeal","hexamod:ThirdSeal"],"picked":"hexamod:FourthSeal","floor":28},{"not_picked":["hexamod:GhostShield","hexamod:NightmareGuise"],"picked":"hexamod:RainOfEmbers","floor":28},{"not_picked":["hexamod:ExtraCrispy","hexamod:GhostOfSpireFuture","hexamod:UnleashSpirits"],"picked":"SKIP","floor":31},{"not_picked":["hexamod:RecurringNightmare","hexamod:SwordOfDarkness","hexamod:FourthSeal"],"picked":"SKIP","floor":31},{"not_picked":["hexamod:SecondSeal","hexamod:SixthSeal"],"picked":"hexamod:FirstSeal","floor":32},{"not_picked":["hexamod:SoulSteal","hexamod:Hexaguard","hexamod:ThermalTransfer"],"picked":"SKIP","floor":32},{"not_picked":["hexamod:SecondSeal","hexamod:ThirdSeal"],"picked":"hexamod:FourthSeal","floor":33},{"not_picked":["hexamod:RadiantFlame+1","hexamod:ChargedBarrage"],"picked":"hexamod:GhostflameBarrier+1","floor":36},{"not_picked":["hexamod:BacktrackSmack+1","hexamod:Firestarter"],"picked":"hexamod:HeatCrush+1","floor":38},{"not_picked":["hexamod:NightmareStrike+1","hexamod:BurningTouch+1","hexamod:HeatShield+1"],"picked":"Singing Bowl","floor":42},{"not_picked":["hexamod:SwordOfDarkness+1","hexamod:SecondSeal","hexamod:RetreatToShadows"],"picked":"Singing Bowl","floor":43},{"not_picked":["hexamod:AdvancingGuard+1","hexamod:GhostLash+1"],"picked":"hexamod:ForkedFlame+1","floor":44},{"not_picked":["hexamod:Firestarter+1","hexamod:AdvancingGuard","hexamod:DynamicBlow+1"],"picked":"Singing Bowl","floor":45},{"not_picked":["hexamod:SoulSteal","hexamod:AdvancingGuard+1"],"picked":"hexamod:PowerFromBeyond+1","floor":49}],"player_experience":11849413,"relics_obtained":[{"floor":11,"key":"Sundial"},{"floor":24,"key":"Ancient Tea Set"},{"floor":34,"key":"Orichalcum"},{"floor":34,"key":"Ornamental Fan"},{"floor":34,"key":"champ:DeflectingBracers"},{"floor":37,"key":"Singing Bowl"},{"floor":41,"key":"Molten Egg 2"},{"floor":43,"key":"Omamori"}],"event_choices":[{"damage_healed":0,"gold_gain":0,"player_choice":"Damaged","damage_taken":7,"max_hp_gain":0,"max_hp_loss":0,"event_name":"Wheel of Change","floor":5,"gold_loss":0},{"damage_healed":0,"gold_gain":0,"cards_transformed":["hexamod:Strike"],"player_choice":"Change","damage_taken":0,"max_hp_gain":0,"max_hp_loss":0,"event_name":"Living Wall","floor":14,"gold_loss":0,"cards_obtained":["hexamod:Hexaguard"]}],"is_beta":false,"boss_relics":[{"not_picked":["Runic Pyramid","sneckomod:SneckoTalon"],"picked":"expansioncontent:StudyCardRelic"},{"not_picked":["Pandora\u0027s Box","bronze:MakeshiftBattery"],"picked":"Calling Bell"}],"items_purged_floors":[22],"is_endless":false,"potions_floor_spawned":[3,4,10,11,13,23,26,28,33,36,43,49],"ascension_level":8}}