{"host":"24j0rle15g8q9bc9","time":1613345424,"event":{"mods":["2.2 Compatiblity","Act Like it!","Bartender","BaseMod","Better Note","Card Forge","Colored Map","Colored Powertips","DeckTracker","Downfall","Elementarium","Hallownest","Hubris","Jorbs\u0027s Wanderer Trilogy","Minty Spire (QoL Compilation)","Rare Cards Sparkle","Remilia??????","StSLib","The Bug Knight","The Death Knight","The Necromancer","Treasure Hunter"],"gold_per_floor":[118,177,177,188,113,139,139,159,159,171,171,171,202,214,214,310,310,327,83,83,95,95,130,430,430,476,476,491,491,416,447,447,548,548,559,559,609,629,629,662,622,622,649,667,701,701,718,730,730,730,730,730,730,758,758],"floor_reached":56,"language":"ENG","playtime":2959,"items_purged":["Pain"],"score":1501,"play_id":"1b3ca233-a6e4-4717-bc7a-454c10c96632","local_time":"20210214193024","is_ascension_mode":false,"campfire_choices":[{"floor":7.0,"key":"RECALL"},{"floor":12.0,"key":"REST"},{"floor":15.0,"key":"REST"},{"floor":25,"key":"REST"},{"floor":27,"key":"REST"},{"floor":29,"key":"REST"},{"floor":32,"key":"REST"},{"floor":42,"key":"REST"},{"floor":46,"key":"REST"},{"floor":49,"key":"REST"},{"floor":52,"key":"REST"}],"circlet_count":0,"master_deck":["Storm of Steel+1","hubris:Sniper+1","Underhanded Strike+1","hubris:SlightOfHand+1","Prepared+1","Infinite Blades+1","Envenom+1","Finisher+1","Die Die Die+1","Cloak And Dagger+1","Blade Dance+1","After Image+1","A Thousand Cuts+1","Accuracy+1","Underhanded Strike+1","Choke+1","TH:ElvenBoots+1","All Out Attack+1","TH:TreasureMap+1","Tools of the Trade+1","Sadistic Nature+1","Noxious Fumes+1","CurseOfTheBell","TH:DeckOfManyThings"],"relics":["Ring of the Snake","Hammer of Thor","Seething Fire","Anvil of the Gods","NeowsBlessing","WarpedTongs","Snake Skull","The Specimen","hubris:CuriousFeather","Fusion Hammer","Kunai","Tingsha","hubris:NiceRug","Bag of Preparation","hubris:TenFootPole","OrangePellets","Choco_Feather","Calling Bell","Blood Vial","HornCleat","Ice Cream","hubris:Spice","hubris:Towel","hubris:SlimyHat","hubris:ToyBattleship","Mango"],"acts_visited":["Exordium","TheCity","TheBeyond","TheEnding"],"potions_floor_usage":[23,24,24,24,33,33,37,37,45,50,50,50,50],"damage_taken":[{"damage":0.0,"enemies":"2 Louse","floor":1.0,"turns":1.0},{"damage":0.0,"enemies":"Jaw Worm","floor":4.0,"turns":1.0},{"damage":0.0,"enemies":"3 Sentries","floor":6.0,"turns":1.0},{"damage":0.0,"enemies":"Cultist","floor":8.0,"turns":2.0},{"damage":0.0,"enemies":"Exordium Thugs","floor":10.0,"turns":3.0},{"damage":0.0,"enemies":"Gremlin Nob","floor":13.0,"turns":3.0},{"damage":7.0,"enemies":"Looter","floor":14.0,"turns":2.0},{"damage":21.0,"enemies":"The Guardian","floor":16.0,"turns":4.0},{"damage":7.0,"enemies":"3 Byrds","floor":18.0,"turns":3.0},{"damage":4,"enemies":"Chosen","floor":21,"turns":2},{"damage":4,"enemies":"HollowMod:Nosk","floor":23,"turns":3},{"damage":52,"enemies":"hubris:Merchant","floor":24,"turns":5},{"damage":0,"enemies":"Sentry and Sphere","floor":28,"turns":2},{"damage":21,"enemies":"Slavers","floor":31,"turns":2},{"damage":9,"enemies":"Automaton","floor":33,"turns":4},{"damage":0,"enemies":"Orb Walker","floor":35,"turns":2},{"damage":0,"enemies":"Mind Bloom Boss Battle","floor":37,"turns":3},{"damage":0,"enemies":"3 Darklings","floor":38,"turns":2},{"damage":0,"enemies":"Nemesis","floor":40,"turns":3},{"damage":0,"enemies":"4 Shapes","floor":44,"turns":2},{"damage":0,"enemies":"Giant Head","floor":45,"turns":4},{"damage":0,"enemies":"Transient","floor":47,"turns":5},{"damage":10,"enemies":"4 Shapes","floor":48,"turns":3},{"damage":0,"enemies":"hubris:GrandSnecko","floor":50,"turns":4},{"damage":0,"enemies":"Shield and Spear","floor":54,"turns":3},{"damage":81,"enemies":"The Heart","floor":55,"turns":7}],"seed_played":"-5330081164067203798","potions_obtained":[{"floor":1.0,"key":"SteroidPotion"},{"floor":8.0,"key":"GhostInAJar"},{"floor":18,"key":"SkillPotion"},{"floor":24,"key":"Fruit Juice"},{"floor":24,"key":"Strength Potion"},{"floor":24,"key":"Weak Potion"},{"floor":31,"key":"Ancient Potion"},{"floor":35,"key":"Swift Potion"},{"floor":41,"key":"FairyPotion"},{"floor":41,"key":"EntropicBrew"},{"floor":41,"key":"champ:CounterPotion"},{"floor":48,"key":"LiquidBronze"}],"is_trial":false,"path_per_floor":["M","?","?","M","$","E","R","M","T","M","$","R","E","M","R","B",null,"M","$","?","M","?","E","$","R","T","R","M","R","?","E","R","B",null,"M","?","?","M","?","E","?","R","T","M","E","R","M","M","R","B",null,"R","$","E","B",null],"character_chosen":"THE_SILENT","items_purchased":["Kunai"],"campfire_rested":10,"item_purchase_floors":[19],"current_hp_per_floor":[70,70,70,70,70,70,70,70,70,70,70,70,70,63,70,49,70,63,63,63,59,59,55,8,30,30,52,52,74,74,53,75,66,75,75,75,83,83,83,91,91,91,91,91,91,91,91,81,91,91,91,91,91,105,24],"gold":758,"neow_bonus":"THREE_ENEMY_KILL","is_daily":false,"chose_seed":false,"campfire_upgraded":0,"win_rate":0.0,"timestamp":1613345424,"path_taken":["M","?","?","M","$","E","R","M","T","?","$","R","E","M","R","BOSS","M","$","?","M","?","E","$","R","T","R","?","R","?","E","R","BOSS","M","?","?","M","?","E","?","R","T","M","E","R","?","M","R","BOSS","R","$","E","BOSS"],"items_purchased_type":["Relic"],"build_version":"2020-12-22","purchased_purges":1,"victory":true,"max_hp_per_floor":[70,70,70,70,70,70,70,70,70,70,70,70,70,70,70,70,70,70,70,70,70,70,70,75,75,75,75,75,75,75,75,75,75,75,75,75,83,83,83,91,91,91,91,91,91,91,91,91,91,91,91,91,91,105,105],"card_choices":[{"not_picked":["Noxious Fumes","Poisoned Stab"],"picked":"Underhanded Strike","floor":1.0},{"not_picked":["Reflex","Tactician"],"picked":"Choke","floor":4.0},{"not_picked":["TH:EnergyPotion"],"picked":"TH:ElvenBoots","floor":6.0},{"not_picked":["Catalyst","Poisoned Stab"],"picked":"All Out Attack","floor":6.0},{"not_picked":["Flying Knee","All Out Attack","hubris:Sniper"],"picked":"SKIP","floor":8.0},{"not_picked":["TH:CursedSword","TH:Mimic"],"picked":"SKIP","floor":9.0},{"not_picked":["hubris:SlightOfHand","Poisoned Stab","Die Die Die"],"picked":"SKIP","floor":10.0},{"not_picked":["TH:BikiniMail"],"picked":"TH:TreasureMap","floor":13.0},{"not_picked":["Expertise","Endless Agony","PiercingWail"],"picked":"SKIP","floor":13.0},{"not_picked":["Deflect","Quick Slash","Caltrops"],"picked":"SKIP","floor":14.0},{"not_picked":["Venomology","Envenom"],"picked":"Tools of the Trade","floor":16.0},{"not_picked":["Slice","Dagger Throw","Distraction"],"picked":"SKIP","floor":18},{"not_picked":["Underhanded Strike","hubris:Counter","Catalyst"],"picked":"SKIP","floor":21},{"not_picked":["TH:TreasureMap","TH:CursedSword"],"picked":"SKIP","floor":23},{"not_picked":["Catalyst","Dash","Venomology"],"picked":"SKIP","floor":23},{"not_picked":[],"picked":"Blade Dance","floor":24},{"not_picked":[],"picked":"Sadistic Nature","floor":24},{"not_picked":[],"picked":"Noxious Fumes","floor":24},{"not_picked":["Sucker Punch"],"picked":"SKIP","floor":24},{"not_picked":["Slice"],"picked":"SKIP","floor":24},{"not_picked":["Deadly Poison"],"picked":"SKIP","floor":24},{"not_picked":["Panacea"],"picked":"SKIP","floor":24},{"not_picked":["TH:CursedSword","TH:PixieDust"],"picked":"SKIP","floor":26},{"not_picked":["Backstab","Flying Knee","Choke"],"picked":"SKIP","floor":28},{"not_picked":["TH:CursedSword","TH:BikiniMail"],"picked":"SKIP","floor":31},{"not_picked":["Blur+1","hubris:SlightOfHand","Backflip+1"],"picked":"SKIP","floor":31},{"not_picked":["All Out Attack+1","Blade Dance+1","Flying Knee+1"],"picked":"SKIP","floor":35},{"not_picked":["Flying Knee","hubris:Counter","Bane"],"picked":"SKIP","floor":38},{"not_picked":["TH:ElvenBoots","TH:DeckOfManyThings"],"picked":"SKIP","floor":40},{"not_picked":["A Thousand Cuts","Infinite Blades+1","Blade Dance"],"picked":"SKIP","floor":40},{"not_picked":["TH:PixieDust","TH:ElvenBoots"],"picked":"SKIP","floor":43},{"not_picked":["Dodge and Roll+1","Tactician","hubris:TrickCloak"],"picked":"SKIP","floor":44},{"not_picked":["TH:CursedSword"],"picked":"TH:BikiniMail","floor":45},{"not_picked":["Glass Knife","Poisoned Stab","All Out Attack"],"picked":"SKIP","floor":45},{"not_picked":["Distraction","Crippling Poison+1","PiercingWail"],"picked":"SKIP","floor":47},{"not_picked":["Well Laid Plans","Blade Dance","Blur+1"],"picked":"SKIP","floor":48},{"not_picked":["TH:ElvenBoots"],"picked":"TH:DeckOfManyThings","floor":54},{"not_picked":["Leg Sweep","Infinite Blades+1","Outmaneuver"],"picked":"SKIP","floor":54}],"player_experience":65410,"relics_obtained":[{"floor":6.0,"key":"Snake Skull"},{"floor":9.0,"key":"The Specimen"},{"floor":13.0,"key":"hubris:CuriousFeather"},{"floor":23,"key":"Tingsha"},{"floor":24,"key":"Bag of Preparation"},{"floor":24,"key":"hubris:TenFootPole"},{"floor":24,"key":"OrangePellets"},{"floor":31,"key":"Choco_Feather"},{"floor":34,"key":"Blood Vial"},{"floor":34,"key":"HornCleat"},{"floor":34,"key":"Ice Cream"},{"floor":37,"key":"hubris:Spice"},{"floor":40,"key":"hubris:Spice"},{"floor":43,"key":"hubris:SlimyHat"},{"floor":45,"key":"hubris:ToyBattleship"},{"floor":54,"key":"Mango"}],"event_choices":[{"damage_healed":0.0,"max_hp_gain":0.0,"max_hp_loss":0.0,"gold_gain":59.0,"event_name":"Golden Wing","player_choice":"Gained Gold","floor":2.0,"gold_loss":0.0,"damage_taken":0.0},{"damage_healed":0.0,"max_hp_gain":0.0,"max_hp_loss":0.0,"gold_gain":0.0,"event_name":"Accursed Blacksmith","player_choice":"Rummage","floor":3.0,"gold_loss":0.0,"damage_taken":0.0,"relics_obtained":["WarpedTongs"],"cards_obtained":["Pain"]},{"damage_healed":0,"gold_gain":0,"player_choice":"Ignored","damage_taken":0,"max_hp_gain":0,"max_hp_loss":0,"event_name":"Duplicator","floor":20,"gold_loss":0},{"damage_healed":0,"gold_gain":0,"player_choice":"Ignored","damage_taken":0,"max_hp_gain":0,"max_hp_loss":0,"event_name":"betterNote:BetterNote","floor":22,"gold_loss":0,"cards_obtained":["Strike_R"]},{"cards_removed":["Blade Dance"],"damage_healed":0,"gold_gain":0,"player_choice":"Gave Gold","damage_taken":0,"max_hp_gain":0,"max_hp_loss":0,"event_name":"Beggar","floor":30,"gold_loss":75},{"damage_healed":0,"gold_gain":0,"player_choice":"Fight","damage_taken":0,"max_hp_gain":0,"max_hp_loss":0,"event_name":"MindBloom","floor":37,"gold_loss":0},{"damage_healed":0,"gold_gain":0,"player_choice":"Bought 3 Potions","damage_taken":0,"max_hp_gain":0,"max_hp_loss":0,"event_name":"The Woman in Blue","floor":41,"gold_loss":0}],"is_beta":false,"boss_relics":[{"not_picked":["Philosopher\u0027s Stone","Astrolabe"],"picked":"Fusion Hammer"},{"not_picked":["SlaversCollar","Silver_Glasses"],"picked":"Calling Bell"}],"items_purged_floors":[5],"is_endless":false,"potions_floor_spawned":[1,8,18,31,35,45,48,54],"ascension_level":0}}