{"host":"vxxgntm1odai56nh","time":1613270992,"event":{"mods":["AchievementEnabler","BaseMod","Colored Map","Colored Powertips","Highlight Path","Minty Spire (QoL Compilation)","Permanent Neow","Rare Cards Sparkle","Relic Stats","StSLib"],"gold_per_floor":[111,111,127,177,200,200,240,141,166,166,201,201,239,252,252,373,373,391,391,391,405,421,452,452,452,534,574,574,174,174,195,195,318,318,333,333,51,0,333,333,333,333,360,360,387,80,110,120,120,120],"floor_reached":51,"language":"ENG","playtime":1641,"items_purged":["Injury","Zap","Defend_B","Strike_B"],"score":1083,"play_id":"557367be-f352-453d-b122-843bbfc1aa5e","local_time":"20210213214952","is_ascension_mode":true,"campfire_choices":[{"data":"Hyperbeam","floor":6,"key":"SMITH"},{"data":"Beam Cell","floor":10,"key":"SMITH"},{"floor":15,"key":"REST"},{"data":"Reprogram","floor":24,"key":"SMITH"},{"data":"Ghostly","floor":28,"key":"SMITH"},{"data":"Ghostly","floor":30,"key":"SMITH"},{"data":"Ghostly","floor":32,"key":"SMITH"},{"data":"Ghostly","floor":40,"key":"SMITH"},{"data":"Fission","floor":42,"key":"SMITH"},{"data":"Conserve Battery","floor":44,"key":"SMITH"},{"data":"Rebound","floor":49,"key":"SMITH"}],"circlet_count":0,"master_deck":["Strike_B+1","Strike_B+1","Strike_B","Defend_B+1","Defend_B","Dualcast","Hyperbeam+1","Conserve Battery+1","Turbo","Beam Cell+1","Rebound+1","Reprogram+1","Scrape","Steam Power","Echo Form","Streamline","Ghostly+1","Ghostly+1","Ghostly+1","Ghostly+1","Ghostly+1","Genetic Algorithm+1","Fission+1","Double Energy+1","Double Energy"],"relics":["Cracked Core","Whetstone","Pen Nib","Akabeko","FossilizedHelix","Snecko Eye","Bottled Flame","HornCleat","Bottled Lightning","Orichalcum","Sling","Coffee Dripper","Bag of Marbles","Red Mask","Happy Flower","Incense Burner","Strange Spoon","Boot"],"acts_visited":["Exordium","TheCity","TheBeyond"],"potions_floor_usage":[7,22,50,50,50],"damage_taken":[{"damage":7,"enemies":"Jaw Worm","floor":1,"turns":3},{"damage":0,"enemies":"Small Slimes","floor":3,"turns":2},{"damage":3,"enemies":"2 Louse","floor":5,"turns":3},{"damage":16,"enemies":"Gremlin Nob","floor":7,"turns":3},{"damage":0,"enemies":"3 Sentries","floor":11,"turns":2},{"damage":16,"enemies":"Gremlin Nob","floor":13,"turns":3},{"damage":0,"enemies":"Large Slime","floor":14,"turns":2},{"damage":27,"enemies":"Hexaghost","floor":16,"turns":9},{"damage":0,"enemies":"2 Thieves","floor":18,"turns":2},{"damage":6,"enemies":"Chosen","floor":21,"turns":3},{"damage":0,"enemies":"3 Cultists","floor":22,"turns":1},{"damage":21,"enemies":"Book of Stabbing","floor":23,"turns":3},{"damage":0,"enemies":"Gremlin Leader","floor":27,"turns":5},{"damage":0,"enemies":"Snake Plant","floor":31,"turns":3},{"damage":26,"enemies":"Champ","floor":33,"turns":10},{"damage":0,"enemies":"3 Darklings","floor":35,"turns":5},{"damage":0,"enemies":"Nemesis","floor":45,"turns":5},{"damage":0,"enemies":"Reptomancer","floor":47,"turns":6},{"damage":0,"enemies":"3 Shapes","floor":48,"turns":1},{"damage":0,"enemies":"Donu and Deca","floor":50,"turns":12}],"seed_played":"4234008304408209071","potions_obtained":[{"floor":3,"key":"DuplicationPotion"},{"floor":5,"key":"EssenceOfSteel"},{"floor":14,"key":"SteroidPotion"},{"floor":18,"key":"SneckoOil"},{"floor":22,"key":"Strength Potion"},{"floor":33,"key":"EssenceOfSteel"}],"is_trial":false,"path_per_floor":["M","?","M","?","M","R","E","$","T","R","E","?","E","M","R","B",null,"M","?","?","M","M","E","R","?","T","E","R","$","R","M","R","B",null,"M","?","$","?","?","R","?","R","T","R","E","$","E","M","R","B",null],"character_chosen":"DEFECT","items_purchased":["Rebound","Orichalcum","Sling","Bag of Marbles","Strange Spoon"],"campfire_rested":1,"item_purchase_floors":[8,29,29,37,46],"current_hp_per_floor":[68,68,68,68,65,65,49,49,49,49,49,34,18,18,40,13,75,75,75,75,69,69,48,48,37,37,37,37,37,37,37,37,11,37,37,37,37,37,37,37,37,37,37,37,37,37,37,37,37,37],"gold":120,"neow_bonus":"ONE_RANDOM_RARE_CARD","is_daily":false,"chose_seed":false,"campfire_upgraded":10,"win_rate":0.0,"timestamp":1613270992,"path_taken":["M","?","M","?","M","R","E","$","T","R","E","?","E","M","R","BOSS","M","?","?","M","M","E","R","?","T","E","R","?","R","M","R","BOSS","M","?","$","?","?","R","?","R","T","R","E","$","E","M","R","BOSS"],"items_purchased_type":["Card","Relic","Relic","Relic","Relic"],"build_version":"2020-12-22","purchased_purges":4,"victory":true,"max_hp_per_floor":[75,75,75,75,75,75,75,75,75,75,75,75,75,75,75,75,75,75,75,75,75,75,75,75,37,37,37,37,37,37,37,37,37,37,37,37,37,37,37,37,37,37,37,37,37,37,37,37,37,37],"relic_stats":{"Strange Spoon":[15],"Happy Flower":[8],"counters":[20,83],"Snecko Eye":[107,115,111,98],"Pen Nib":[12],"Whetstone":["Strike_B","Strike_B"],"Orichalcum":[84],"Boot":[4],"obtain_stats":[{"Happy Flower":43,"Golden Idol":2,"Pen Nib":9,"Incense Burner":45,"Whetstone":7,"Orichalcum":29,"Sling":29,"Boot":47,"Akabeko":11,"Strange Spoon":46,"Bottled Flame":23,"HornCleat":26,"Snecko Eye":17,"Coffee Dripper":34,"Bag of Marbles":37,"Red Mask":38,"Bottled Lightning":27,"Cracked Core":0,"FossilizedHelix":13},{"Happy Flower":16,"Golden Idol":1,"Pen Nib":4,"Incense Burner":17,"Whetstone":4,"Orichalcum":13,"Sling":13,"Boot":18,"Akabeko":5,"Strange Spoon":17,"Bottled Flame":12,"HornCleat":12,"Snecko Eye":8,"Coffee Dripper":15,"Bag of Marbles":16,"Red Mask":16,"Bottled Lightning":13,"Cracked Core":0,"FossilizedHelix":6},{"Happy Flower":59,"Golden Idol":3,"Pen Nib":11,"Incense Burner":64,"Whetstone":11,"Orichalcum":41,"Sling":41,"Boot":70,"Akabeko":13,"Strange Spoon":64,"Bottled Flame":36,"HornCleat":36,"Snecko Eye":27,"Coffee Dripper":54,"Bag of Marbles":59,"Red Mask":59,"Bottled Lightning":41,"Cracked Core":0,"FossilizedHelix":16}]},"card_choices":[{"not_picked":["Steam","Capacitor"],"picked":"Conserve Battery","floor":1},{"not_picked":["Capacitor","Force Field"],"picked":"Turbo","floor":3},{"not_picked":["Reinforced Body","Steam"],"picked":"Beam Cell","floor":5},{"not_picked":["Ball Lightning","Stack"],"picked":"Gash","floor":7},{"not_picked":["Loop","Capacitor"],"picked":"Reprogram","floor":11},{"not_picked":["Fusion","Lockon"],"picked":"Scrape","floor":13},{"not_picked":["Skim","Ball Lightning"],"picked":"Steam Power","floor":14},{"not_picked":["Buffer","Multi-Cast"],"picked":"Echo Form","floor":16},{"not_picked":["Beam Cell+1","Leap","Aggregate"],"picked":"SKIP","floor":18},{"not_picked":["Capacitor","Steam","Steam Power+1"],"picked":"SKIP","floor":21},{"not_picked":["Go for the Eyes","Coolheaded","Conserve Battery"],"picked":"SKIP","floor":22},{"not_picked":["Turbo+1","Leap","Compile Driver"],"picked":"SKIP","floor":23},{"not_picked":["Hologram","Darkness+1"],"picked":"Genetic Algorithm+1","floor":27},{"not_picked":["Stack+1","Chill+1","Steam+1"],"picked":"SKIP","floor":31},{"not_picked":["Hyperbeam","All For One"],"picked":"Fission","floor":33},{"not_picked":["Rebound+1","Redo+1"],"picked":"Double Energy+1","floor":35},{"not_picked":["Rebound+1","Multi-Cast","Aggregate"],"picked":"SKIP","floor":45},{"not_picked":["Recycle","Defragment"],"picked":"Double Energy","floor":47},{"not_picked":["Steam+1","Doom and Gloom+1","Barrage"],"picked":"SKIP","floor":48}],"player_experience":139806,"relics_obtained":[{"floor":7,"key":"Whetstone"},{"floor":9,"key":"Pen Nib"},{"floor":11,"key":"Akabeko"},{"floor":13,"key":"FossilizedHelix"},{"floor":23,"key":"Bottled Flame"},{"floor":26,"key":"HornCleat"},{"floor":27,"key":"Bottled Lightning"},{"floor":43,"key":"Happy Flower"},{"floor":45,"key":"Incense Burner"},{"floor":47,"key":"Boot"}],"event_choices":[{"damage_healed":0,"gold_gain":0,"player_choice":"Take Wound","damage_taken":0,"relics_obtained":["Golden Idol"],"max_hp_gain":0,"max_hp_loss":0,"event_name":"Golden Idol","floor":2,"gold_loss":0,"cards_obtained":["Injury"]},{"damage_healed":0,"gold_gain":50,"player_choice":"Gained Gold","damage_taken":0,"max_hp_gain":0,"max_hp_loss":0,"event_name":"Golden Wing","floor":4,"gold_loss":0},{"damage_healed":0,"gold_gain":0,"player_choice":"Entered Light","damage_taken":15,"max_hp_gain":0,"max_hp_loss":0,"event_name":"Shining Light","floor":12,"gold_loss":0,"cards_upgraded":["Defend_B","Defend_B"]},{"damage_healed":0,"gold_gain":0,"player_choice":"Read","damage_taken":0,"max_hp_gain":0,"max_hp_loss":0,"event_name":"The Library","floor":19,"gold_loss":0,"cards_obtained":["Streamline"]},{"cards_removed":["Gash"],"damage_healed":0,"gold_gain":0,"player_choice":"Elegance","damage_taken":0,"max_hp_gain":0,"max_hp_loss":0,"event_name":"Back to Basics","floor":20,"gold_loss":0},{"damage_healed":0,"gold_gain":0,"player_choice":"Became a Ghost","damage_taken":0,"max_hp_gain":0,"max_hp_loss":38,"event_name":"Ghosts","floor":25,"gold_loss":0,"cards_obtained":["Ghostly","Ghostly","Ghostly","Ghostly","Ghostly"]},{"cards_removed":["Defend_B"],"damage_healed":0,"gold_gain":0,"player_choice":"Removed Skill","damage_taken":0,"max_hp_gain":0,"max_hp_loss":0,"event_name":"Falling","floor":36,"gold_loss":0},{"damage_healed":0,"gold_gain":0,"player_choice":"Paid","damage_taken":0,"relics_obtained":["Red Mask"],"max_hp_gain":0,"max_hp_loss":0,"event_name":"Tomb of Lord Red Mask","floor":38,"gold_loss":51},{"damage_healed":0,"gold_gain":333,"player_choice":"Gave Idol","damage_taken":0,"max_hp_gain":0,"max_hp_loss":0,"event_name":"The Moai Head","floor":39,"relics_lost":["Golden Idol"],"gold_loss":0},{"damage_healed":0,"gold_gain":0,"player_choice":"Upgraded","damage_taken":0,"max_hp_gain":0,"max_hp_loss":0,"event_name":"Upgrade Shrine","floor":41,"gold_loss":0,"cards_upgraded":["Ghostly"]}],"is_beta":false,"boss_relics":[{"not_picked":["Fusion Hammer","Pandora\u0027s Box"],"picked":"Snecko Eye"},{"not_picked":["Sozu","Velvet Choker"],"picked":"Coffee Dripper"}],"items_purged_floors":[8,29,37,46],"is_endless":false,"potions_floor_spawned":[3,5,14,18,22,23,33],"ascension_level":3}}