{"host":"0awa854l6bexpjrv","time":1613284692,"event":{"mods":["BaseMod","Block Reminder","Colored Map","Colored Powertips","Downfall","Highlight Path","Minty Spire (QoL Compilation)","Quick Restart","Rare Cards Sparkle","StSLib","SuperFastMode"],"gold_per_floor":[112,129,54,71,171,171,199,199,250,250,261,278,295,310,310,410,410,426,17,33,33,33,33,33,33,57,57,57,57,72,83,83,188,188,203,3,0,13,26,26,37,37,112,112,125,125,135,149,149,149,149],"floor_reached":50,"language":"ENG","playtime":5012,"items_purged":["Strike_G","Strike_G","Writhe"],"score":513,"play_id":"0a1b7948-5da5-48ae-8896-65a181c362ba","local_time":"20210213223812","is_ascension_mode":true,"campfire_choices":[{"data":"Neutralize","floor":6.0,"key":"SMITH"},{"data":"Well Laid Plans","floor":8.0,"key":"SMITH"},{"data":"All Out Attack","floor":10.0,"key":"SMITH"},{"floor":15.0,"key":"REST"},{"floor":23.0,"key":"REST"},{"data":"Leg Sweep","floor":27.0,"key":"SMITH"},{"data":"Burst","floor":29.0,"key":"SMITH"},{"floor":32.0,"key":"REST"},{"floor":40.0,"key":"REST"},{"floor":42,"key":"RECALL"},{"floor":49,"key":"REST"}],"circlet_count":0,"master_deck":["Strike_G+1","Strike_G+1","Strike_G+1","Defend_G+1","Defend_G+1","Defend_G+1","Defend_G+1","Defend_G+1","Survivor","Neutralize+1","Finisher","All Out Attack+1","Well Laid Plans+1","Riddle With Holes","Backflip","Accuracy","Terror","Poisoned Stab","Bullet Time","Blade Dance+1","Burst+1","Leg Sweep+1","Slimebound:CheckThePlaybook","Backstab+1","Choke","Venomology","Blade Dance+1","Accuracy","Underhanded Strike+1","Prepared+1","Cloak And Dagger","Cloak And Dagger+1","Blur+1"],"relics":["Ring of the Snake","Regal Pillow","Toy Ornithopter","Bronze Scales","HoveringKite","Strawberry","Nilry\u0027s Codex","Orichalcum","Pen Nib","Fusion Hammer","Red Mask","Toxic Egg 2"],"acts_visited":["Exordium","TheCity","TheBeyond"],"potions_floor_usage":[41,41,45,48,50,50,50],"damage_taken":[{"damage":1.0,"enemies":"Cultist","floor":1.0,"turns":4.0},{"damage":2.0,"enemies":"2 Louse","floor":2.0,"turns":3.0},{"damage":0.0,"enemies":"Small Slimes","floor":4.0,"turns":3.0},{"damage":8.0,"enemies":"Gremlin Nob","floor":7.0,"turns":3.0},{"damage":0.0,"enemies":"3 Louse","floor":11.0,"turns":1.0},{"damage":3.0,"enemies":"Looter","floor":12.0,"turns":4.0},{"damage":0.0,"enemies":"Large Slime","floor":13.0,"turns":7.0},{"damage":10.0,"enemies":"Exordium Wildlife","floor":14.0,"turns":4.0},{"damage":55.0,"enemies":"Slime Boss","floor":16.0,"turns":12.0},{"damage":15.0,"enemies":"Shell Parasite","floor":18.0,"turns":6.0},{"damage":23.0,"enemies":"Spheric Guardian","floor":20.0,"turns":4.0},{"damage":6.0,"enemies":"Shelled Parasite and Fungi","floor":30.0,"turns":4.0},{"damage":17.0,"enemies":"Snecko","floor":31.0,"turns":3.0},{"damage":37.0,"enemies":"Champ","floor":33.0,"turns":11.0},{"damage":11.0,"enemies":"3 Shapes","floor":35.0,"turns":5.0},{"damage":2.0,"enemies":"3 Darklings","floor":38.0,"turns":2.0},{"damage":0.0,"enemies":"Sphere and 2 Shapes","floor":39.0,"turns":2.0},{"damage":0,"enemies":"Maw","floor":41,"turns":5},{"damage":1,"enemies":"Writhing Mass","floor":45,"turns":2},{"damage":10,"enemies":"Jaw Worm Horde","floor":47,"turns":4},{"damage":14,"enemies":"Spire Growth","floor":48,"turns":3},{"damage":96,"enemies":"Awakened One","floor":50,"turns":6}],"seed_played":"554322834079008318","potions_obtained":[{"floor":1.0,"key":"LiquidMemories"},{"floor":4.0,"key":"Fire Potion"},{"floor":12.0,"key":"Block Potion"},{"floor":20.0,"key":"BlessingOfTheForge"},{"floor":31.0,"key":"Explosive Potion"},{"floor":33.0,"key":"sneckomod:MuddlingPotion"},{"floor":45,"key":"Dexterity Potion"},{"floor":47,"key":"FearPotion"}],"is_trial":false,"path_per_floor":["M","M","$","M","?","R","E","R","T","R","M","M","M","M","R","B",null,"M","$","M","?","?","R","$","?","T","R","?","R","M","M","R","B",null,"M","$","?","M","M","R","M","R","T","?","M","$","M","M","R","B"],"character_chosen":"THE_SILENT","items_purchased":["Strawberry","Burst","Accuracy"],"campfire_rested":5,"item_purchase_floors":[19,19,36],"current_hp_per_floor":[69,67,67,67,67,67,59,59,59,59,59,56,56,46,70,15,70,55,62,39,39,39,77,77,61,61,61,61,61,55,38,76,39,77,66,66,66,64,64,77,77,77,77,77,76,76,66,57,77,0,0],"gold":149,"neow_bonus":"RANDOM_COMMON_RELIC","is_daily":false,"chose_seed":false,"campfire_upgraded":5,"win_rate":0.0,"timestamp":1613284692,"path_taken":["M","M","$","?","?","R","E","R","T","R","M","M","?","M","R","BOSS","M","$","M","?","?","R","$","?","T","R","?","R","?","M","R","BOSS","M","$","?","M","M","R","M","R","T","?","M","$","?","M","R","BOSS"],"items_purchased_type":["Relic","Card","Card"],"build_version":"2020-12-22","purchased_purges":3,"victory":false,"max_hp_per_floor":[70,70,70,70,70,70,70,70,70,70,70,70,70,70,70,70,70,70,77,77,77,77,77,77,77,77,77,77,77,77,77,77,77,77,77,77,77,77,77,77,77,77,77,77,77,77,77,77,77,77,77],"card_choices":[{"not_picked":["Calculated Gamble","Slice"],"picked":"Finisher","floor":1.0},{"not_picked":["Setup","Poisoned Stab"],"picked":"All Out Attack","floor":2.0},{"not_picked":["Slice","Choke"],"picked":"Well Laid Plans","floor":4.0},{"not_picked":["Masterful Stab","Heel Hook"],"picked":"Riddle With Holes","floor":7.0},{"not_picked":["Concentrate","Predator"],"picked":"Backflip","floor":11.0},{"not_picked":["Prepared","Bane"],"picked":"Accuracy","floor":12.0},{"not_picked":["Adrenaline","Slice"],"picked":"Terror","floor":13.0},{"not_picked":["Deflect","Bane"],"picked":"Poisoned Stab","floor":14.0},{"not_picked":["Glass Knife","Unload"],"picked":"Bullet Time","floor":16.0},{"not_picked":["Backflip","Caltrops+1"],"picked":"Blade Dance+1","floor":18.0},{"not_picked":["Crippling Poison","Poisoned Stab"],"picked":"Leg Sweep","floor":20.0},{"not_picked":["Prepared","Accuracy"],"picked":"Backstab+1","floor":30.0},{"not_picked":["Acrobatics","Slice"],"picked":"Choke","floor":31.0},{"not_picked":["Die Die Die","Adrenaline"],"picked":"Venomology","floor":33.0},{"not_picked":["PiercingWail+1","Flying Knee+1"],"picked":"Blade Dance+1","floor":35.0},{"not_picked":["Eviscerate","Slice"],"picked":"Underhanded Strike+1","floor":38.0},{"not_picked":["Flying Knee+1","Predator+1"],"picked":"Prepared+1","floor":39.0},{"not_picked":["Terror+1","Caltrops"],"picked":"Cloak And Dagger","floor":41},{"not_picked":["Slice","Backstab"],"picked":"Cloak And Dagger+1","floor":45},{"not_picked":["Backflip+1","Distraction+1"],"picked":"Blur+1","floor":47},{"not_picked":["Flechettes+1","Heel Hook+1","Acrobatics+1"],"picked":"SKIP","floor":48}],"player_experience":770886,"relics_obtained":[{"floor":7.0,"key":"Toy Ornithopter"},{"floor":9.0,"key":"Bronze Scales"},{"floor":25.0,"key":"Nilry\u0027s Codex"},{"floor":26.0,"key":"Orichalcum"},{"floor":43,"key":"Toxic Egg 2"}],"event_choices":[{"damage_healed":0.0,"max_hp_gain":0.0,"max_hp_loss":0.0,"gold_gain":100.0,"event_name":"Wheel of Change","player_choice":"Gold","floor":5.0,"gold_loss":0.0,"damage_taken":0.0},{"damage_healed":0.0,"max_hp_gain":0.0,"max_hp_loss":0.0,"gold_gain":0.0,"event_name":"Back to Basics","player_choice":"Simplicity","floor":21.0,"gold_loss":0.0,"damage_taken":0.0,"cards_upgraded":["Strike_G","Strike_G","Strike_G","Defend_G","Defend_G","Defend_G","Defend_G","Defend_G"]},{"damage_healed":0.0,"max_hp_gain":0.0,"max_hp_loss":0.0,"gold_gain":0.0,"event_name":"Cursed Tome","player_choice":"Obtained Book","floor":25.0,"gold_loss":0.0,"damage_taken":16.0},{"damage_healed":0.0,"max_hp_gain":0.0,"max_hp_loss":0.0,"gold_gain":0.0,"event_name":"The Mausoleum","player_choice":"Opened","floor":28.0,"gold_loss":0.0,"damage_taken":0.0,"relics_obtained":["Pen Nib"],"cards_obtained":["Writhe"]},{"damage_healed":0.0,"max_hp_gain":0.0,"max_hp_loss":0.0,"gold_gain":0.0,"event_name":"Tomb of Lord Red Mask","player_choice":"Paid","floor":37.0,"gold_loss":3.0,"damage_taken":0.0,"relics_obtained":["Red Mask"]},{"cards_removed":["downfall:Icky"],"damage_healed":0,"gold_gain":0,"player_choice":"Purged","damage_taken":0,"max_hp_gain":0,"max_hp_loss":0,"event_name":"Purifier","floor":44,"gold_loss":0}],"is_beta":false,"boss_relics":[{"not_picked":["Black Star","Empty Cage"],"picked":"HoveringKite"},{"not_picked":["Tiny House","SlaversCollar"],"picked":"Fusion Hammer"}],"items_purged_floors":[3,19,36],"is_endless":false,"potions_floor_spawned":[1,4,12,20,31,33,39,45,47],"killed_by":"Awakened One","ascension_level":3}}