{"host":"ydg0vn0pu4pubmdt","time":1613284676,"event":{"mods":["AchievementEnabler","BaseMod","Colored Map","Gold Saver","Minty Spire (QoL Compilation)","Quick Restart","SuperFastMode"],"gold_per_floor":[13,13,28,48,65,65,83,103,103,28,44,64,81,109,109,187,187,199,209,224,52,52,52,52],"floor_reached":23,"language":"KOR","playtime":835,"items_purged":["Strike_G"],"score":448,"play_id":"30fae815-061e-49be-8a68-02116f45d2c1","local_time":"20210214153756","is_ascension_mode":true,"campfire_choices":[{"data":"Neutralize","floor":6.0,"key":"SMITH"},{"data":"Cloak And Dagger","floor":15.0,"key":"SMITH"}],"circlet_count":0,"master_deck":["AscendersBane","Strike_G","Strike_G","Defend_G","Defend_G","Defend_G","Defend_G","Survivor","Neutralize+1","Blur","Backstab","Dagger Spray","Cloak And Dagger+1","Blade Dance","Slice","PiercingWail","Envenom","Glass Knife+1","Bouncing Flask+1","Well Laid Plans+1","Choke","Escape Plan"],"relics":["Ring of the Snake","Turnip","PreservedInsect","Kunai","Shovel","Astrolabe","Akabeko"],"acts_visited":["Exordium","TheCity"],"potions_floor_usage":[23],"damage_taken":[{"damage":8.0,"enemies":"Small Slimes","floor":1.0,"turns":5.0},{"damage":4.0,"enemies":"Cultist","floor":3.0,"turns":4.0},{"damage":0.0,"enemies":"2 Louse","floor":4.0,"turns":3.0},{"damage":6.0,"enemies":"Looter","floor":5.0,"turns":5.0},{"damage":5.0,"enemies":"Blue Slaver","floor":7.0,"turns":5.0},{"damage":11.0,"enemies":"Gremlin Gang","floor":8.0,"turns":4.0},{"damage":1.0,"enemies":"Exordium Wildlife","floor":11.0,"turns":4.0},{"damage":1.0,"enemies":"Looter","floor":12.0,"turns":4.0},{"damage":0.0,"enemies":"Gremlin Gang","floor":13.0,"turns":3.0},{"damage":0.0,"enemies":"Lagavulin","floor":14.0,"turns":6.0},{"damage":22.0,"enemies":"Hexaghost","floor":16.0,"turns":11.0},{"damage":15.0,"enemies":"3 Byrds","floor":18.0,"turns":4.0},{"damage":2.0,"enemies":"Spheric Guardian","floor":19.0,"turns":4.0},{"damage":6.0,"enemies":"Snake Plant","floor":20.0,"turns":4.0},{"damage":33,"enemies":"Book of Stabbing","floor":23,"turns":4}],"seed_played":"-308888134576529197","potions_obtained":[{"floor":3.0,"key":"LiquidBronze"},{"floor":8.0,"key":"SneckoOil"},{"floor":11.0,"key":"SkillPotion"},{"floor":13.0,"key":"AttackPotion"},{"floor":16.0,"key":"PowerPotion"},{"floor":19.0,"key":"LiquidMemories"}],"is_trial":false,"path_per_floor":["M","?","M","M","M","R","M","M","T","$","M","M","M","E","R","B",null,"M","M","M","$","?","E"],"character_chosen":"THE_SILENT","items_purchased":["Akabeko"],"campfire_rested":0,"item_purchase_floors":[21],"current_hp_per_floor":[51,51,47,47,41,41,36,25,25,25,24,23,23,23,23,1,50,35,33,27,27,27,0,0],"gold":52,"neow_bonus":"ONE_RARE_RELIC","is_daily":false,"chose_seed":false,"campfire_upgraded":2,"win_rate":0.0,"timestamp":1613284676,"path_taken":["M","?","M","M","M","R","M","M","T","?","M","M","?","E","R","BOSS","M","M","M","$","?","E"],"items_purchased_type":["Relic"],"build_version":"2020-12-22","purchased_purges":1,"victory":false,"max_hp_per_floor":[66,66,66,66,66,66,66,66,66,66,66,66,66,66,66,66,66,66,66,66,66,66,66,66],"card_choices":[{"not_picked":["Backflip","Flying Knee"],"picked":"Blade Dance","floor":1.0},{"not_picked":["Outmaneuver","Slice"],"picked":"Blur","floor":3.0},{"not_picked":["Outmaneuver","Slice","Acrobatics"],"picked":"SKIP","floor":4.0},{"not_picked":["Outmaneuver","Slice","Acrobatics"],"picked":"SKIP","floor":4.0},{"not_picked":["Prepared","Dagger Throw"],"picked":"Backstab","floor":5.0},{"not_picked":["Bane","Outmaneuver"],"picked":"Dagger Spray","floor":7.0},{"not_picked":["Underhanded Strike","Flying Knee","Prepared"],"picked":"SKIP","floor":8.0},{"not_picked":["Heel Hook","Doppelganger"],"picked":"Cloak And Dagger","floor":11.0},{"not_picked":["Backstab","Blur"],"picked":"Blade Dance","floor":12.0},{"not_picked":["Prepared","Dagger Throw"],"picked":"Slice","floor":13.0},{"not_picked":["Grand Finale","Tactician"],"picked":"PiercingWail","floor":14.0},{"not_picked":["Tools of the Trade","Unload"],"picked":"Envenom","floor":16.0},{"not_picked":["Quick Slash","Noxious Fumes","Slice+1"],"picked":"SKIP","floor":18.0},{"not_picked":["Footwork+1","Reflex"],"picked":"Choke","floor":19.0},{"not_picked":["Sucker Punch","Choke"],"picked":"Escape Plan","floor":20.0}],"player_experience":549531,"relics_obtained":[{"floor":9.0,"key":"Kunai"},{"floor":14.0,"key":"Shovel"}],"event_choices":[{"cards_removed":["Blade Dance"],"damage_healed":0.0,"max_hp_gain":0.0,"max_hp_loss":0.0,"gold_gain":0.0,"event_name":"WeMeetAgain","player_choice":"Gave Card","floor":2.0,"gold_loss":0.0,"damage_taken":0.0,"relics_obtained":["PreservedInsect"]},{"damage_healed":0.0,"max_hp_gain":0.0,"max_hp_loss":0.0,"gold_gain":0.0,"event_name":"Vampires","player_choice":"Ignored","floor":22.0,"gold_loss":0.0,"damage_taken":0.0}],"is_beta":false,"boss_relics":[{"not_picked":["Empty Cage","Busted Crown"],"picked":"Astrolabe"}],"items_purged_floors":[10],"is_endless":false,"potions_floor_spawned":[3,8,11,13,16,19],"killed_by":"Book of Stabbing","ascension_level":20}}