{"host":"8ztb9kwpjc2zof9s","time":1613280166,"event":{"mods":["BaseMod","Block Reminder","Curses Come First","Minty Spire (QoL Compilation)","Relic Stats","StSLib"],"gold_per_floor":[211,97,107,121,86,100,133,149,149,149,149,167,242,257,257,355,355,369,369,185,201,201,201,76,76,76,88,111,141,153,165,165],"floor_reached":31,"language":"ENG","playtime":1330,"items_purged":["Strike_G","Strike_G"],"score":398,"play_id":"4bd4ab95-32ad-4f18-b59e-2a7eb8997c2e","local_time":"20210213212246","is_ascension_mode":true,"campfire_choices":[{"floor":11,"key":"REST"},{"floor":15,"key":"REST"},{"data":"Infinite Blades","floor":23,"key":"SMITH"}],"circlet_count":0,"master_deck":["AscendersBane","Strike_G","Strike_G","Strike_G","Defend_G","Defend_G","Defend_G","Defend_G","Defend_G","Survivor","Neutralize","Blade Dance","Well Laid Plans","Noxious Fumes","Blur","Infinite Blades+1","Caltrops","Accuracy","Backflip","Caltrops+1","Footwork","Backflip"],"relics":["Ring of the Snake","Bronze Scales","StrikeDummy","Eternal Feather","Sozu","MutagenicStrength","MawBank","Juzu Bracelet"],"acts_visited":["Exordium","TheCity"],"potions_floor_usage":[6,7,12,12,18,25],"damage_taken":[{"damage":16,"enemies":"Jaw Worm","floor":1,"turns":10},{"damage":0,"enemies":"2 Louse","floor":3,"turns":4},{"damage":4,"enemies":"Small Slimes","floor":4,"turns":4},{"damage":10,"enemies":"2 Fungi Beasts","floor":6,"turns":4},{"damage":13,"enemies":"3 Sentries","floor":7,"turns":9},{"damage":16,"enemies":"Exordium Wildlife","floor":8,"turns":5},{"damage":12,"enemies":"3 Louse","floor":12,"turns":4},{"damage":7,"enemies":"Red Slaver","floor":14,"turns":4},{"damage":10,"enemies":"Hexaghost","floor":16,"turns":10},{"damage":14,"enemies":"Shell Parasite","floor":18,"turns":7},{"damage":13,"enemies":"Chosen","floor":21,"turns":6},{"damage":25,"enemies":"Gremlin Leader","floor":25,"turns":3},{"damage":9,"enemies":"Shelled Parasite and Fungi","floor":28,"turns":5},{"damage":4,"enemies":"Chosen and Byrds","floor":29,"turns":8},{"damage":14,"enemies":"Snecko","floor":31,"turns":3}],"seed_played":"-2829527193959955182","potions_obtained":[{"floor":3,"key":"SpeedPotion"},{"floor":6,"key":"SkillPotion"},{"floor":8,"key":"EntropicBrew"},{"floor":14,"key":"Block Potion"}],"is_trial":false,"path_per_floor":["M","$","M","M","?","M","E","M","T","?","R","M","?","M","R","B",null,"M","?","$","M","?","R","$","E","T","?","M","M","T","M"],"character_chosen":"THE_SILENT","items_purchased":["Well Laid Plans","Accuracy","Backflip","Footwork","Backflip"],"campfire_rested":2,"item_purchase_floors":[2,20,20,24,24],"current_hp_per_floor":[47,47,47,43,60,50,37,21,21,9,39,27,16,9,39,29,60,46,46,46,33,33,45,45,20,20,20,11,7,7,0,0],"gold":165,"neow_bonus":"HUNDRED_GOLD","is_daily":false,"chose_seed":false,"campfire_upgraded":1,"win_rate":0.0,"timestamp":1613280166,"path_taken":["M","$","M","M","?","M","E","M","T","?","R","?","?","M","R","BOSS","M","?","$","M","?","R","?","E","T","?","?","?","?","M"],"items_purchased_type":["Card","Card","Card","Card","Card"],"build_version":"2020-12-22","purchased_purges":2,"victory":false,"max_hp_per_floor":[70,70,70,70,70,70,70,70,70,70,70,70,70,70,70,70,70,70,70,70,70,70,70,70,70,70,70,70,70,70,70,70],"relic_stats":{"Sozu":2,"counters":[15,86],"Bronze Scales":[201],"Eternal Feather":30,"Juzu Bracelet":0,"MawBank":60,"obtain_stats":[{"Sozu":17,"Bronze Scales":7,"MutagenicStrength":19,"Eternal Feather":10,"Juzu Bracelet":30,"StrikeDummy":9,"MawBank":26,"Ring of the Snake":0},{"Sozu":9,"Bronze Scales":5,"MutagenicStrength":10,"Eternal Feather":6,"Juzu Bracelet":14,"StrikeDummy":6,"MawBank":12,"Ring of the Snake":0},{"Sozu":54,"Bronze Scales":31,"MutagenicStrength":61,"Eternal Feather":36,"Juzu Bracelet":83,"StrikeDummy":36,"MawBank":70,"Ring of the Snake":0}],"Ring of the Snake":[30]},"card_choices":[{"not_picked":["Flying Knee","Deadly Poison"],"picked":"Blade Dance","floor":1},{"not_picked":["Sucker Punch","Blade Dance"],"picked":"Noxious Fumes","floor":3},{"not_picked":["Acrobatics","Deflect"],"picked":"Blur","floor":4},{"not_picked":["Quick Slash","Underhanded Strike","Poisoned Stab"],"picked":"SKIP","floor":6},{"not_picked":["Predator","All Out Attack"],"picked":"Infinite Blades","floor":7},{"not_picked":["Backstab","Underhanded Strike","Poisoned Stab"],"picked":"SKIP","floor":8},{"not_picked":["Sucker Punch","Night Terror"],"picked":"Caltrops","floor":12},{"not_picked":["Distraction","Dagger Throw","Endless Agony"],"picked":"SKIP","floor":14},{"not_picked":["Slice","Deflect","Setup"],"picked":"SKIP","floor":18},{"not_picked":["Outmaneuver+1","Acrobatics"],"picked":"Caltrops+1","floor":21},{"not_picked":["Underhanded Strike+1","Dagger Throw","Acrobatics+1"],"picked":"SKIP","floor":28},{"not_picked":["Slice+1","Deadly Poison","Concentrate"],"picked":"SKIP","floor":29}],"player_experience":330042,"relics_obtained":[{"floor":7,"key":"Bronze Scales"},{"floor":9,"key":"StrikeDummy"},{"floor":26,"key":"MawBank"},{"floor":30,"key":"Juzu Bracelet"}],"event_choices":[{"damage_healed":17,"gold_gain":0,"player_choice":"Healed","damage_taken":0,"max_hp_gain":0,"max_hp_loss":0,"event_name":"The Cleric","floor":5,"gold_loss":35},{"damage_healed":0,"gold_gain":0,"player_choice":"Success","damage_taken":12,"relics_obtained":["Eternal Feather"],"max_hp_gain":0,"max_hp_loss":0,"event_name":"Scrap Ooze","floor":10,"gold_loss":0},{"damage_healed":0,"gold_gain":75,"player_choice":"Gather Gold","damage_taken":11,"max_hp_gain":0,"max_hp_loss":0,"event_name":"World of Goop","floor":13,"gold_loss":0},{"damage_healed":0,"gold_gain":0,"player_choice":"Inject Mutagens","damage_taken":0,"relics_obtained":["MutagenicStrength"],"max_hp_gain":0,"max_hp_loss":0,"event_name":"Drug Dealer","floor":19,"gold_loss":0},{"damage_healed":0,"gold_gain":0,"player_choice":"Ignored","damage_taken":0,"max_hp_gain":0,"max_hp_loss":0,"event_name":"Ghosts","floor":22,"gold_loss":0},{"damage_healed":0,"gold_gain":0,"player_choice":"Leave","damage_taken":0,"max_hp_gain":0,"max_hp_loss":0,"event_name":"FaceTrader","floor":27,"gold_loss":0}],"is_beta":false,"boss_relics":[{"not_picked":["Pandora\u0027s Box","Runic Dome"],"picked":"Sozu"}],"items_purged_floors":[2,20],"is_endless":false,"potions_floor_spawned":[3,6,8,14,16,21,28],"killed_by":"Snecko","ascension_level":11}}