{"host":"da5jwkvfqi33a5kb","time":1613336600,"event":{"mods":["AchievementEnabler","BaseMod","Colored Powertips","Infinite Spire","Minty Spire (QoL Compilation)","StSLib","The Wild Card","Waifu the Spire"],"gold_per_floor":[117,136,147,147,164,189,205,205,229,242,242,253,280,309,321,333,333],"floor_reached":16,"language":"ENG","playtime":1354,"items_purged":[],"score":133,"play_id":"8edd2017-cb9f-435c-b668-6665380bfec9","local_time":"20210214150320","is_ascension_mode":true,"campfire_choices":[{"floor":8,"key":"REST"},{"floor":15,"key":"REST"}],"circlet_count":0,"master_deck":["Strike_G","Strike_G","Strike_G","Strike_G","Strike_G","Defend_G","Defend_G","Defend_G","Defend_G+1","Defend_G","Survivor","Neutralize+1","Cloak And Dagger","Cloak And Dagger","Infinite Blades+1","Pain","Die Die Die","Underhanded Strike","Prepared","Outmaneuver","PiercingWail","Backstab","Footwork"],"relics":["Ring of the Snake","WarpedTongs","infinitespire:CursedDice","MawBank"],"acts_visited":["Exordium"],"potions_floor_usage":[6,13,14,16],"damage_taken":[{"damage":0,"enemies":"Small Slimes","floor":1,"turns":5},{"damage":0,"enemies":"Cultist","floor":2,"turns":3},{"damage":3,"enemies":"Jaw Worm","floor":3,"turns":5},{"damage":21,"enemies":"3 Louse","floor":5,"turns":4},{"damage":22,"enemies":"Gremlin Nob","floor":6,"turns":5},{"damage":13,"enemies":"Looter","floor":7,"turns":3},{"damage":6,"enemies":"Exordium Thugs","floor":10,"turns":3},{"damage":9,"enemies":"Exordium Wildlife","floor":12,"turns":5},{"damage":19,"enemies":"3 Sentries","floor":13,"turns":10},{"damage":6,"enemies":"3 Louse","floor":14,"turns":4},{"damage":40,"enemies":"Slime Boss","floor":16,"turns":12}],"seed_played":"2482600645926960905","potions_obtained":[{"floor":2,"key":"Regen Potion"},{"floor":6,"key":"Swift Potion"},{"floor":7,"key":"Dexterity Potion"},{"floor":10,"key":"SpeedPotion"}],"is_trial":false,"path_per_floor":["M","M","M","?","M","E","M","R","T","M","?","M","E","M","R","B"],"character_chosen":"THE_SILENT","items_purchased":[],"campfire_rested":2,"item_purchase_floors":[],"current_hp_per_floor":[70,70,67,67,46,38,25,46,46,40,26,17,25,19,40,0,0],"gold":333,"neow_bonus":"UPGRADE_CARD","is_daily":false,"chose_seed":false,"campfire_upgraded":0,"win_rate":0.0,"timestamp":1613336600,"path_taken":["M","M","M","?","?","E","M","R","T","M","?","M","E","M","R","BOSS"],"items_purchased_type":[],"build_version":"2020-12-22","purchased_purges":0,"victory":false,"max_hp_per_floor":[70,70,70,70,70,70,70,70,70,70,70,70,70,70,70,70,70],"card_choices":[{"not_picked":["Deflect","Reflex"],"picked":"Cloak And Dagger","floor":1},{"not_picked":["PiercingWail","Skewer"],"picked":"Cloak And Dagger","floor":2},{"not_picked":["Quick Slash","Dagger Throw"],"picked":"Infinite Blades","floor":3},{"not_picked":["Blur","Underhanded Strike"],"picked":"Die Die Die","floor":5},{"not_picked":["Deadly Poison","Cloak And Dagger"],"picked":"Underhanded Strike","floor":6},{"not_picked":["Slice","Dodge and Roll"],"picked":"Prepared","floor":7},{"not_picked":["Quick Slash","Dash"],"picked":"Outmaneuver","floor":10},{"not_picked":["Flying Knee","Acrobatics"],"picked":"PiercingWail","floor":12},{"not_picked":["Eviscerate","Quick Slash"],"picked":"Backstab","floor":13},{"not_picked":["Grand Finale","Sucker Punch"],"picked":"Footwork","floor":14}],"player_experience":246299,"relics_obtained":[{"floor":6,"key":"infinitespire:CursedDice"},{"floor":13,"key":"MawBank"}],"event_choices":[{"damage_healed":0,"gold_gain":0,"player_choice":"Rummage","damage_taken":0,"relics_obtained":["WarpedTongs"],"max_hp_gain":0,"max_hp_loss":0,"event_name":"Accursed Blacksmith","floor":4,"gold_loss":0,"cards_obtained":["Pain"]},{"damage_healed":0,"gold_gain":0,"player_choice":"Entered Light","damage_taken":14,"max_hp_gain":0,"max_hp_loss":0,"event_name":"Shining Light","floor":11,"gold_loss":0,"cards_upgraded":["Defend_G","Infinite Blades"]}],"is_beta":false,"boss_relics":[],"items_purged_floors":[],"is_endless":false,"potions_floor_spawned":[2,6,7,10],"killed_by":"Slime Boss","ascension_level":3}}