{"host":"AppleFritter","time":1613337096,"event":{"mods":["BaseMod","Block Reminder","Colored Map","Colored Powertips","Curses Come First","Highlight Path","Minty Spire (QoL Compilation)","Permanent Neow","Potion Indicator Mod","Quick Restart","Relic Stats","StSLib","ojb\u0027s Info Mod"],"gold_per_floor":[111,111,131,92,110,110,135,149,149,149,166,179,179,28,28,124,124,134,151,70,90,37,37,67,267,267,267,285,304,304,319,319,319,319],"floor_reached":33,"language":"ENG","playtime":10953,"items_purged":[],"score":269,"play_id":"d68a8073-0b55-476f-b6e1-c587647d91f6","local_time":"20210214161136","is_ascension_mode":false,"campfire_choices":[{"data":"Aggregate","floor":6.0,"key":"SMITH"},{"floor":10.0,"key":"REST"},{"floor":15.0,"key":"REST"},{"floor":23,"key":"REST"},{"floor":27,"key":"REST"},{"floor":32,"key":"REST"}],"circlet_count":0,"master_deck":["Strike_B","Strike_B","Defend_B","Defend_B","Defend_B","Defend_B","Zap","Dualcast","Ball Lightning","Aggregate+1","Static Discharge","Loop","Barrage","Lockon","Rainbow","Compile Driver","Biased Cognition","Redo","Self Repair+1","Lockon","Capacitor","Sweeping Beam","Chill+1","Redo","Melter","Gash","Coolheaded","Lockon"],"relics":["Cracked Core","GremlinMask","Pantograph","FossilizedHelix","Strawberry","Philosopher\u0027s Stone","Calipers","Darkstone Periapt"],"acts_visited":["Exordium","TheCity"],"potions_floor_usage":[33],"damage_taken":[{"damage":2.0,"enemies":"2 Louse","floor":1.0,"turns":2.0},{"damage":1.0,"enemies":"Cultist","floor":3.0,"turns":3.0},{"damage":10.0,"enemies":"Small Slimes","floor":5.0,"turns":2.0},{"damage":42.0,"enemies":"3 Sentries","floor":7.0,"turns":7.0},{"damage":12.0,"enemies":"Exordium Thugs","floor":8.0,"turns":4.0},{"damage":2.0,"enemies":"3 Louse","floor":11.0,"turns":3.0},{"damage":8.0,"enemies":"2 Fungi Beasts","floor":12.0,"turns":4.0},{"damage":47.0,"enemies":"Hexaghost","floor":16.0,"turns":6.0},{"damage":23,"enemies":"Shell Parasite","floor":18,"turns":4},{"damage":6,"enemies":"Chosen","floor":19,"turns":4},{"damage":35,"enemies":"Centurion and Healer","floor":21,"turns":6},{"damage":52,"enemies":"Book of Stabbing","floor":24,"turns":4},{"damage":18,"enemies":"Chosen and Byrds","floor":28,"turns":5},{"damage":0,"enemies":"Snecko","floor":29,"turns":4},{"damage":16,"enemies":"Snake Plant","floor":31,"turns":3},{"damage":97,"enemies":"Collector","floor":33,"turns":10}],"seed_played":"5621709091608691253","potions_obtained":[{"floor":5.0,"key":"Ancient Potion"},{"floor":8.0,"key":"PowerPotion"},{"floor":11.0,"key":"PotionOfCapacity"},{"floor":16.0,"key":"DistilledChaos"},{"floor":19,"key":"SpeedPotion"},{"floor":21,"key":"DuplicationPotion"},{"floor":28,"key":"SteroidPotion"}],"is_trial":false,"path_per_floor":["M","?","M","$","M","R","E","M","T","R","M","M","?","$","R","B",null,"M","M","$","M","$","R","E","?","T","R","M","M","?","M","R","B"],"character_chosen":"DEFECT","items_purchased":["Static Discharge","Strawberry","Lockon","Sweeping Beam"],"campfire_rested":5,"item_purchase_floors":[4,14,20,22],"current_hp_per_floor":[80,80,79,79,69,69,27,15,15,39,37,29,29,36,62,40,89,66,60,60,35,35,61,19,19,19,45,37,47,47,41,67,0,0],"gold":319,"neow_bonus":"TEN_PERCENT_HP_BONUS","is_daily":false,"chose_seed":false,"campfire_upgraded":1,"win_rate":0.0,"timestamp":1613337096,"path_taken":["M","?","M","$","M","R","E","?","T","R","M","M","?","?","R","BOSS","M","M","$","M","$","R","E","?","T","R","M","?","?","M","R","BOSS"],"items_purchased_type":["Card","Relic","Card","Card"],"build_version":"2020-12-18","purchased_purges":0,"victory":false,"max_hp_per_floor":[82,82,82,82,82,82,82,82,82,82,82,82,82,89,89,89,89,89,89,89,89,89,89,89,89,89,89,89,89,89,89,89,89,89],"relic_stats":{"Darkstone Periapt":0,"counters":[16,70],"Pantograph":47,"obtain_stats":[{"Darkstone Periapt":26,"Calipers":24,"Pantograph":7,"Strawberry":14,"GremlinMask":2,"Philosopher\u0027s Stone":17,"Cracked Core":0,"FossilizedHelix":9},{"Darkstone Periapt":12,"Calipers":12,"Pantograph":4,"Strawberry":7,"GremlinMask":1,"Philosopher\u0027s Stone":8,"Cracked Core":0,"FossilizedHelix":5},{"Darkstone Periapt":49,"Calipers":49,"Pantograph":14,"Strawberry":25,"GremlinMask":2,"Philosopher\u0027s Stone":31,"Cracked Core":0,"FossilizedHelix":18}]},"card_choices":[{"not_picked":["Gash","Skim"],"picked":"Ball Lightning","floor":1.0},{"not_picked":["Consume","Gash"],"picked":"Aggregate","floor":3.0},{"not_picked":["Hologram","Steam"],"picked":"Loop","floor":5.0},{"not_picked":["Go for the Eyes","FTL"],"picked":"Barrage","floor":7.0},{"not_picked":["Sweeping Beam","Loop"],"picked":"Lockon","floor":8.0},{"not_picked":["White Noise","Stack"],"picked":"Rainbow","floor":11.0},{"not_picked":["BootSequence","Loop"],"picked":"Compile Driver","floor":12.0},{"not_picked":["Creative AI","Fission"],"picked":"Biased Cognition","floor":16.0},{"not_picked":["Coolheaded","Heatsinks"],"picked":"Redo","floor":18},{"not_picked":["Ball Lightning","Tempest+1"],"picked":"Self Repair+1","floor":19},{"not_picked":["Barrage","Coolheaded"],"picked":"Capacitor","floor":21},{"not_picked":["Loop","Compile Driver"],"picked":"Chill+1","floor":24},{"not_picked":["Cold Snap","Rip and Tear"],"picked":"Redo","floor":28},{"not_picked":["Creative AI","Chill"],"picked":"Melter","floor":29},{"not_picked":["Steam","Blizzard"],"picked":"Lockon","floor":31}],"player_experience":62817,"relics_obtained":[{"floor":7.0,"key":"Pantograph"},{"floor":9.0,"key":"FossilizedHelix"},{"floor":24,"key":"Calipers"},{"floor":26,"key":"Darkstone Periapt"}],"event_choices":[{"damage_healed":0.0,"max_hp_gain":0.0,"max_hp_loss":0.0,"gold_gain":0.0,"event_name":"FaceTrader","player_choice":"Trade","floor":2.0,"gold_loss":0.0,"damage_taken":0.0,"relics_obtained":["GremlinMask"]},{"damage_healed":0.0,"max_hp_gain":0.0,"max_hp_loss":0.0,"gold_gain":0.0,"event_name":"Golden Wing","player_choice":"Ignored","floor":13.0,"gold_loss":0.0,"damage_taken":0.0},{"damage_healed":0,"gold_gain":250,"player_choice":"Bet on Owner","damage_taken":0,"max_hp_gain":0,"max_hp_loss":0,"event_name":"The Joust","floor":25,"gold_loss":50},{"damage_healed":0,"gold_gain":0,"cards_transformed":["Strike_B","Strike_B"],"player_choice":"Became Test Subject","damage_taken":0,"max_hp_gain":0,"max_hp_loss":0,"event_name":"Drug Dealer","floor":30,"gold_loss":0,"cards_obtained":["Gash","Coolheaded"]}],"is_beta":true,"boss_relics":[{"not_picked":["Cursed Key","Ectoplasm"],"picked":"Philosopher\u0027s Stone"}],"items_purged_floors":[],"is_endless":false,"potions_floor_spawned":[5,8,11,16,19,21,28],"killed_by":"Collector","ascension_level":0}}