{"host":"coxx14wiryochsh8","time":1613329404,"event":{"mods":["2.2 Compatiblity","Act Like it!","Bartender","BaseMod","Better Third Choice","BetterRewards","Colored Map","DeckTracker","Downfall","Emptier Cage","Energized Spire","Gensokyo","Hermit","Hubris","Minty Spire (QoL Compilation)","Replay The Spire","StSLib","SuperFastMode","The Blackbeard","The Runesmith","The Servant 0.9.4"],"gold_per_floor":[112,112,37,56,56,56,81,81,155,155,170,183,133,162,162,162,162],"floor_reached":16,"language":"ENG","playtime":630,"items_purged":["Pain"],"score":98,"play_id":"417342cd-5615-4f54-9fa5-15877e17dddc","local_time":"20210214140324","is_ascension_mode":false,"campfire_choices":[{"data":"hubris:EnhanceAbility","floor":6,"key":"SMITH"},{"data":"hermit:Covet","floor":8,"key":"SMITH"},{"data":"hermit:Combo","floor":15,"key":"SMITH"}],"circlet_count":0,"master_deck":["hermit:Strike_Hermit","hermit:Strike_Hermit","hermit:Strike_Hermit","hermit:Defend_Hermit","hermit:Defend_Hermit","hermit:Defend_Hermit","hermit:Defend_Hermit","hermit:Snapshot","hermit:Covet+1","hubris:EnhanceAbility+1","hermit:Virtue","hermit:Feint","Looming Evil","hermit:Combo+1","hermit:Spite","hermit:DeadMansHand"],"relics":["hermit:Momento","WarpedTongs","ReplayTheSpireMod:Ring of Challenge","Ring of Fangs","Pen Nib","Matryoshka","hubris:DisguiseKit","Protect_Vest"],"acts_visited":["Exordium"],"potions_floor_usage":[12,14,16],"damage_taken":[{"damage":1,"enemies":"Jaw Worm","floor":1,"turns":4},{"damage":1,"enemies":"Cultist","floor":4,"turns":3},{"damage":1,"enemies":"2 Louse","floor":11,"turns":3},{"damage":0,"enemies":"Looter","floor":12,"turns":4},{"damage":23,"enemies":"Lagavulin","floor":14,"turns":5},{"damage":31,"enemies":"The Guardian","floor":16,"turns":7}],"seed_played":"-7860528360422316561","potions_obtained":[{"floor":4,"key":"Swift Potion"},{"floor":11,"key":"Dexterity Potion"},{"floor":12,"key":"DuplicationPotion"}],"is_trial":false,"path_per_floor":["M","?","$","M","?","R","T","R","T","?","M","M","?","E","R","B"],"character_chosen":"HERMIT","items_purchased":[],"campfire_rested":0,"item_purchase_floors":[],"current_hp_per_floor":[53,53,53,52,52,52,52,52,52,52,51,51,51,28,28,0,0],"gold":162,"neow_bonus":"RANDOM_COLORLESS_2","is_daily":false,"chose_seed":false,"campfire_upgraded":3,"win_rate":0.0,"timestamp":1613329404,"path_taken":["M","?","?","M","?","R","?","R","T","?","M","?","?","E","R","BOSS"],"items_purchased_type":[],"build_version":"2020-12-22","purchased_purges":1,"victory":false,"max_hp_per_floor":[75,75,75,75,75,75,75,75,75,75,75,75,75,75,75,75,75],"card_choices":[{"not_picked":["Sadistic Nature","Panache"],"picked":"hubris:EnhanceAbility","floor":0},{"not_picked":["hermit:Enervate","hermit:Ricochet"],"picked":"hermit:Virtue","floor":1},{"not_picked":["hermit:Spite","hermit:FlashPowder"],"picked":"hermit:Feint","floor":4},{"not_picked":["hermit:WideOpen","hermit:Ricochet","champ:Circumvent"],"picked":"hermit:Combo","floor":11},{"not_picked":["hermit:Manifest","hermit:Vantage","champ:FaceSlap"],"picked":"hermit:Spite","floor":12},{"not_picked":["hermit:Quickdraw","hermit:GoldenBullet","champ:Backstep"],"picked":"hermit:DeadMansHand","floor":14}],"player_experience":699522,"relics_obtained":[{"floor":5,"key":"ReplayTheSpireMod:Ring of Challenge"},{"floor":5,"key":"Ring of Fangs"},{"floor":7,"key":"Pen Nib"},{"floor":9,"key":"Matryoshka"},{"floor":14,"key":"Protect_Vest"}],"event_choices":[{"damage_healed":0,"gold_gain":0,"player_choice":"Rummage","damage_taken":0,"relics_obtained":["WarpedTongs"],"max_hp_gain":0,"max_hp_loss":0,"event_name":"Accursed Blacksmith","floor":2,"gold_loss":0,"cards_obtained":["Pain"]},{"cards_removed":["hermit:Strike_Hermit"],"damage_healed":0,"gold_gain":0,"player_choice":"Card Removal","damage_taken":0,"max_hp_gain":0,"max_hp_loss":0,"event_name":"The Cleric","floor":13,"gold_loss":50}],"is_beta":false,"boss_relics":[],"items_purged_floors":[3],"is_endless":false,"potions_floor_spawned":[4,11,12],"killed_by":"The Guardian","ascension_level":0}}