{"host":"jngeqill3bw7azzz","time":1613276352,"event":{"mods":["BaseMod","Highlight Path","Minty Spire (QoL Compilation)","Permanent Neow","Relic Stats"],"gold_per_floor":[210,175,194,469,12,12,57,86,113,147,188,266,295,357,357,382,382],"floor_reached":16,"language":"ENG","playtime":873,"items_purged":["Regret"],"score":240,"play_id":"0b4f8c1f-d25b-4b23-ba40-7f82450581bf","local_time":"20210213231912","is_ascension_mode":true,"campfire_choices":[{"data":"HandOfGreed","floor":6,"key":"SMITH"},{"data":"Armaments","floor":15,"key":"SMITH"}],"circlet_count":0,"master_deck":["AscendersBane","Strike_R","Strike_R","Strike_R","Strike_R","Strike_R","Defend_R","Defend_R","Defend_R","Defend_R","Bash","Armaments+1","Perfected Strike","HandOfGreed+1","Power Through","Anger","Pommel Strike","Power Through","Battle Trance"],"relics":["Burning Blood","Medical Kit","Strawberry","Bag of Preparation","Potion Belt","Molten Egg 2","Paper Frog"],"acts_visited":["Exordium"],"potions_floor_usage":[8,10,11],"damage_taken":[{"damage":10,"enemies":"Small Slimes","floor":1,"turns":3},{"damage":9,"enemies":"Jaw Worm","floor":3,"turns":4},{"damage":1,"enemies":"Cultist","floor":7,"turns":3},{"damage":16,"enemies":"Lagavulin","floor":8,"turns":7},{"damage":26,"enemies":"3 Sentries","floor":10,"turns":9},{"damage":0,"enemies":"Exordium Thugs","floor":11,"turns":3},{"damage":20,"enemies":"Lagavulin","floor":13,"turns":8},{"damage":0,"enemies":"2 Fungi Beasts","floor":14,"turns":5},{"damage":50,"enemies":"Slime Boss","floor":16,"turns":6}],"seed_played":"-7811727106877310960","potions_obtained":[{"floor":3,"key":"Dexterity Potion"},{"floor":7,"key":"Dexterity Potion"},{"floor":10,"key":"Explosive Potion"}],"is_trial":false,"path_per_floor":["M","?","M","?","$","R","M","E","T","E","M","T","E","M","R","B"],"character_chosen":"IRONCLAD","items_purchased":["HandOfGreed","Medical Kit"],"campfire_rested":0,"item_purchase_floors":[5,5],"current_hp_per_floor":[64,75,72,72,72,72,75,72,72,52,58,58,44,50,50,0,0],"gold":382,"neow_bonus":"HUNDRED_GOLD","is_daily":false,"chose_seed":false,"campfire_upgraded":2,"win_rate":0.0,"timestamp":1613276352,"path_taken":["M","?","M","?","$","R","M","E","T","E","?","?","E","M","R","BOSS"],"items_purchased_type":["Card","Relic"],"build_version":"2020-12-22","purchased_purges":1,"victory":false,"max_hp_per_floor":[75,75,75,75,75,75,75,82,82,82,82,82,82,82,82,82,82],"relic_stats":{"counters":[9,48],"Bag of Preparation":[10],"Medical Kit":[18],"obtain_stats":[{"Potion Belt":10,"Strawberry":8,"Molten Egg 2":12,"Bag of Preparation":9,"Medical Kit":5,"Burning Blood":0,"Paper Frog":13},{"Potion Belt":5,"Strawberry":4,"Molten Egg 2":6,"Bag of Preparation":4,"Medical Kit":2,"Burning Blood":0,"Paper Frog":7},{"Potion Belt":26,"Strawberry":17,"Molten Egg 2":29,"Bag of Preparation":17,"Medical Kit":7,"Burning Blood":0,"Paper Frog":37}],"Burning Blood":46},"card_choices":[{"not_picked":["Havoc","Spot Weakness"],"picked":"Armaments","floor":1},{"not_picked":["Warcry","Clothesline"],"picked":"Perfected Strike","floor":3},{"not_picked":["Thunderclap","Perfected Strike"],"picked":"Power Through","floor":7},{"not_picked":["Shockwave","Infernal Blade"],"picked":"Anger","floor":8},{"not_picked":["Heavy Blade","Limit Break"],"picked":"Pommel Strike","floor":10},{"not_picked":["Clash","Burning Pact"],"picked":"Power Through","floor":11},{"not_picked":["Armaments","Thunderclap+1"],"picked":"Battle Trance","floor":13},{"not_picked":["Anger+1","Sentinel","Flex"],"picked":"SKIP","floor":14}],"player_experience":2639605,"relics_obtained":[{"floor":8,"key":"Strawberry"},{"floor":9,"key":"Bag of Preparation"},{"floor":10,"key":"Potion Belt"},{"floor":12,"key":"Molten Egg 2"},{"floor":13,"key":"Paper Frog"}],"event_choices":[{"damage_healed":18,"gold_gain":0,"player_choice":"Healed","damage_taken":0,"max_hp_gain":0,"max_hp_loss":0,"event_name":"The Cleric","floor":2,"gold_loss":35},{"damage_healed":0,"gold_gain":275,"player_choice":"Desecrate","damage_taken":0,"max_hp_gain":0,"max_hp_loss":0,"event_name":"Golden Shrine","floor":4,"gold_loss":0,"cards_obtained":["Regret"]}],"is_beta":false,"boss_relics":[],"items_purged_floors":[5],"is_endless":false,"potions_floor_spawned":[3,7,10],"killed_by":"Slime Boss","ascension_level":20}}