{"host":"c3lc60y5x60jlt1y","time":1613331637,"event":{"mods":["AchievementEnabler","BaseMod","Bestiary","Colored Map","Minty Spire (QoL Compilation)","Quick Restart","StSLib","ojb\u0027s Info Mod"],"gold_per_floor":[116,191,191,204,219,219,253,253,253,272,272,306,306,231,231,231,231],"floor_reached":16,"language":"ENG","playtime":567,"items_purged":[],"score":216,"play_id":"da664c2c-9fb2-4d4a-8876-8abd79b31313","local_time":"20210214214037","is_ascension_mode":true,"campfire_choices":[{"data":"Streamline","floor":6.0,"key":"SMITH"},{"floor":8.0,"key":"REST"},{"data":"Zap","floor":11.0,"key":"SMITH"},{"data":"Dualcast","floor":15.0,"key":"SMITH"}],"circlet_count":0,"master_deck":["AscendersBane","Strike_B","Strike_B","Strike_B","Defend_B","Defend_B","Defend_B","Defend_B","Zap+1","Dualcast+1","Undo","Streamline+1","Tempest","Core Surge","BootSequence","Genetic Algorithm"],"relics":["Cracked Core","NeowsBlessing","Du-Vu Doll","Frozen Egg 2","Pear","Potion Belt"],"acts_visited":["Exordium"],"potions_floor_usage":[16,16],"damage_taken":[{"damage":0.0,"enemies":"2 Louse","floor":1.0,"turns":1.0},{"damage":0.0,"enemies":"Small Slimes","floor":4.0,"turns":1.0},{"damage":0.0,"enemies":"Cultist","floor":5.0,"turns":1.0},{"damage":35.0,"enemies":"3 Sentries","floor":7.0,"turns":8.0},{"damage":0.0,"enemies":"Large Slime","floor":10.0,"turns":4.0},{"damage":22.0,"enemies":"Lagavulin","floor":12.0,"turns":6.0},{"damage":30,"enemies":"Hexaghost","floor":16,"turns":11}],"seed_played":"-1606301183057849747","potions_obtained":[{"floor":1.0,"key":"SteroidPotion"},{"floor":4.0,"key":"FearPotion"},{"floor":10.0,"key":"Dexterity Potion"},{"floor":12.0,"key":"SneckoOil"}],"is_trial":false,"path_per_floor":["M","?","?","M","M","R","E","R","T","M","R","E","?","?","R","B"],"character_chosen":"DEFECT","items_purchased":[],"campfire_rested":1,"item_purchase_floors":[],"current_hp_per_floor":[64,53,53,53,53,53,18,39,49,49,49,27,27,27,27,0,0],"gold":231,"neow_bonus":"THREE_ENEMY_KILL","is_daily":false,"chose_seed":false,"campfire_upgraded":3,"win_rate":0.0,"timestamp":1613331637,"path_taken":["M","?","?","M","?","R","E","R","T","M","R","E","?","?","R","BOSS"],"items_purchased_type":[],"build_version":"2020-12-22","purchased_purges":0,"victory":false,"max_hp_per_floor":[71,71,71,71,71,71,71,71,81,81,81,81,81,81,81,81,81],"card_choices":[{"not_picked":["Aggregate","Defragment"],"picked":"Undo","floor":1.0},{"not_picked":["Stack","Darkness"],"picked":"Streamline","floor":4.0},{"not_picked":["Leap","Ball Lightning"],"picked":"Tempest","floor":5.0},{"not_picked":["Scrape","Redo"],"picked":"Core Surge","floor":7.0},{"not_picked":["Chaos","Loop+1"],"picked":"BootSequence","floor":10.0},{"not_picked":["Reinforced Body","Heatsinks+1"],"picked":"Genetic Algorithm","floor":12.0}],"player_experience":9310739,"relics_obtained":[{"floor":7.0,"key":"Frozen Egg 2"},{"floor":9.0,"key":"Pear"},{"floor":12.0,"key":"Potion Belt"}],"event_choices":[{"damage_healed":0.0,"max_hp_gain":0.0,"max_hp_loss":0.0,"gold_gain":75.0,"event_name":"World of Goop","player_choice":"Gather Gold","floor":2.0,"gold_loss":0.0,"damage_taken":11.0},{"damage_healed":0.0,"max_hp_gain":0.0,"max_hp_loss":0.0,"gold_gain":0.0,"event_name":"WeMeetAgain","player_choice":"Gave Potion","floor":3.0,"gold_loss":0.0,"damage_taken":0.0,"relics_obtained":["Du-Vu Doll"]},{"damage_healed":0.0,"max_hp_gain":0.0,"max_hp_loss":0.0,"gold_gain":0.0,"event_name":"Liars Game","player_choice":"Ignored","floor":13.0,"gold_loss":0.0,"damage_taken":0.0},{"cards_removed":["Strike_B"],"damage_healed":0.0,"max_hp_gain":0.0,"max_hp_loss":0.0,"gold_gain":0.0,"event_name":"The Cleric","player_choice":"Card Removal","floor":14.0,"gold_loss":75.0,"damage_taken":0.0}],"is_beta":false,"boss_relics":[],"items_purged_floors":[],"is_endless":false,"potions_floor_spawned":[1,4,10,12],"killed_by":"Hexaghost","ascension_level":20}}