{"host":"lheqn2stdak53gn8","time":1613299135,"event":{"mods":["BaseMod","BetterRewards","Colored Map","Colored Powertips","Custom Start","Infinite Spire","Minty Spire (QoL Compilation)","Quick Restart","Replay The Spire","StSLib"],"gold_per_floor":[109,109,109,126,69,100,100,100,100,8329,8366,8432,8471,8471,8471,8608,8608,8677,8677,8720,8773,7790,7849,7849,7939,7965,8029,8098,8154,8154,8190,8190,8368,8377,8377],"floor_reached":34,"language":"ENG","playtime":2339,"items_purged":["Strike_R","Strike_R","Defend_R","Defend_R"],"score":1522,"play_id":"de9b6d74-48e9-421c-8e2e-d899b484d5e1","local_time":"20210214043855","is_ascension_mode":true,"campfire_choices":[{"data":"Armaments","floor":7,"key":"SMITH"},{"data":"Defend_R","floor":15,"key":"PURGE"},{"data":"Barricade","floor":24,"key":"SMITH"},{"data":"1","floor":32,"key":"LIFT"}],"circlet_count":0,"master_deck":["AscendersBane","Strike_R","Strike_R","Defend_R","Bash","Run Through","Metallicize","Inflame","Armaments+1","Uppercut+1","Shrug It Off","Shrug It Off","Deep Breath","Pommel Strike","Cleave","Shrug It Off+1","Barricade+1","Doubt","m_Survivalism","Offering+1","Finesse","ReplayTheSpireMod:Black Plague","Entrench","Shrug It Off+1","Shrug It Off+1","Panacea+1","Metallicize","infinitespire:FutureSight","infinitespire:SevenWalls","infinitespire:UltimateForm","ReplayTheSpireMod:Echoes of Time","Reaper+1","AbeCurse"],"relics":["Golden Egg","Snecko Eye","Replay:Baseball","Runic Capacitor","Ring of Panic","Eternal Feather","Durian","Mummified Hand","ChewingGum","infinitespire:BlackEgg","Anchor","Replay:Bandana","infinitespire:Chaos","Letter Opener","Mercury Hourglass","CeramicFish","Paper Frog","War Paint","Regal Pillow","Girya","Replay:Bronze Core","Abe\u0027s Treasure"],"acts_visited":["Exordium","TheCity","TheBeyond"],"potions_floor_usage":[12,19],"damage_taken":[{"damage":6,"enemies":"Jaw Worm","floor":1,"turns":4},{"damage":0,"enemies":"2 Louse","floor":4,"turns":3},{"damage":16,"enemies":"3 Sentries","floor":6,"turns":13},{"damage":0,"enemies":"Small Slimes","floor":11,"turns":4},{"damage":12,"enemies":"Replay:BlueRogue","floor":12,"turns":9},{"damage":0,"enemies":"Looter","floor":13,"turns":3},{"damage":9,"enemies":"The Guardian","floor":16,"turns":13},{"damage":6,"enemies":"Spheric Guardian","floor":18,"turns":10},{"damage":18,"enemies":"Shell Parasite","floor":20,"turns":8},{"damage":6,"enemies":"Cultist and Chosen","floor":21,"turns":5},{"damage":0,"enemies":"Replay:Snechameleon","floor":23,"turns":4},{"damage":0,"enemies":"Slavers","floor":25,"turns":8},{"damage":2,"enemies":"Book of Stabbing","floor":27,"turns":4},{"damage":0,"enemies":"Centurion and Healer","floor":28,"turns":5},{"damage":2,"enemies":"Replay:Snechameleon","floor":29,"turns":3},{"damage":0,"enemies":"Champ","floor":33,"turns":9}],"seed_played":"400140810709466017","potions_obtained":[{"floor":1,"key":"ColorlessPotion"},{"floor":11,"key":"PowerPotion"},{"floor":13,"key":"Milkshake"},{"floor":19,"key":"Fruit Juice"},{"floor":19,"key":"DuplicationPotion"},{"floor":20,"key":"PowerPotion"}],"is_trial":false,"path_per_floor":["M","?","?","M","$","E","R","?","T","$","M","E","M","?","R_BF","B",null,"M","?","M","M","$","E","R","E","T","E","M","E","?","AVR","R","B",null],"character_chosen":"IRONCLAD","items_purchased":["Anchor","Toy Ornithopter","Chemical X","Run Through","Metallicize","Mummified Hand","ReplayTheSpireMod:CursedCoin","Inflame","Armaments","Uppercut+1","Shrug It Off","Deep Breath","Replay:Bandana","MealTicket","Regen Potion","Pommel Strike","infinitespire:Chaos","Letter Opener","Mercury Hourglass","Shrug It Off","Panacea"],"campfire_rested":0,"item_purchase_floors":[0,0,0,0,0,0,0,0,0,0,5,10,10,10,10,10,22,22,22,22,22],"current_hp_per_floor":[68,33,38,44,44,34,34,34,34,34,43,72,80,80,80,80,80,80,85,76,79,90,90,90,90,90,88,88,86,86,86,90,90,90,90],"gold":8377,"neow_bonus":"","is_daily":false,"chose_seed":false,"campfire_upgraded":2,"win_rate":0.0,"timestamp":1613299135,"path_taken":["M","?","?","M","$","E","R","?","T","$","M","E","M","?","R_BF","BOSS","M","?","?","M","?","E","R","E","T","E","M","E","?","AVR","R","BOSS"],"items_purchased_type":["Relic","Relic","Relic","Card","Card","Relic","Relic","Card","Card","Card","Card","Card","Relic","Relic","Potion","Card","Relic","Relic","Relic","Card","Card"],"build_version":"2020-12-22","purchased_purges":4,"victory":false,"max_hp_per_floor":[75,75,80,80,80,80,80,80,80,80,80,80,80,80,80,80,80,80,85,85,85,90,90,90,90,90,90,90,90,90,90,90,90,90,90],"card_choices":[{"not_picked":["Headbutt","Ghostly Armor"],"picked":"Shrug It Off","floor":1},{"not_picked":["Wild Strike","Sword Boomerang","Armaments"],"picked":"SKIP","floor":4},{"not_picked":["Cleave","Heavy Blade","Flex"],"picked":"SKIP","floor":6},{"not_picked":["ReplayTheSpireMod:Limb From Limb","Infernal Blade","Heavy Blade"],"picked":"SKIP","floor":11},{"not_picked":["Intimidate","Dual Wield"],"picked":"Cleave","floor":12},{"not_picked":["Body Slam","Clash"],"picked":"Shrug It Off","floor":13},{"not_picked":["Offering","Limit Break"],"picked":"Barricade","floor":16},{"not_picked":["Survivor","Bash"],"picked":"m_Survivalism","floor":17},{"not_picked":["Corruption","Impervious"],"picked":"Offering","floor":17},{"not_picked":["Forethought","ReplayTheSpireMod:Trickstab"],"picked":"Finesse","floor":17},{"not_picked":["infinitespire:SealOfDarkness+","infinitespire:Menacing"],"picked":"ReplayTheSpireMod:Black Plague","floor":17},{"not_picked":["Shockwave","Wild Strike","Reckless Charge+1"],"picked":"SKIP","floor":18},{"not_picked":["Cleave","Run Through"],"picked":"Entrench","floor":20},{"not_picked":["Second Wind","Anger","Barricade"],"picked":"SKIP","floor":21},{"not_picked":["True Grit","Feed"],"picked":"Metallicize","floor":23},{"not_picked":["Headbutt","Havoc","Replay:Undeath\u0027s Touch"],"picked":"SKIP","floor":25},{"not_picked":["Headbutt","Havoc","Replay:Undeath\u0027s Touch"],"picked":"SKIP","floor":25},{"not_picked":["Clash","Anger+1","ReplayTheSpireMod:Strike From Hell"],"picked":"SKIP","floor":27},{"not_picked":["Battle Trance","Pommel Strike","Evolve"],"picked":"SKIP","floor":28},{"not_picked":["Twin Strike","Flex","infinitespire:OneForAll"],"picked":"SKIP","floor":29},{"not_picked":["Berserk","Replay:Many Hands"],"picked":"Reaper","floor":33}],"player_experience":2255643,"relics_obtained":[{"floor":6,"key":"Pet Ghost"},{"floor":9,"key":"Magic Flower"},{"floor":12,"key":"Replay:Baseball"},{"floor":23,"key":"CeramicFish"},{"floor":25,"key":"Paper Frog"},{"floor":27,"key":"War Paint"},{"floor":29,"key":"Regal Pillow"}],"event_choices":[{"damage_healed":0,"gold_gain":0,"player_choice":"Fled","damage_taken":35,"max_hp_gain":0,"max_hp_loss":0,"event_name":"Scrap Ooze","floor":2,"gold_loss":0},{"damage_healed":0,"gold_gain":0,"player_choice":"Donut","damage_taken":0,"max_hp_gain":5,"max_hp_loss":0,"event_name":"Big Fish","floor":3,"gold_loss":0},{"cards_removed":["Shame"],"damage_healed":0,"gold_gain":0,"player_choice":"Forget","damage_taken":0,"max_hp_gain":0,"max_hp_loss":0,"event_name":"Living Wall","floor":14,"gold_loss":0},{"damage_healed":0,"gold_gain":0,"player_choice":"Got Potions","damage_taken":0,"max_hp_gain":0,"max_hp_loss":0,"event_name":"Lab","floor":19,"gold_loss":0},{"damage_healed":0,"gold_gain":0,"player_choice":"Ignored","damage_taken":0,"max_hp_gain":0,"max_hp_loss":0,"event_name":"N\u0027loth","floor":30,"gold_loss":0}],"is_beta":false,"boss_relics":[{"not_picked":["infinitespire:Cupcake","Black Star"],"picked":"ReplayTheSpireMod:SealedPack"},{"not_picked":["Honey Jar","Kintsugi"],"picked":"Abe\u0027s Treasure"}],"items_purged_floors":[0,10,22,31],"is_endless":false,"potions_floor_spawned":[1,11,13,18,20,28,29,33],"ascension_level":20}}