{"host":"vrsxkkch9ccrec7k","time":1613331122,"event":{"mods":["Act Like it!","BaseMod","Bestiary","Better Altar","Better Match","Better Note","Better Sensory Stone","Better Skull","Better Third Choice","Better Vampires","Downfall","Minty Spire (QoL Compilation)","Permanent Neow","Relic Stats","Spicy Shops","StSLib"],"gold_per_floor":[99,109,127,127,141,141,167,167,192,192,192,253,253,30,47,146,146,146,162,177,177,192,192,192,223,61,77,96,96,127,124,152,259,271,283,0,10,22,22,22,22,22,48,148,165,195,95,125,137,137],"floor_reached":51,"language":"ENG","playtime":4908,"items_purged":["sneckomod:Strike","sneckomod:Strike+1"],"score":1087,"play_id":"9f17294d-b8ee-49d9-a47d-c161249b72fd","local_time":"20210214143202","is_ascension_mode":true,"campfire_choices":[{"data":"sneckomod:TailWhip","floor":1,"key":"SMITH"},{"data":"sneckomod:SnekBite","floor":8,"key":"SMITH"},{"data":"Malaise","floor":23,"key":"SMITH"},{"data":"downfall:Bewildered","floor":35,"key":"PURGE"},{"data":"expansioncontent:YouAreMine","floor":40,"key":"SMITH"},{"floor":47,"key":"REST"}],"circlet_count":0,"master_deck":["sneckomod:Defend+1","sneckomod:Defend+1","sneckomod:Defend+1","sneckomod:TailWhip+1","sneckomod:SnekBite+1","sneckomod:Unknown+1","sneckomod:QuickBite","sneckomod:QuickMove","sneckomod:Nope","Well Laid Plans","expansioncontent:YouAreMine+1","sneckomod:PureSnecko","sneckomod:UnknownRarePower","Malaise+1","sneckomod:UnknownColorless+1","sneckomod:DangerNoodle","sneckomod:UnknownDexterity+1","sneckomod:UnknownRarePower","sneckomod:UnknownX+1","sneckomod:UnknownCommonSkill+1","sneckomod:QuickMove+1","sneckomod:DangerNoodle","sneckomod:UnknownStrength+1","sneckomod:UnknownDexterity+1","sneckomod:SoulRoll+1","sneckomod:MasterEye","sneckomod:QuickBite","sneckomod:Nope+1","sneckomod:UnknownClassRED+1","sneckomod:UnknownDexterity+1","sneckomod:QuickMove+1","sneckomod:SoulRoll+1","sneckomod:TrashToTreasure+1"],"relics":["sneckomod:SneckoSoul","Art of War","MealTicket","Peace Pipe","Snecko Eye","Toxic Egg 2","Boot","Oddly Smooth Stone","sneckomod:BabySnecko","MawBank","Black Star","Incense Burner","Medical Kit","bronze:DecasWashers","Omamori","sneckomod:SneckoCommon","downfall:GremlinWheel","Thread and Needle","War Paint","Mango","downfall:HeartBlessingGreen","Molten Egg 2","Strawberry"],"acts_visited":["Exordium","TheCity","TheBeyond"],"potions_floor_usage":[9,9,12,27,30,33,43,46],"damage_taken":[{"damage":0,"enemies":"Cultist","floor":2,"turns":4},{"damage":2,"enemies":"Jaw Worm","floor":3,"turns":5},{"damage":6,"enemies":"2 Louse","floor":5,"turns":2},{"damage":11,"enemies":"3 Sentries","floor":9,"turns":8},{"damage":40,"enemies":"Gremlin Nob","floor":12,"turns":5},{"damage":6,"enemies":"downfall:FleeingMerchant","floor":14,"turns":4},{"damage":0,"enemies":"2 Fungi Beasts","floor":15,"turns":2},{"damage":2,"enemies":"SI_SHIV_ARCHETYPE","floor":16,"turns":12},{"damage":0,"enemies":"Spheric Guardian","floor":19,"turns":3},{"damage":3,"enemies":"Shell Parasite","floor":20,"turns":4},{"damage":1,"enemies":"3 Cultists","floor":22,"turns":3},{"damage":11,"enemies":"Book of Stabbing","floor":25,"turns":6},{"damage":0,"enemies":"downfall:FleeingMerchant","floor":26,"turns":4},{"damage":0,"enemies":"Centurion and Healer","floor":27,"turns":6},{"damage":0,"enemies":"Cultist and Chosen","floor":28,"turns":4},{"damage":23,"enemies":"Gremlin Leader","floor":30,"turns":8},{"damage":0,"enemies":"downfall:FleeingMerchant","floor":31,"turns":4},{"damage":2,"enemies":"3 Cultists","floor":32,"turns":5},{"damage":0,"enemies":"IC_MUSHROOM_ARCHETYPE","floor":33,"turns":12},{"damage":4,"enemies":"downfall:FleeingMerchant","floor":36,"turns":3},{"damage":30,"enemies":"3 Darklings","floor":37,"turns":4},{"damage":11,"enemies":"Orb Walker","floor":38,"turns":3},{"damage":7,"enemies":"Giant Head","floor":43,"turns":6},{"damage":1,"enemies":"Giant Head","floor":44,"turns":4},{"damage":4,"enemies":"Writhing Mass","floor":45,"turns":8},{"damage":13,"enemies":"Reptomancer","floor":46,"turns":6},{"damage":0,"enemies":"Giant Head","floor":48,"turns":8},{"damage":0,"enemies":"3 Darklings","floor":49,"turns":6},{"damage":23,"enemies":"DF_ARCHETYPE_ORBS","floor":50,"turns":10}],"seed_played":"2305287283861342782","potions_obtained":[{"floor":0,"key":"Dexterity Potion"},{"floor":0,"key":"EssenceOfSteel"},{"floor":0,"key":"Slimebound:ThreeZeroPotion"},{"floor":9,"key":"SteroidPotion"},{"floor":15,"key":"sneckomod:DiceRollPotion"},{"floor":20,"key":"Dexterity Potion"},{"floor":25,"key":"DistilledChaos"},{"floor":27,"key":"sneckomod:CheatPotion"},{"floor":30,"key":"Energy Potion"},{"floor":37,"key":"Regen Potion"},{"floor":43,"key":"DistilledChaos"}],"is_trial":false,"path_per_floor":["R","M","M","?","M","?","T","R","E","?","R","?","?","$","M","B",null,"R","M","M","?","M","R","T","E","$","M","M","?","E","$","M","B",null,"R","$","M","M","?","R","T","?","E","?","M","E","R","E","M","B",null],"character_chosen":"THE_SNECKO","items_purchased":["expansioncontent:YouAreMine","Block Potion","Oddly Smooth Stone","sneckomod:UnknownDexterity+1","sneckomod:SoulRoll+1","sneckomod:MasterEye","Incense Burner","Medical Kit","sneckomod:QuickBite"],"campfire_rested":1,"item_purchase_floors":[14,14,26,36,36,36,36,36,36],"current_hp_per_floor":[81,81,79,79,73,73,73,73,62,62,62,22,22,31,31,29,75,75,75,72,72,71,71,71,60,75,75,75,75,58,73,71,71,85,85,86,56,45,45,45,45,45,53,52,48,35,80,87,87,64],"gold":137,"neow_bonus":"THREE_SMALL_POTIONS","is_daily":false,"chose_seed":false,"campfire_upgraded":4,"win_rate":0.0,"timestamp":1613331122,"path_taken":["R","M","M","?","M","?","T","R","E","?","R","?","?","?","M","BOSS","R","M","M","?","M","R","T","E","$","M","?","?","E","?","M","BOSS","R","$","M","M","?","R","T","?","E","?","?","E","R","E","M","BOSS"],"items_purchased_type":["Card","Potion","Relic","Card","Card","Card","Relic","Relic","Card"],"build_version":"2020-12-22","purchased_purges":2,"victory":true,"max_hp_per_floor":[90,90,90,90,90,90,90,90,90,90,90,90,90,90,90,90,90,90,90,90,90,90,90,90,90,90,90,90,90,90,90,90,90,90,90,90,90,90,90,90,90,90,90,90,90,90,104,111,111,111],"relic_stats":{"Peace Pipe":1,"counters":[29,159],"Snecko Eye":[178,197,202,188],"MealTicket":50,"Art of War":[19],"Black Star":3,"War Paint":["sneckomod:Defend","sneckomod:Defend"],"Boot":[11],"MawBank":72,"Medical Kit":[8],"obtain_stats":[{"sneckomod:SneckoCommon":43,"bronze:DecasWashers":41,"Oddly Smooth Stone":26,"Thread and Needle":46,"Mango":47,"downfall:HeartBlessingGreen":47,"Incense Burner":36,"Omamori":43,"War Paint":46,"sneckomod:SneckoSoul":0,"Boot":25,"MawBank":30,"Medical Kit":36,"Peace Pipe":12,"sneckomod:BabySnecko":29,"downfall:BrokenWingStatue":6,"downfall:GremlinWheel":44,"Strawberry":48,"Snecko Eye":17,"MealTicket":9,"Molten Egg 2":48,"Art of War":7,"Black Star":34,"Toxic Egg 2":24},{"sneckomod:SneckoCommon":23,"bronze:DecasWashers":22,"Oddly Smooth Stone":13,"Thread and Needle":26,"Mango":26,"downfall:HeartBlessingGreen":26,"Incense Burner":20,"Omamori":23,"War Paint":26,"sneckomod:SneckoSoul":0,"Boot":12,"MawBank":16,"Medical Kit":20,"Peace Pipe":5,"sneckomod:BabySnecko":15,"downfall:BrokenWingStatue":3,"downfall:GremlinWheel":24,"Strawberry":27,"Snecko Eye":8,"MealTicket":4,"Molten Egg 2":27,"Art of War":3,"Black Star":19,"Toxic Egg 2":11},{"sneckomod:SneckoCommon":117,"bronze:DecasWashers":111,"Oddly Smooth Stone":62,"Thread and Needle":135,"Mango":135,"downfall:HeartBlessingGreen":135,"Incense Burner":104,"Omamori":117,"War Paint":135,"sneckomod:SneckoSoul":0,"Boot":58,"MawBank":80,"Medical Kit":104,"Peace Pipe":24,"sneckomod:BabySnecko":72,"downfall:BrokenWingStatue":11,"downfall:GremlinWheel":121,"Strawberry":143,"Snecko Eye":42,"MealTicket":19,"Molten Egg 2":143,"Art of War":11,"Black Star":101,"Toxic Egg 2":52}]},"card_choices":[{"not_picked":["sneckomod:DiceBoulder","sneckomod:Nope"],"picked":"sneckomod:QuickBite","floor":2},{"not_picked":["sneckomod:SoulDraw","sneckomod:DiceBlock"],"picked":"sneckomod:QuickBite","floor":3},{"not_picked":["sneckomod:MixItUp","sneckomod:UnknownBlock"],"picked":"sneckomod:QuickMove","floor":5},{"not_picked":["sneckomod:UnknownCommonAttack","sneckomod:UnknownVulnerable"],"picked":"sneckomod:Nope","floor":9},{"not_picked":["sneckomod:UnknownVulnerable","sneckomod:SoulRoll"],"picked":"sneckomod:UnknownX","floor":12},{"not_picked":["sneckomod:UnknownCommonSkill","sneckomod:UnknownUncommonAttack","sneckomod:UnknownDraw"],"picked":"SKIP","floor":14},{"not_picked":["sneckomod:Unknown1Cost","sneckomod:UnknownCommonAttack"],"picked":"sneckomod:PureSnecko","floor":15},{"not_picked":["sneckomod:UnknownRareSkill","sneckomod:DangerNoodle"],"picked":"sneckomod:UnknownRarePower","floor":16},{"not_picked":["sneckomod:UnknownClassRED","sneckomod:QuickMove","sneckomod:RainOfDice+1"],"picked":"SKIP","floor":19},{"not_picked":["sneckomod:DiceCrush+1","sneckomod:UnknownClassBLUE"],"picked":"sneckomod:UnknownColorless+1","floor":20},{"not_picked":["sneckomod:QuickMove","sneckomod:UnknownClassGREEN","sneckomod:SoulRoll"],"picked":"SKIP","floor":22},{"not_picked":["sneckomod:QuickBite+1","sneckomod:UnknownClassGREEN+1"],"picked":"sneckomod:DangerNoodle","floor":25},{"not_picked":["sneckomod:DiceBlock+1","sneckomod:UnknownClassRED+1"],"picked":"sneckomod:UnknownDexterity+1","floor":26},{"not_picked":["sneckomod:WideSting","sneckomod:UnknownClassBLUE+1"],"picked":"sneckomod:UnknownRarePower","floor":27},{"not_picked":["sneckomod:Unknown1Cost+1","sneckomod:UnknownCommonAttack"],"picked":"sneckomod:UnknownX+1","floor":28},{"not_picked":["sneckomod:SerpentIdol+1","sneckomod:UnknownClassRED+1","sneckomod:WideSting"],"picked":"SKIP","floor":30},{"not_picked":["sneckomod:Unknown1Cost+1","sneckomod:WideSting+1"],"picked":"sneckomod:UnknownCommonSkill+1","floor":31},{"not_picked":["sneckomod:Unknown1Cost+1","sneckomod:UnknownUncommonSkill+1"],"picked":"sneckomod:QuickMove+1","floor":32},{"not_picked":["sneckomod:MorePower","sneckomod:Cheat+1"],"picked":"sneckomod:DangerNoodle","floor":33},{"not_picked":["sneckomod:Unknown1Cost+1","sneckomod:UnknownClassRED+1"],"picked":"sneckomod:UnknownStrength+1","floor":36},{"not_picked":["sneckomod:UnknownClassBLUE+1","sneckomod:UnknownCommonAttack","sneckomod:UnknownColorless+1"],"picked":"SKIP","floor":37},{"not_picked":["sneckomod:DiceCrush","sneckomod:UnknownClassBLUE+1"],"picked":"sneckomod:Nope+1","floor":38},{"not_picked":["sneckomod:DiceCrush","sneckomod:UnknownClassRED+1"],"picked":"sneckomod:UnknownDexterity+1","floor":43},{"not_picked":["sneckomod:SerpentIdol+1","sneckomod:QuickBite"],"picked":"sneckomod:QuickMove+1","floor":45},{"not_picked":["sneckomod:QuickMove+1","sneckomod:ImprovisedGuard+1"],"picked":"sneckomod:SoulRoll+1","floor":46},{"not_picked":["sneckomod:UnknownUncommonAttack+1","sneckomod:ImprovisedAttack+1","sneckomod:IronFang+1"],"picked":"SKIP","floor":48},{"not_picked":["sneckomod:DiceCrush+1","sneckomod:Unknown1Cost+1"],"picked":"sneckomod:TrashToTreasure+1","floor":49}],"player_experience":1910629,"relics_obtained":[{"floor":7,"key":"Art of War"},{"floor":9,"key":"MealTicket"},{"floor":12,"key":"Peace Pipe"},{"floor":24,"key":"Toxic Egg 2"},{"floor":25,"key":"Boot"},{"floor":30,"key":"MawBank"},{"floor":41,"key":"bronze:DecasWashers"},{"floor":43,"key":"Omamori"},{"floor":43,"key":"sneckomod:SneckoCommon"},{"floor":44,"key":"downfall:GremlinWheel"},{"floor":46,"key":"Thread and Needle"},{"floor":46,"key":"War Paint"},{"floor":47,"key":"Mango"},{"floor":48,"key":"Molten Egg 2"},{"floor":48,"key":"Strawberry"}],"event_choices":[{"cards_removed":["sneckomod:Strike"],"damage_healed":0,"gold_gain":0,"player_choice":"Card Removal","damage_taken":0,"max_hp_gain":0,"max_hp_loss":0,"event_name":"The Cleric","floor":4,"gold_loss":0},{"cards_removed":["downfall:Malfunctioning"],"damage_healed":0,"gold_gain":0,"player_choice":"Forget","damage_taken":0,"max_hp_gain":0,"max_hp_loss":0,"event_name":"Living Wall","floor":13,"gold_loss":0},{"cards_removed":["sneckomod:QuickBite"],"damage_healed":0,"gold_gain":0,"player_choice":"Removed Attack","damage_taken":0,"max_hp_gain":0,"max_hp_loss":0,"event_name":"Falling","floor":39,"gold_loss":0},{"damage_healed":0,"gold_gain":3,"player_choice":"1","damage_taken":0,"max_hp_gain":0,"max_hp_loss":0,"event_name":"betterStone:BetterStone","floor":42,"gold_loss":0},{"damage_healed":0,"gold_gain":0,"player_choice":"Relic","damage_taken":0,"max_hp_gain":0,"max_hp_loss":0,"event_name":"Wheel of Change","floor":47,"gold_loss":0}],"is_beta":false,"boss_relics":[{"not_picked":["SacredBark","sneckomod:SneckoTalon"],"picked":"Snecko Eye"},{"not_picked":["Fusion Hammer","Coffee Dripper"],"picked":"Black Star"}],"items_purged_floors":[14,36],"is_endless":false,"potions_floor_spawned":[2,9,15,16,20,22,25,27,30,37,43],"ascension_level":6}}