{"host":"djoj10dqzzvtkauc","time":1613311611,"event":{"mods":["2.2 Compatiblity","BaseMod","Colored Map","DeckTracker","Highlight Path","Keyboard Shortcuts","Marisa£¨Ùöéë¡¡Øª×âÞÞ£©","Minty Spire (QoL Compilation)","Permanent Neow","Quick Restart","Random Character Button","StSLib","SuperFastMode","everything is the same but u backflip on backflip"],"gold_per_floor":[111,129,149,162,162,162,162,162],"floor_reached":7,"language":"KOR","playtime":189,"items_purged":[],"score":77,"play_id":"29a4ffe0-b8c9-4844-ac95-030f8f914597","local_time":"20210214230651","is_ascension_mode":true,"campfire_choices":[{"data":"1","floor":6,"key":"LIFT"}],"circlet_count":0,"master_deck":["AscendersBane","Strike_G","Strike_G","Strike_G","Strike_G","Strike_G","Defend_G","Defend_G","Defend_G","Defend_G","Defend_G","Survivor","Neutralize","Dagger Spray","PiercingWail","Cloak And Dagger","Dagger Throw","Footwork"],"relics":["Ring of the Snake","Girya"],"acts_visited":["Exordium"],"potions_floor_usage":[],"damage_taken":[{"damage":2,"enemies":"Jaw Worm","floor":1,"turns":5},{"damage":0,"enemies":"2 Louse","floor":2,"turns":4},{"damage":1,"enemies":"Small Slimes","floor":3,"turns":4},{"damage":3,"enemies":"Looter","floor":4,"turns":5},{"damage":18,"enemies":"Lagavulin","floor":7,"turns":8}],"seed_played":"3432053254142353987","potions_obtained":[],"is_trial":false,"path_per_floor":["M","M","M","M","?","R","E"],"character_chosen":"THE_SILENT","items_purchased":[],"campfire_rested":0,"item_purchase_floors":[],"current_hp_per_floor":[57,57,56,53,42,42,24,24],"gold":162,"neow_bonus":"THREE_CARDS","is_daily":false,"chose_seed":false,"campfire_upgraded":0,"win_rate":0.0,"timestamp":1613311611,"path_taken":["M","M","M","M","?","R","E"],"items_purchased_type":[],"build_version":"2020-12-22","purchased_purges":0,"victory":false,"max_hp_per_floor":[66,66,66,66,66,66,66,66],"card_choices":[{"not_picked":["Backflip","Quick Slash"],"picked":"Dagger Spray","floor":0},{"not_picked":["Sucker Punch","Quick Slash"],"picked":"PiercingWail","floor":1},{"not_picked":["Quick Slash","Acrobatics"],"picked":"Cloak And Dagger","floor":2},{"not_picked":["Quick Slash","Underhanded Strike"],"picked":"Dagger Throw","floor":3},{"not_picked":["All Out Attack","Heel Hook"],"picked":"Footwork","floor":4}],"player_experience":245892,"relics_obtained":[],"event_choices":[{"damage_healed":0,"gold_gain":0,"player_choice":"Success","damage_taken":11,"relics_obtained":["Girya"],"max_hp_gain":0,"max_hp_loss":0,"event_name":"Scrap Ooze","floor":5,"gold_loss":0}],"is_beta":false,"boss_relics":[],"items_purged_floors":[],"is_endless":false,"potions_floor_spawned":[],"killed_by":"Lagavulin","ascension_level":16}}