{"host":"vnku1wk1rbjf06kf","time":1613346524,"event":{"mods":["BaseMod","Downfall","Minty Spire (QoL Compilation)","StSLib"],"gold_per_floor":[99,110,121,121,121,141,141,165,183,194,194,194,219,52,72,175,175,75,92,77,277,18,37,37,53,53,53,38,54,71,71,122,162,162,162],"floor_reached":33,"language":"ENG","playtime":15869,"items_purged":["hexamod:Defend","hexamod:Strike"],"score":249,"play_id":"a4a256d3-404f-4ba8-b0a7-4da6f402aa6d","local_time":"20210214184844","is_ascension_mode":false,"campfire_choices":[{"floor":1.0,"key":"RECALL"},{"data":"hexamod:VolcanoVisage","floor":18.0,"key":"SMITH"},{"data":"hexamod:Float","floor":27.0,"key":"SMITH"}],"circlet_count":0,"master_deck":["hexamod:Strike","hexamod:Strike","hexamod:Defend","hexamod:Defend","hexamod:Defend","hexamod:Sear","hexamod:Float+1","hexamod:Incineration","hexamod:AdvancingGuard","hexamod:TimeWarp","hexamod:RadiantFlame","hexamod:InspiringFlames","hexamod:Hexaguard","hexamod:TimeOfNeed","hexamod:BacktrackSmack","hexamod:SoulSteal","hexamod:FourthSeal","hexamod:VolcanoVisage+1","hexamod:SpectersWail","hexamod:FourthSeal","hexamod:GhostShield","hexamod:SearingWound","downfall:Bewildered","hexamod:ThirdSeal","hexamod:ShieldOfDarkness","hexamod:FastForward+1"],"relics":["hexamod:SpiritBrand","Blue Candle","Odd Mushroom","Question Card","PreservedInsect","SacredBark","downfall:HeartBlessingRed","hexamod:MatchstickCase","Singing Bowl","sneckomod:BabySnecko","downfall:KnowingSkull"],"acts_visited":["Exordium","TheCity"],"potions_floor_usage":[30,30,33],"damage_taken":[{"damage":1.0,"enemies":"Jaw Worm","floor":2.0,"turns":4.0},{"damage":5.0,"enemies":"2 Louse","floor":3.0,"turns":3.0},{"damage":0.0,"enemies":"Cultist","floor":6.0,"turns":4.0},{"damage":11.0,"enemies":"The Mushroom Lair","floor":8.0,"turns":5.0},{"damage":0.0,"enemies":"3 Louse","floor":9.0,"turns":4.0},{"damage":2.0,"enemies":"Blue Slaver","floor":10.0,"turns":3.0},{"damage":13.0,"enemies":"3 Sentries","floor":13.0,"turns":9.0},{"damage":0.0,"enemies":"downfall:FleeingMerchant","floor":14.0,"turns":4.0},{"damage":10.0,"enemies":"Exordium Thugs","floor":15.0,"turns":4.0},{"damage":17.0,"enemies":"IC_STATUS_ARCHETYPE","floor":16.0,"turns":9.0},{"damage":4.0,"enemies":"Chosen","floor":19.0,"turns":6.0},{"damage":3.0,"enemies":"downfall:FleeingMerchant","floor":20.0,"turns":4.0},{"damage":14.0,"enemies":"downfall:FleeingMerchant","floor":21.0,"turns":6.0},{"damage":7.0,"enemies":"downfall:FleeingMerchant","floor":22.0,"turns":4.0},{"damage":1.0,"enemies":"Spheric Guardian","floor":23.0,"turns":6.0},{"damage":2.0,"enemies":"Shelled Parasite and Fungi","floor":25.0,"turns":4.0},{"damage":9.0,"enemies":"downfall:FleeingMerchant","floor":28.0,"turns":4.0},{"damage":8.0,"enemies":"Centurion and Healer","floor":29.0,"turns":6.0},{"damage":9,"enemies":"Snecko","floor":30,"turns":5},{"damage":19,"enemies":"Shelled Parasite and Fungi","floor":32,"turns":6},{"damage":43,"enemies":"WA_ARCHETYPE_CALM","floor":33,"turns":5}],"seed_played":"-8567004400475367524","potions_obtained":[{"floor":2.0,"key":"Explosive Potion"},{"floor":5.0,"key":"Strength Potion"},{"floor":5.0,"key":"DistilledChaos"},{"floor":13.0,"key":"champ:CounterPotion"},{"floor":16.0,"key":"Swift Potion"},{"floor":19.0,"key":"BlessingOfTheForge"},{"floor":20.0,"key":"SkillPotion"},{"floor":22.0,"key":"Weak Potion"},{"floor":22.0,"key":"BlessingOfTheForge"},{"floor":23.0,"key":"Slimebound:ThreeZeroPotion"},{"floor":23.0,"key":"SmokeBomb"},{"floor":23.0,"key":"PowerPotion"},{"floor":25.0,"key":"Regen Potion"},{"floor":28.0,"key":"hexamod:EctoCoolerPotion"},{"floor":28.0,"key":"SmokeBomb"},{"floor":29.0,"key":"bronze:BurnAndBuffPotion"},{"floor":30,"key":"Energy Potion"},{"floor":32,"key":"GamblersBrew"},{"floor":32,"key":"champ:CounterPotion"}],"is_trial":false,"path_per_floor":["R","M","M","?","?","M","T","?","M","M","?","T","E","$","M","B",null,"R","M","$","?","$","M","T","M","?","R","$","M","M","?","M","B"],"character_chosen":"THE_SPIRIT","items_purchased":["hexamod:SoulSteal","hexamod:MatchstickCase"],"campfire_rested":0,"item_purchase_floors":[14,22],"current_hp_per_floor":[77,76,71,71,71,71,71,60,60,58,58,58,45,45,35,18,77,77,73,70,56,49,48,48,46,46,46,39,71,64,57,40,0,0,0],"gold":162,"neow_bonus":"TEN_PERCENT_HP_BONUS","is_daily":false,"chose_seed":false,"campfire_upgraded":2,"win_rate":0.0,"timestamp":1613346524,"path_taken":["R","M","M","?","?","?","T","?","M","M","?","?","E","?","M","BOSS","R","M","$","?","$","M","T","M","?","R","?","M","?","?","M","BOSS"],"items_purchased_type":["Card","Relic"],"build_version":"2020-12-22","purchased_purges":2,"victory":false,"max_hp_per_floor":[77,77,77,77,77,77,77,77,77,77,77,77,77,77,77,77,77,77,77,77,77,77,77,77,77,77,77,79,79,81,81,83,83,83,83],"card_choices":[{"not_picked":["hexamod:HauntingEcho","hexamod:Hexaguard"],"picked":"hexamod:Incineration","floor":2.0},{"not_picked":["hexamod:Firestarter","hexamod:NightmareStrike"],"picked":"hexamod:AdvancingGuard","floor":3.0},{"not_picked":["hexamod:NightmareStrike","hexamod:AdvancingGuard"],"picked":"hexamod:TimeWarp","floor":6.0},{"not_picked":["hexamod:HeatMetal","hexamod:PhantomFireball"],"picked":"hexamod:RadiantFlame","floor":8.0},{"not_picked":["hexamod:HauntingEcho","hexamod:AdvancingGuard"],"picked":"hexamod:InspiringFlames","floor":9.0},{"not_picked":["hexamod:ShieldOfDarkness","hexamod:GhostOfSpirePast"],"picked":"hexamod:Hexaguard","floor":10.0},{"not_picked":["hexamod:ChargedBarrage","hexamod:BurningTouch","hexamod:InspiringFlames"],"picked":"hexamod:TimeOfNeed","floor":13.0},{"not_picked":["hexamod:UnleashSpirits","hexamod:HeatMetal","hexamod:ThermalTransfer"],"picked":"hexamod:BacktrackSmack","floor":14.0},{"not_picked":["hexamod:ThirdSeal","hexamod:Incineration","hexamod:HeatMetal"],"picked":"hexamod:FourthSeal","floor":15.0},{"not_picked":["hexamod:HexaLevel","hexamod:TimeOfNeed","hexamod:TurnItUp"],"picked":"hexamod:VolcanoVisage","floor":16.0},{"not_picked":["hexamod:GhostLash","hexamod:EtherealExpedition+1","hexamod:GhostShield"],"picked":"hexamod:SpectersWail","floor":19.0},{"not_picked":["hexamod:PhantomFireball+1","hexamod:UnleashSpirits","hexamod:SpectersWail+1"],"picked":"hexamod:FourthSeal","floor":20.0},{"not_picked":["hexamod:GhostOfSpirePast+1","hexamod:SwordOfDarkness","hexamod:ExtraCrispy"],"picked":"hexamod:GhostShield","floor":22.0},{"not_picked":["hexamod:Firestarter+1","hexamod:SkipABeat","hexamod:HauntingEcho","hexamod:Rewind"],"picked":"SKIP","floor":23.0},{"not_picked":["hexamod:SpectersWail","hexamod:SkipABeat+1","hexamod:FastForward+1"],"picked":"hexamod:SearingWound","floor":25.0},{"not_picked":["hexamod:GhostflameBarrier+1","hexamod:FastForward","hexamod:ChargedBarrage","hexamod:SearingWound"],"picked":"Singing Bowl","floor":28.0},{"not_picked":["hexamod:ShieldOfDarkness","hexamod:Haunt","hexamod:FastForward"],"picked":"hexamod:ThirdSeal","floor":29.0},{"not_picked":["hexamod:NightmareStrike","hexamod:Firestarter","hexamod:ShieldOfDarkness","hexamod:Again"],"picked":"Singing Bowl","floor":30},{"not_picked":["hexamod:PhantomFireball+1","hexamod:NecessarySacrifice","hexamod:BurningTouch+1"],"picked":"hexamod:ShieldOfDarkness","floor":30},{"not_picked":["hexamod:NightmareStrike","hexamod:BacktrackSmack","hexamod:HeatShield","hexamod:DynamicBlow"],"picked":"Singing Bowl","floor":32},{"not_picked":["hexamod:Firestarter","hexamod:NightmareStrike","hexamod:HeatMetal"],"picked":"hexamod:FastForward+1","floor":32}],"player_experience":2342050,"relics_obtained":[{"floor":7.0,"key":"Blue Candle"},{"floor":8.0,"key":"Odd Mushroom"},{"floor":12.0,"key":"Question Card"},{"floor":13.0,"key":"PreservedInsect"},{"floor":24.0,"key":"Singing Bowl"}],"event_choices":[{"damage_healed":0.0,"max_hp_gain":0.0,"max_hp_loss":0.0,"gold_gain":0.0,"event_name":"Lab","player_choice":"Got Potions","floor":5.0,"gold_loss":0.0,"damage_taken":0.0},{"damage_healed":0.0,"max_hp_gain":0.0,"max_hp_loss":0.0,"gold_gain":0.0,"event_name":"Mushrooms","player_choice":"Fought Mushrooms","floor":8.0,"gold_loss":0.0,"damage_taken":0.0},{"cards_removed":["hexamod:Strike"],"damage_healed":0.0,"max_hp_gain":0.0,"max_hp_loss":0.0,"gold_gain":0.0,"event_name":"The Cleric","player_choice":"Card Removal","floor":11.0,"gold_loss":0.0,"damage_taken":0.0}],"is_beta":false,"boss_relics":[{"not_picked":["Philosopher\u0027s Stone","Cursed Key"],"picked":"SacredBark"}],"items_purged_floors":[14,22],"is_endless":false,"potions_floor_spawned":[2,9,10,13,16,21,23,30],"killed_by":"WA_ARCHETYPE_CALM","ascension_level":0}}