{"host":"cjhtzh7tp54jdfyv","time":1613330311,"event":{"mods":["AchievementEnabler","BaseMod","Colored Map","Colored Powertips","Curses Come First","DeckTracker","Minty Spire (QoL Compilation)","RNG Fix","Relic Sorter","Relic Stats","StSLib","UnlockEverythingMod","ojb\u0027s Better Paths Mod","ojb\u0027s Info Mod"],"gold_per_floor":[119,138,157,157,177,205,222,250,250,266,27,54,19,54,54,128,128,148,148,148,178,178,178,191,220,246,280,295,314,314,343,343,343,343],"floor_reached":33,"language":"ENG","playtime":1631,"items_purged":["Strike_R"],"score":720,"play_id":"a620109f-301f-4c89-b8fd-592fdaf4680c","local_time":"20210214141831","is_ascension_mode":true,"campfire_choices":[{"data":"Inflame","floor":15,"key":"SMITH"},{"floor":23,"key":"RECALL"},{"floor":30,"key":"REST"},{"floor":32,"key":"REST"}],"circlet_count":0,"master_deck":["AscendersBane","Strike_R+1","Strike_R+1","Strike_R+1","Strike_R+1","Defend_R+1","Defend_R+1","Defend_R+1","Defend_R+1","Bash","Anger","Wild Strike","Feel No Pain","Cleave","Dropkick","Inflame+1","Infernal Blade","Shrug It Off","Twin Strike","Fiend Fire","Spot Weakness","Combust","Rupture","Rupture","Inflame","Hemokinesis"],"relics":["Burning Blood","Nunchaku","FossilizedHelix","Bag of Marbles","Potion Belt","The Courier","Orrery","Meat on the Bone","Gambling Chip","Fusion Hammer","Red Mask","Bottled Flame","PreservedInsect","Unceasing Top"],"acts_visited":["Exordium","TheCity"],"potions_floor_usage":[8,12,14,33,33],"damage_taken":[{"damage":0.0,"enemies":"Small Slimes","floor":1.0,"turns":3.0},{"damage":0.0,"enemies":"2 Louse","floor":2.0,"turns":4.0},{"damage":0.0,"enemies":"Jaw Worm","floor":3.0,"turns":2.0},{"damage":32.0,"enemies":"Exordium Thugs","floor":5.0,"turns":5.0},{"damage":23.0,"enemies":"Gremlin Nob","floor":6.0,"turns":4.0},{"damage":0.0,"enemies":"Blue Slaver","floor":7.0,"turns":3.0},{"damage":20,"enemies":"Lagavulin","floor":8,"turns":7},{"damage":14,"enemies":"Lots of Slimes","floor":10,"turns":4},{"damage":0,"enemies":"Gremlin Nob","floor":12,"turns":3},{"damage":15,"enemies":"Lagavulin","floor":14,"turns":5},{"damage":19,"enemies":"Slime Boss","floor":16,"turns":9},{"damage":0,"enemies":"Spheric Guardian","floor":18,"turns":3},{"damage":18,"enemies":"Masked Bandits","floor":21,"turns":3},{"damage":0,"enemies":"Chosen","floor":24,"turns":4},{"damage":30,"enemies":"Book of Stabbing","floor":25,"turns":4},{"damage":11,"enemies":"Slavers","floor":27,"turns":4},{"damage":0,"enemies":"Centurion and Healer","floor":28,"turns":4},{"damage":2,"enemies":"Chosen and Byrds","floor":29,"turns":6},{"damage":43,"enemies":"Book of Stabbing","floor":31,"turns":4},{"damage":80,"enemies":"Collector","floor":33,"turns":5}],"seed_played":"-4571398111668536364","potions_obtained":[{"floor":3.0,"key":"PowerPotion"},{"floor":5.0,"key":"Fire Potion"},{"floor":10,"key":"Weak Potion"},{"floor":18,"key":"ColorlessPotion"},{"floor":27,"key":"Strength Potion"},{"floor":29,"key":"Explosive Potion"}],"is_trial":false,"path_per_floor":["M","M","M","?","M","E","M","E","T","M","$","E","?","E","R","B",null,"M","?","?","?","?","R","M","E","T","E","M","M","R","E","R","B"],"character_chosen":"IRONCLAD","items_purchased":["Orrery","SteroidPotion"],"campfire_rested":2,"item_purchase_floors":[11,11],"current_hp_per_floor":[56,62,68,73,47,30,36,22,22,14,14,20,40,43,43,42,71,77,77,77,65,65,65,71,47,47,54,60,64,80,55,79,0,0],"gold":343,"neow_bonus":"ONE_RARE_RELIC","is_daily":false,"chose_seed":false,"campfire_upgraded":1,"win_rate":0.0,"timestamp":1613330311,"path_taken":["M","M","?","?","M","E","M","E","T","M","$","E","?","E","R","BOSS","M","?","?","?","?","R","M","E","T","E","M","M","R","E","R","BOSS"],"items_purchased_type":["Relic","Potion"],"build_version":"2020-12-22","purchased_purges":1,"victory":false,"max_hp_per_floor":[75,75,75,80,80,80,80,80,80,80,80,80,80,80,80,80,80,80,80,80,80,80,80,80,80,80,80,80,80,80,80,80,80,80],"relic_stats":{"Nunchaku":[3],"counters":[20,86],"Gambling Chip":[21],"PreservedInsect":83,"obtain_stats":[{"Potion Belt":8,"The Courier":9,"PreservedInsect":26,"Burning Blood":0,"Bottled Flame":25,"Nunchaku":27,"Gambling Chip":14,"Orrery":11,"Fusion Hammer":17,"Bag of Marbles":6,"Red Mask":21,"FossilizedHelix":0,"Unceasing Top":31,"Meat on the Bone":12},{"Potion Belt":7,"The Courier":7,"PreservedInsect":15,"Burning Blood":0,"Bottled Flame":15,"Nunchaku":16,"Gambling Chip":10,"Orrery":8,"Fusion Hammer":11,"Bag of Marbles":5,"Red Mask":13,"FossilizedHelix":0,"Unceasing Top":19,"Meat on the Bone":9},{"Potion Belt":28,"The Courier":28,"PreservedInsect":63,"Burning Blood":0,"Bottled Flame":63,"Nunchaku":67,"Gambling Chip":40,"Orrery":32,"Fusion Hammer":49,"Bag of Marbles":18,"Red Mask":55,"FossilizedHelix":0,"Unceasing Top":81,"Meat on the Bone":35}],"Burning Blood":114,"Unceasing Top":[0],"Meat on the Bone":48},"card_choices":[{"not_picked":["Second Wind","Wild Strike","Sentinel"],"picked":"SKIP","floor":1.0},{"not_picked":["Havoc","Clothesline"],"picked":"Anger","floor":2.0},{"not_picked":["Bloodletting","Armaments","Heavy Blade"],"picked":"SKIP","floor":3.0},{"not_picked":["Bloodletting","Disarm"],"picked":"Wild Strike","floor":5.0},{"not_picked":["True Grit","Wild Strike"],"picked":"Feel No Pain","floor":6.0},{"not_picked":["Heavy Blade","Headbutt"],"picked":"Cleave","floor":7.0},{"not_picked":["Double Tap","Cleave","Rampage"],"picked":"SKIP","floor":8},{"not_picked":["Flex","Heavy Blade"],"picked":"Dropkick","floor":10},{"not_picked":["True Grit","Rampage"],"picked":"Inflame","floor":11},{"not_picked":["Blood for Blood","Cleave"],"picked":"Infernal Blade","floor":11},{"not_picked":["Body Slam","Rampage"],"picked":"Shrug It Off","floor":11},{"not_picked":["Exhume","Sword Boomerang"],"picked":"Twin Strike","floor":11},{"not_picked":["Juggernaut","Combust","Searing Blow"],"picked":"SKIP","floor":12},{"not_picked":["Cleave","Ghostly Armor","Sever Soul"],"picked":"SKIP","floor":14},{"not_picked":["Demon Form","Juggernaut"],"picked":"Fiend Fire","floor":16},{"not_picked":["Havoc","Disarm","Intimidate"],"picked":"SKIP","floor":18},{"not_picked":["Anger","Shrug It Off"],"picked":"Combust","floor":21},{"not_picked":["Combust","Infernal Blade"],"picked":"Rupture","floor":24},{"not_picked":["Perfected Strike","Sentinel"],"picked":"Rupture","floor":25},{"not_picked":["Armaments","Headbutt","Juggernaut"],"picked":"SKIP","floor":27},{"not_picked":["Flex","Twin Strike"],"picked":"Inflame","floor":28},{"not_picked":["Clothesline","Iron Wave"],"picked":"Hemokinesis","floor":29},{"not_picked":["Barricade","Twin Strike","Sword Boomerang"],"picked":"SKIP","floor":31},{"not_picked":["Barricade","Twin Strike","Sword Boomerang"],"picked":"SKIP","floor":31}],"player_experience":4922336,"relics_obtained":[{"floor":6.0,"key":"Bag of Marbles"},{"floor":8,"key":"Potion Belt"},{"floor":9,"key":"The Courier"},{"floor":12,"key":"Meat on the Bone"},{"floor":14,"key":"Gambling Chip"},{"floor":21,"key":"Red Mask"},{"floor":25,"key":"Bottled Flame"},{"floor":26,"key":"PreservedInsect"},{"floor":27,"key":"Nunchaku"},{"floor":31,"key":"Unceasing Top"}],"event_choices":[{"damage_healed":0.0,"max_hp_gain":5.0,"max_hp_loss":0.0,"gold_gain":0.0,"event_name":"Big Fish","player_choice":"Donut","floor":4.0,"gold_loss":0.0,"damage_taken":0.0},{"damage_healed":20,"gold_gain":0,"player_choice":"Healed","damage_taken":0,"max_hp_gain":0,"max_hp_loss":0,"event_name":"The Cleric","floor":13,"gold_loss":35},{"damage_healed":0,"gold_gain":0,"player_choice":"Read","damage_taken":0,"max_hp_gain":0,"max_hp_loss":0,"event_name":"The Library","floor":19,"gold_loss":0,"cards_obtained":["Spot Weakness"]},{"damage_healed":0,"gold_gain":0,"player_choice":"Ignored","damage_taken":0,"max_hp_gain":0,"max_hp_loss":0,"event_name":"Ghosts","floor":20,"gold_loss":0},{"damage_healed":0,"gold_gain":0,"player_choice":"Fought Bandits","damage_taken":0,"max_hp_gain":0,"max_hp_loss":0,"event_name":"Masked Bandits","floor":21,"gold_loss":0},{"damage_healed":0,"gold_gain":0,"player_choice":"Simplicity","damage_taken":0,"max_hp_gain":0,"max_hp_loss":0,"event_name":"Back to Basics","floor":22,"gold_loss":0,"cards_upgraded":["Strike_R","Strike_R","Strike_R","Strike_R","Defend_R","Defend_R","Defend_R","Defend_R"]}],"is_beta":false,"boss_relics":[{"not_picked":["Empty Cage","Cursed Key"],"picked":"Fusion Hammer"}],"items_purged_floors":[11],"is_endless":false,"potions_floor_spawned":[3,5,6,10,18,27,29],"killed_by":"Collector","ascension_level":20}}