{"host":"9fuvscx47tolndfl","time":1613330837,"event":{"mods":["100% Spire Juice","AchievementEnabler","Act Like it!","Arknights","Aspiration","BaseMod","Beaked The Cultist","Better Match","Better Note","Better Third Choice","CapriCore","Colored Map","Colored Powertips","Conspire","Downfall","GungeonMod","Halation","Hermit","Hubris","Infinite Spire","Jedi Mod","Jorbs\u0027s Wanderer Trilogy","Koishi","Luminous","Marisa????????","Minty Spire (QoL Compilation)","Prisma Mod","Rare Cards Sparkle","Replay The Spire","Shade Mod","Shop Mod","StSLib","The Administrix","The Alterego","The Animator","The Bug Knight","The Construct","The Cursed","The Disciple","The Fake Hero","The Forsaken","The Hayseed","The Hierophant","The Immortal","The Jungle","The Mystic","The Necromancer","The Poker Player","The Problem Sleuth","The Runesmith","The Servant 0.9.4","TheBandit","TheHero","TheSwordswoman","Waifu the Spire","Wandering Minibosses","WarShipGirlsR/????R mod","Yuyuko","thorton","??????REMEMod"],"gold_per_floor":[113,113,124,124,137,164,164,222,222,258,280,260,278,318,318,459,459,476,497,521,521,430,430,468,468,523,541,541,547,547],"floor_reached":29,"language":"ENG","playtime":2538,"items_purged":[],"score":237,"play_id":"7a7419e7-f103-45fb-a425-a61cd0784d86","local_time":"20210214112717","is_ascension_mode":false,"campfire_choices":[{"floor":7,"key":"REST"},{"data":"HollowMod:ChannelNail","floor":15,"key":"SMITH"},{"floor":23,"key":"REST"},{"floor":25,"key":"RECALL"},{"floor":28,"key":"REST"}],"circlet_count":0,"master_deck":["HollowMod:NailStrikeStart","HollowMod:NailStrikeStart","HollowMod:NailStrikeStart","HollowMod:NailStrikeStart","HollowMod:QuickDashStart","HollowMod:QuickDashStart","HollowMod:QuickDashStart","HollowMod:QuickDashStart","HollowMod:FocusHealStart","HollowMod:PogoStrike","HollowMod:Weaversong+1","HollowMod:CloakDash","Reckless Charge","HollowMod:GoodIntentions","Moonworks:RocketCannon","HollowMod:BaldurShell","HollowMod:ChannelNail+1","HollowMod:ChannelNail","HollowMod:MantisMark","HollowMod:SoulStrike","HollowMod:SoulSplash","HollowMod:SiblingsShadow","HollowMod:Weaversong","HollowMod:QuirrelsAssistance","HollowMod:LifebloodCocoon+1","HollowMod:InfectionAssault","HollowMod:LifebloodCore","HollowMod:FallenFury","HollowMod:GoodIntentions"],"relics":["HollowMod:VesselMask","REME_ComplimentaryCards","conspire:DeflatedDodgeball","REME_ArchaeologicalTools","jedi:cryingmask","TungstenRod","Ring of Chaos","DemoMod:PinkGuonStone","Runesmith:AutoHammer"],"acts_visited":["Exordium","TheCity"],"potions_floor_usage":[16,18,20,20,20,27,29],"damage_taken":[{"damage":8,"enemies":"Jaw Worm","floor":1,"turns":3},{"damage":0,"enemies":"Small Slimes","floor":3,"turns":3},{"damage":2,"enemies":"2 Louse","floor":5,"turns":3},{"damage":21,"enemies":"Lagavulin","floor":6,"turns":6},{"damage":3,"enemies":"Exordium Thugs","floor":8,"turns":3},{"damage":3,"enemies":"Gremlin Nob","floor":10,"turns":4},{"damage":0,"enemies":"Looter","floor":11,"turns":3},{"damage":0,"enemies":"3 Louse","floor":13,"turns":2},{"damage":3,"enemies":"Fading Forest","floor":16,"turns":11},{"damage":9,"enemies":"3 Byrds","floor":18,"turns":4},{"damage":21,"enemies":"Spheric Guardian","floor":19,"turns":5},{"damage":68,"enemies":"Snake Plant","floor":20,"turns":6},{"damage":8,"enemies":"Cultist and Chosen","floor":24,"turns":5},{"damage":15,"enemies":"3 Cultists","floor":27,"turns":4},{"damage":64,"enemies":"Nightmare","floor":29,"turns":7}],"seed_played":"846534837533338751","potions_obtained":[{"floor":10,"key":"SteroidPotion"},{"floor":11,"key":"Regen Potion"},{"floor":12,"key":"DemoMod:BlankPotion"},{"floor":13,"key":"Regen Potion"},{"floor":16,"key":"Fire Potion"},{"floor":18,"key":"Elixir"},{"floor":20,"key":"Milkshake"},{"floor":24,"key":"hexamod:SoulburnPotion"}],"is_trial":false,"path_per_floor":["M","?","M","?","M","E","R","M","T","E","M","?","M","?","R","B",null,"M","M","M","?","?","R","M","R","T","M","R","NM"],"character_chosen":"THE_BUGKNIGHT","items_purchased":[],"campfire_rested":3,"item_purchase_floors":[],"current_hp_per_floor":[73,53,59,54,58,43,65,68,68,65,65,65,65,65,65,75,75,71,50,28,28,35,59,51,51,51,36,60,0,0],"gold":547,"neow_bonus":"ONE_RANDOM_RARE_CARD","is_daily":false,"chose_seed":false,"campfire_upgraded":1,"win_rate":0.0,"timestamp":1613330837,"path_taken":["M","?","M","?","?","E","R","M","T","E","M","?","?","?","R","BOSS","M","?","M","?","?","R","M","R","T","M","R","NM"],"items_purchased_type":[],"build_version":"2020-12-22","purchased_purges":0,"victory":false,"max_hp_per_floor":[75,75,75,75,75,75,75,75,75,75,75,75,75,75,75,75,75,75,75,75,75,82,82,82,82,82,82,82,82,82],"card_choices":[{"not_picked":["HollowMod:GrimmsGift","HollowMod:MothsMistake"],"picked":"HollowMod:CloakDash","floor":1},{"not_picked":["HollowMod:GrimmsGift","HollowMod:InfectedCysts"],"picked":"HollowMod:GoodIntentions","floor":3},{"not_picked":["HollowMod:ShadowDash","HollowMod:SoulEater"],"picked":"HollowMod:BaldurShell","floor":5},{"not_picked":["HollowMod:MidwifesHunger","HollowMod:InfectedAttack"],"picked":"HollowMod:ChannelNail","floor":6},{"not_picked":["HollowMod:FastStrike","HollowMod:BaldurShell"],"picked":"HollowMod:ChannelNail","floor":8},{"not_picked":["HollowMod:ShadowDash","HollowMod:RecoilStrike"],"picked":"HollowMod:MantisMark","floor":10},{"not_picked":["HollowMod:DescendingDark","HollowMod:NewLittleFool"],"picked":"HollowMod:SoulStrike","floor":11},{"not_picked":["HollowMod:CornifersMapStart","HollowMod:ShadowDash"],"picked":"HollowMod:SoulSplash","floor":13},{"not_picked":["HollowMod:FastStrike","HollowMod:NewGlowingWomb"],"picked":"HollowMod:SiblingsShadow","floor":14},{"not_picked":["HollowMod:NewInfectedGuardian","HollowMod:PureVessel"],"picked":"HollowMod:Weaversong","floor":16},{"not_picked":["HollowMod:SoulStrike+1","HollowMod:SiblingsSouls"],"picked":"HollowMod:QuirrelsAssistance","floor":18},{"not_picked":["HollowMod:CornifersMapStart","HollowMod:Grubsong"],"picked":"HollowMod:LifebloodCocoon+1","floor":19},{"not_picked":["HollowMod:DescendingDark","HollowMod:LifebloodCocoon"],"picked":"HollowMod:InfectionAssault","floor":20},{"not_picked":["HollowMod:GreatSlash","HollowMod:SharpenedShadows"],"picked":"HollowMod:FallenFury","floor":24},{"not_picked":["HollowMod:NewJinnsSoul+1","HollowMod:CornifersMapStart"],"picked":"HollowMod:GoodIntentions","floor":27}],"player_experience":269354,"relics_obtained":[{"floor":6,"key":"REME_ArchaeologicalTools"},{"floor":10,"key":"jedi:cryingmask"},{"floor":14,"key":"TungstenRod"},{"floor":26,"key":"Runesmith:AutoHammer"}],"event_choices":[{"damage_healed":0,"gold_gain":0,"player_choice":"Bought 1 Potion","damage_taken":0,"max_hp_gain":0,"max_hp_loss":0,"event_name":"The Woman in Blue","floor":12,"gold_loss":0},{"cards_removed":["HollowMod:LifebloodCocoon"],"damage_healed":0,"gold_gain":0,"player_choice":"Take \u0026 Give","damage_taken":0,"max_hp_gain":0,"max_hp_loss":0,"event_name":"betterNote:BetterNote","floor":21,"gold_loss":0,"cards_obtained":["HollowMod:LifebloodCore"]},{"damage_healed":0,"gold_gain":0,"player_choice":"Paid Gold","damage_taken":0,"relics_obtained":["DemoMod:PinkGuonStone"],"max_hp_gain":0,"max_hp_loss":0,"event_name":"WeMeetAgain","floor":22,"gold_loss":91}],"is_beta":false,"boss_relics":[{"not_picked":["jedi:battlestandard","halation:MonkeysPaw"],"picked":"Ring of Chaos"}],"items_purged_floors":[],"is_endless":false,"potions_floor_spawned":[10,11,13,16,18,20,24],"killed_by":"Nightmare","ascension_level":0}}