{"host":"ydg0vn0pu4pubmdt","time":1613334295,"event":{"mods":["AchievementEnabler","BaseMod","Colored Map","Gold Saver","Minty Spire (QoL Compilation)","Quick Restart","SuperFastMode"],"gold_per_floor":[528,241,258,258,273,273,198,225,225,4,20,49,49,64,64,143,143,156,169,67,0,0,0,19,19,19],"floor_reached":25,"language":"KOR","playtime":583,"items_purged":["Strike_G","Strike_G","Strike_G"],"score":422,"play_id":"195239a1-0b57-4e3b-8e2c-f73c254eb190","local_time":"20210215052455","is_ascension_mode":true,"campfire_choices":[{"data":"Bouncing Flask","floor":6.0,"key":"SMITH"},{"floor":15.0,"key":"REST"},{"floor":23,"key":"REST"}],"circlet_count":0,"master_deck":["AscendersBane","Strike_G","Defend_G","Defend_G","Defend_G","Survivor","Neutralize","Dagger Spray","Escape Plan","Bouncing Flask+1","Blade Dance","Unload","Backflip","Glass Knife","Blur","Malaise"],"relics":["Ring of the Snake","Art of War","Ice Cream","StrikeDummy","Membership Card","Darkstone Periapt","SacredBark"],"acts_visited":["Exordium","TheCity"],"potions_floor_usage":[],"damage_taken":[{"damage":2.0,"enemies":"2 Louse","floor":1.0,"turns":3.0},{"damage":13.0,"enemies":"Jaw Worm","floor":3.0,"turns":4.0},{"damage":6.0,"enemies":"Cultist","floor":5.0,"turns":4.0},{"damage":19.0,"enemies":"3 Sentries","floor":8.0,"turns":6.0},{"damage":1.0,"enemies":"3 Louse","floor":11.0,"turns":3.0},{"damage":12.0,"enemies":"Lagavulin","floor":12.0,"turns":3.0},{"damage":6.0,"enemies":"Looter","floor":14.0,"turns":3.0},{"damage":18.0,"enemies":"Hexaghost","floor":16.0,"turns":8.0},{"damage":0.0,"enemies":"3 Byrds","floor":18.0,"turns":5.0},{"damage":17.0,"enemies":"2 Thieves","floor":19.0,"turns":4.0},{"damage":19,"enemies":"Snake Plant","floor":24,"turns":4},{"damage":26,"enemies":"Cultist and Chosen","floor":25,"turns":6}],"seed_played":"-7010352361296422931","potions_obtained":[{"floor":1.0,"key":"CultistPotion"},{"floor":8.0,"key":"DuplicationPotion"},{"floor":11.0,"key":"Strength Potion"},{"floor":13.0,"key":"Fruit Juice"},{"floor":13.0,"key":"Block Potion"}],"is_trial":false,"path_per_floor":["M","$","M","?","M","R","?","E","T","$","M","E","?","M","R","B",null,"M","M","$","?","?","R","M","M"],"character_chosen":"THE_SILENT","items_purchased":["Art of War","Escape Plan","Membership Card","Blur"],"campfire_rested":2,"item_purchase_floors":[2,2,10,20],"current_hp_per_floor":[42,42,29,51,45,45,45,26,26,26,25,13,18,12,33,15,57,57,40,40,40,20,42,23,0,0],"gold":19,"neow_bonus":"REMOVE_TWO","is_daily":false,"chose_seed":false,"campfire_upgraded":1,"win_rate":0.0,"timestamp":1613334295,"path_taken":["M","$","M","?","M","R","?","E","T","$","M","E","?","M","R","BOSS","M","M","$","?","?","R","M","M"],"items_purchased_type":["Relic","Card","Relic","Card"],"build_version":"2020-12-22","purchased_purges":3,"victory":false,"max_hp_per_floor":[66,66,66,66,66,66,66,66,66,66,66,66,71,71,71,71,71,71,71,71,71,76,76,76,76,76],"card_choices":[{"not_picked":["Footwork","Accuracy"],"picked":"Dagger Spray","floor":1.0},{"not_picked":["Distraction","Sucker Punch"],"picked":"Bouncing Flask","floor":3.0},{"not_picked":["Catalyst","Underhanded Strike","Setup"],"picked":"SKIP","floor":5.0},{"not_picked":["Reflex","Acrobatics"],"picked":"Blade Dance","floor":8.0},{"not_picked":["Unload","Infinite Blades","Underhanded Strike"],"picked":"SKIP","floor":11.0},{"not_picked":["Infinite Blades","Underhanded Strike"],"picked":"Unload","floor":11.0},{"not_picked":["Caltrops","Poisoned Stab","Acrobatics"],"picked":"SKIP","floor":12.0},{"not_picked":["Quick Slash","Distraction"],"picked":"Backflip","floor":14.0},{"not_picked":["A Thousand Cuts","Malaise"],"picked":"Glass Knife","floor":16.0},{"not_picked":["Flying Knee","Deflect","Bane"],"picked":"SKIP","floor":18.0},{"not_picked":["Terror","Backflip","Dagger Throw+1"],"picked":"SKIP","floor":19.0},{"not_picked":["Distraction","Dagger Throw"],"picked":"Malaise","floor":24}],"player_experience":556726,"relics_obtained":[{"floor":8.0,"key":"Ice Cream"},{"floor":9.0,"key":"StrikeDummy"},{"floor":12.0,"key":"Darkstone Periapt"}],"event_choices":[{"damage_healed":22.0,"max_hp_gain":0.0,"max_hp_loss":0.0,"gold_gain":0.0,"event_name":"Big Fish","player_choice":"Banana","floor":4.0,"gold_loss":0.0,"damage_taken":0.0},{"cards_removed":["Defend_G"],"damage_healed":0.0,"max_hp_gain":0.0,"max_hp_loss":0.0,"gold_gain":0.0,"event_name":"The Cleric","player_choice":"Card Removal","floor":7.0,"gold_loss":75.0,"damage_taken":0.0},{"damage_healed":0.0,"max_hp_gain":0.0,"max_hp_loss":0.0,"gold_gain":0.0,"event_name":"Lab","player_choice":"Got Potions","floor":13.0,"gold_loss":0.0,"damage_taken":0.0},{"damage_healed":0,"gold_gain":0,"player_choice":"Paid Fearfully","damage_taken":0,"max_hp_gain":0,"max_hp_loss":0,"event_name":"Masked Bandits","floor":21,"gold_loss":67},{"damage_healed":0,"gold_gain":0,"player_choice":"Shed Blood","damage_taken":25,"max_hp_gain":5,"max_hp_loss":0,"event_name":"Forgotten Altar","floor":22,"gold_loss":0}],"is_beta":false,"boss_relics":[{"not_picked":["Runic Dome","Pandora\u0027s Box"],"picked":"SacredBark"}],"items_purged_floors":[2,10,20],"is_endless":false,"potions_floor_spawned":[1,8,11],"killed_by":"Cultist and Chosen","ascension_level":20}}