{"host":"8vqkh0x3c7vpgzzm","time":1613313918,"event":{"mods":["AchievementEnabler","BaseMod","Colored Map","Colored Powertips","Curses Come First","DeckTracker","Highlight Path","Minty Spire (QoL Compilation)","Permanent Neow","Quick Restart","Random Character Mod","Rare Cards Sparkle","Relic Sorter","Relic Stats","StSLib","SuperFastMode","Unceasing Turn Reminder","egg","everything is the same but u backflip on backflip"],"gold_per_floor":[115,115,125,225,150,150,165,165,165,165,24,35,35,46,46,46,46],"floor_reached":16,"language":"ENG","playtime":464,"items_purged":["Strike_R","Strike_R"],"score":90,"play_id":"2512fce4-888e-4fbb-b4d7-69381198b6bb","local_time":"20210214154518","is_ascension_mode":false,"campfire_choices":[{"data":"Bash","floor":6,"key":"SMITH"},{"data":"Strike_R","floor":8,"key":"SMITH"},{"data":"Defend_R","floor":10,"key":"SMITH"},{"data":"Strike_R","floor":15,"key":"SMITH"}],"circlet_count":0,"master_deck":["Strike_R+1","Strike_R+1","Defend_R+1","Defend_R","Defend_R","Bash+1","Dual Wield"],"relics":["Burning Blood","Gambling Chip"],"acts_visited":["Exordium"],"potions_floor_usage":[16,16],"damage_taken":[{"damage":1,"enemies":"Jaw Worm","floor":1,"turns":5},{"damage":3,"enemies":"Small Slimes","floor":3,"turns":3},{"damage":6,"enemies":"Cultist","floor":7,"turns":3},{"damage":7,"enemies":"Looter","floor":12,"turns":3},{"damage":12,"enemies":"3 Louse","floor":14,"turns":4},{"damage":71,"enemies":"Hexaghost","floor":16,"turns":10}],"seed_played":"-5403318036633782392","potions_obtained":[{"floor":7,"key":"Energy Potion"},{"floor":14,"key":"Dexterity Potion"}],"is_trial":false,"path_per_floor":["M","?","M","?","$","R","M","R","T","R","$","M","?","M","R","B"],"character_chosen":"IRONCLAD","items_purchased":["Dual Wield"],"campfire_rested":0,"item_purchase_floors":[11],"current_hp_per_floor":[72,77,77,77,77,77,77,77,77,77,77,76,76,70,70,0,0],"gold":46,"neow_bonus":"REMOVE_TWO","is_daily":false,"chose_seed":false,"campfire_upgraded":4,"win_rate":0.0,"timestamp":1613313918,"path_taken":["M","?","M","?","$","R","?","R","T","R","$","M","?","M","R","BOSS"],"items_purchased_type":["Card"],"build_version":"2020-12-22","purchased_purges":2,"victory":false,"max_hp_per_floor":[72,77,77,77,77,77,77,77,77,77,77,77,77,77,77,77,77],"relic_stats":{"counters":[6,28],"Gambling Chip":[8],"obtain_stats":[{"Gambling Chip":9,"Burning Blood":0},{"Gambling Chip":3,"Burning Blood":0},{"Gambling Chip":11,"Burning Blood":0}],"Burning Blood":22},"card_choices":[{"not_picked":["Perfected Strike","Heavy Blade","Headbutt"],"picked":"SKIP","floor":1},{"not_picked":["Pommel Strike","Rupture","Infernal Blade"],"picked":"SKIP","floor":3},{"not_picked":["Warcry","Second Wind","Perfected Strike"],"picked":"SKIP","floor":7},{"not_picked":["Body Slam","Pummel","Clash"],"picked":"SKIP","floor":12},{"not_picked":["Reckless Charge","Warcry","Ghostly Armor"],"picked":"SKIP","floor":14}],"player_experience":561646,"relics_obtained":[{"floor":9,"key":"Gambling Chip"}],"event_choices":[{"damage_healed":0,"gold_gain":0,"player_choice":"Donut","damage_taken":0,"max_hp_gain":5,"max_hp_loss":0,"event_name":"Big Fish","floor":2,"gold_loss":0},{"damage_healed":0,"gold_gain":100,"player_choice":"Pray","damage_taken":0,"max_hp_gain":0,"max_hp_loss":0,"event_name":"Golden Shrine","floor":4,"gold_loss":0},{"damage_healed":0,"gold_gain":0,"player_choice":"Ignored","damage_taken":0,"max_hp_gain":0,"max_hp_loss":0,"event_name":"Liars Game","floor":13,"gold_loss":0}],"is_beta":false,"boss_relics":[],"items_purged_floors":[5,11],"is_endless":false,"potions_floor_spawned":[7,14],"killed_by":"Hexaghost","ascension_level":0}}