{"host":"bsgp9wgausrmthh2","time":1613316620,"event":{"mods":["AchievementEnabler","BaseMod","Colored Map","Minty Spire (QoL Compilation)","StSLib"],"gold_per_floor":[118,135,135,153,153,180,180,180,252,267,280,253,253,266,266,371,371,382,382,382,393,409,409,409,163,163,163,163,163],"floor_reached":28,"language":"ENG","playtime":2198,"items_purged":[],"score":218,"play_id":"76e91f50-7666-43e8-9f1c-fa9575681130","local_time":"20210214103020","is_ascension_mode":false,"campfire_choices":[{"floor":7,"key":"RECALL"},{"floor":13,"key":"REST"},{"floor":15,"key":"REST"},{"floor":23,"key":"REST"}],"circlet_count":0,"master_deck":["Strike_P+1","Strike_P+1","Strike_P+1","Strike_P+1","Defend_P+1","Defend_P+1","Defend_P+1","Defend_P+1","Eruption+1","Vigilance","CutThroughFate","SashWhip","FollowUp","LikeWater","CutThroughFate","FlyingSleeves","JustLucky","Wireheading","Scrawl","PathToVictory","J.A.X.","Dark Shackles","WindmillStrike","Protect","Consecrate","EmptyFist"],"relics":["PureWater","Lantern","Nunchaku","Sundial","Busted Crown","Enchiridion","Blood Vial","HornCleat"],"acts_visited":["Exordium","TheCity"],"potions_floor_usage":[],"damage_taken":[{"damage":0,"enemies":"Small Slimes","floor":1,"turns":2},{"damage":6,"enemies":"2 Louse","floor":2,"turns":2},{"damage":0,"enemies":"Cultist","floor":4,"turns":3},{"damage":23,"enemies":"Lagavulin","floor":6,"turns":5},{"damage":21,"enemies":"Exordium Wildlife","floor":10,"turns":5},{"damage":0,"enemies":"Exordium Thugs","floor":11,"turns":6},{"damage":0,"enemies":"Looter","floor":14,"turns":3},{"damage":34,"enemies":"Hexaghost","floor":16,"turns":14},{"damage":7,"enemies":"Shell Parasite","floor":18,"turns":4},{"damage":20,"enemies":"2 Thieves","floor":21,"turns":4},{"damage":32,"enemies":"Sentry and Sphere","floor":22,"turns":6},{"damage":16,"enemies":"3 Cultists","floor":28,"turns":4}],"seed_played":"-4504782167025915769","potions_obtained":[{"floor":2,"key":"Ambrosia"},{"floor":6,"key":"EssenceOfSteel"},{"floor":14,"key":"GamblersBrew"}],"is_trial":false,"path_per_floor":["M","M","?","M","?","E","R","?","T","M","M","$","R","M","R","B",null,"M","?","?","M","M","R","?","$","T","?","M"],"character_chosen":"WATCHER","items_purchased":["JustLucky","Consecrate","Blood Vial","EmptyFist"],"campfire_rested":3,"item_purchase_floors":[12,25,25,25],"current_hp_per_floor":[72,66,66,66,66,43,43,31,31,10,10,10,31,31,52,18,72,65,65,53,33,1,22,6,6,6,6,0,0],"gold":163,"neow_bonus":"RANDOM_COMMON_RELIC","is_daily":false,"chose_seed":false,"campfire_upgraded":0,"win_rate":0.0,"timestamp":1613316620,"path_taken":["M","M","?","M","?","E","R","?","T","M","M","$","R","M","R","BOSS","M","?","?","?","M","R","?","?","T","?","M"],"items_purchased_type":["Card","Card","Relic","Card"],"build_version":"2020-12-22","purchased_purges":0,"victory":false,"max_hp_per_floor":[72,72,72,72,72,72,72,72,72,72,72,72,72,72,72,72,72,72,72,72,72,72,72,72,72,72,72,72,72],"card_choices":[{"not_picked":["FollowUp","PathToVictory"],"picked":"CutThroughFate","floor":1},{"not_picked":["Consecrate","PathToVictory"],"picked":"SashWhip","floor":2},{"not_picked":["Halt","FlurryOfBlows"],"picked":"FollowUp","floor":4},{"not_picked":["SashWhip","Fasting2"],"picked":"LikeWater","floor":6},{"not_picked":["SignatureMove","EmptyBody"],"picked":"CutThroughFate","floor":10},{"not_picked":["EmptyFist","Worship"],"picked":"FlyingSleeves","floor":11},{"not_picked":["WreathOfFlame","EmptyBody"],"picked":"Wireheading","floor":14},{"not_picked":["Omniscience","Brilliance"],"picked":"Scrawl","floor":16},{"not_picked":[],"picked":"PathToVictory","floor":18},{"not_picked":[],"picked":"WindmillStrike","floor":21},{"not_picked":[],"picked":"Protect","floor":22}],"player_experience":228616,"relics_obtained":[{"floor":6,"key":"Nunchaku"},{"floor":24,"key":"Enchiridion"},{"floor":26,"key":"HornCleat"}],"event_choices":[{"damage_healed":0,"gold_gain":0,"player_choice":"Ignored","damage_taken":0,"max_hp_gain":0,"max_hp_loss":0,"event_name":"Golden Wing","floor":3,"gold_loss":0},{"damage_healed":0,"gold_gain":0,"player_choice":"Grow","damage_taken":0,"max_hp_gain":0,"max_hp_loss":0,"event_name":"Living Wall","floor":5,"gold_loss":0,"cards_upgraded":["Eruption"]},{"damage_healed":0,"gold_gain":0,"player_choice":"Success","damage_taken":12,"relics_obtained":["Sundial"],"max_hp_gain":0,"max_hp_loss":0,"event_name":"Scrap Ooze","floor":8,"gold_loss":0},{"damage_healed":0,"gold_gain":0,"player_choice":"Obtain J.A.X.","damage_taken":0,"max_hp_gain":0,"max_hp_loss":0,"event_name":"Drug Dealer","floor":19,"gold_loss":0,"cards_obtained":["J.A.X."]},{"damage_healed":0,"gold_gain":0,"player_choice":"CARD ","damage_taken":12,"max_hp_gain":0,"max_hp_loss":0,"event_name":"Knowing Skull","floor":20,"potions_obtained":[],"gold_loss":0,"cards_obtained":["Dark Shackles"]},{"damage_healed":0,"gold_gain":0,"player_choice":"Obtained Book","damage_taken":16,"max_hp_gain":0,"max_hp_loss":0,"event_name":"Cursed Tome","floor":24,"gold_loss":0},{"damage_healed":0,"gold_gain":0,"player_choice":"Simplicity","damage_taken":0,"max_hp_gain":0,"max_hp_loss":0,"event_name":"Back to Basics","floor":27,"gold_loss":0,"cards_upgraded":["Strike_P","Strike_P","Strike_P","Strike_P","Defend_P","Defend_P","Defend_P","Defend_P"]}],"is_beta":false,"boss_relics":[{"not_picked":["Black Star","Velvet Choker"],"picked":"Busted Crown"}],"items_purged_floors":[],"is_endless":false,"potions_floor_spawned":[2,6,14,16],"killed_by":"3 Cultists","ascension_level":0}}