{"host":"f9ntswufr8mq3t4y","time":1613320691,"event":{"mods":["AchievementEnabler","BaseMod","Best Route Mod","Block Reminder","Colored Map","Colored Powertips","Curses Come First","DeckTracker","Displayed Cursed Tome","Highlight Path","Minty Spire (QoL Compilation)","Permanent Neow","Quick Restart","Slay-I","StSLib"],"gold_per_floor":[114,124,144,144,144,144,159,159,159,170,188,217,217,182,182,285,285,303,303,322,338,338,338,363,373,373,387,387,337,350,378,378,378,378],"floor_reached":33,"language":"ENG","playtime":2177,"items_purged":[],"score":376,"play_id":"5de4ad2b-e624-4b2f-9fd6-cc4520fe2d69","local_time":"20210214193811","is_ascension_mode":true,"campfire_choices":[{"data":"Bash","floor":6.0,"key":"SMITH"},{"data":"Anger","floor":8.0,"key":"SMITH"},{"data":"True Grit","floor":13.0,"key":"SMITH"},{"data":"Iron Wave","floor":15.0,"key":"SMITH"},{"data":"Double Tap","floor":23,"key":"SMITH"},{"data":"Shockwave","floor":28,"key":"SMITH"},{"data":"Reaper","floor":32,"key":"SMITH"}],"circlet_count":0,"master_deck":["Strike_R","Strike_R+1","Strike_R","Strike_R","Defend_R","Defend_R","Defend_R+1","Bash+1","Violence+1","Iron Wave+1","Clash","Feel No Pain","Anger+1","True Grit+1","Anger","Ghostly Armor","Double Tap+1","CurseOfTheBell","Flex","Power Through","Iron Wave+1","Reaper+1","Shockwave+1","Evolve","Headbutt+1"],"relics":["Burning Blood","Paper Frog","Bottled Lightning","Calling Bell","Anchor","Question Card","Incense Burner","Gambling Chip","Letter Opener","StrikeDummy"],"acts_visited":["TheCity"],"potions_floor_usage":[16,31],"damage_taken":[{"damage":1.0,"enemies":"Cultist","floor":1.0,"turns":3.0},{"damage":1.0,"enemies":"2 Louse","floor":2.0,"turns":3.0},{"damage":7.0,"enemies":"Small Slimes","floor":3.0,"turns":2.0},{"damage":21.0,"enemies":"Exordium Wildlife","floor":7.0,"turns":5.0},{"damage":2.0,"enemies":"3 Louse","floor":10.0,"turns":2.0},{"damage":0.0,"enemies":"Blue Slaver","floor":11.0,"turns":2.0},{"damage":15.0,"enemies":"3 Sentries","floor":12.0,"turns":7.0},{"damage":40,"enemies":"Hexaghost","floor":16,"turns":10},{"damage":19,"enemies":"3 Byrds","floor":18,"turns":6},{"damage":2,"enemies":"Chosen","floor":20,"turns":4},{"damage":20,"enemies":"Snake Plant","floor":21,"turns":5},{"damage":13,"enemies":"Book of Stabbing","floor":24,"turns":5},{"damage":36,"enemies":"Cultist and Chosen","floor":25,"turns":10},{"damage":0,"enemies":"Centurion and Healer","floor":27,"turns":3},{"damage":0,"enemies":"Snecko","floor":30,"turns":6},{"damage":29,"enemies":"Gremlin Leader","floor":31,"turns":7},{"damage":83,"enemies":"Champ","floor":33,"turns":10}],"seed_played":"-679837035336281793","potions_obtained":[{"floor":1.0,"key":"Fire Potion"},{"floor":10.0,"key":"SpeedPotion"},{"floor":12.0,"key":"Fruit Juice"},{"floor":18,"key":"Strength Potion"},{"floor":20,"key":"AttackPotion"}],"is_trial":false,"path_per_floor":["M","M","M","?","?","R","M","R","T","M","M","E","R","?","R","B",null,"M","?","M","M","?","R","E","M","T","M","R","?","M","E","R","B"],"character_chosen":"IRONCLAD","items_purchased":[],"campfire_rested":0,"item_purchase_floors":[],"current_hp_per_floor":[72,72,71,57,57,57,42,42,42,46,52,48,48,67,67,33,66,53,53,57,43,68,68,61,39,39,45,45,45,58,57,57,0,0],"gold":378,"neow_bonus":"RANDOM_COLORLESS_2","is_daily":false,"chose_seed":false,"campfire_upgraded":7,"win_rate":0.0,"timestamp":1613320691,"path_taken":["M","M","M","?","?","R","?","R","T","M","M","E","R","?","R","BOSS","M","?","M","M","?","R","E","M","T","M","R","?","?","E","R","BOSS"],"items_purchased_type":[],"build_version":"2020-12-22","purchased_purges":0,"victory":false,"max_hp_per_floor":[72,72,72,72,72,72,72,72,72,72,72,77,77,77,77,77,77,77,77,77,77,77,77,77,77,77,77,77,77,77,77,77,77,77],"card_choices":[{"not_picked":["Magnetism","Master of Strategy"],"picked":"Violence","floor":0.0},{"not_picked":["Headbutt","Body Slam"],"picked":"Iron Wave","floor":1.0},{"not_picked":["Warcry","Twin Strike"],"picked":"Clash","floor":2.0},{"not_picked":["Perfected Strike","Heavy Blade"],"picked":"Feel No Pain","floor":3.0},{"not_picked":["Entrench","Thunderclap"],"picked":"Anger","floor":7.0},{"not_picked":["Iron Wave","Pommel Strike"],"picked":"True Grit","floor":10.0},{"not_picked":["Pommel Strike","Seeing Red"],"picked":"Anger","floor":11.0},{"not_picked":["Intimidate","Body Slam"],"picked":"Ghostly Armor","floor":12.0},{"not_picked":["Corruption","Brutality"],"picked":"Double Tap","floor":16},{"not_picked":["Rage","Battle Trance","Dual Wield","Intimidate"],"picked":"SKIP","floor":18},{"not_picked":["Pommel Strike","Power Through","Searing Blow"],"picked":"Iron Wave+1","floor":20},{"not_picked":["Power Through","Feel No Pain","Armaments+1"],"picked":"Reaper","floor":21},{"not_picked":["Twin Strike","Body Slam","Barricade","Shrug It Off"],"picked":"SKIP","floor":24},{"not_picked":["Sentinel","Warcry","Bloodletting"],"picked":"Shockwave","floor":25},{"not_picked":["Thunderclap","Sword Boomerang","Armaments"],"picked":"Evolve","floor":27},{"not_picked":["Rampage","Dropkick","Pommel Strike","Power Through"],"picked":"SKIP","floor":30},{"not_picked":["Armaments","Flame Barrier","Perfected Strike"],"picked":"Headbutt+1","floor":31}],"player_experience":438076,"relics_obtained":[{"floor":9.0,"key":"Paper Frog"},{"floor":12.0,"key":"Bottled Lightning"},{"floor":17,"key":"Anchor"},{"floor":17,"key":"Question Card"},{"floor":17,"key":"Incense Burner"},{"floor":24,"key":"Gambling Chip"},{"floor":26,"key":"Letter Opener"},{"floor":31,"key":"StrikeDummy"}],"event_choices":[{"damage_healed":0.0,"max_hp_gain":0.0,"max_hp_loss":0.0,"gold_gain":0.0,"event_name":"Shining Light","player_choice":"Entered Light","floor":4.0,"gold_loss":0.0,"damage_taken":14.0,"cards_upgraded":["Strike_R","Defend_R"]},{"damage_healed":0.0,"max_hp_gain":0.0,"max_hp_loss":0.0,"gold_gain":0.0,"event_name":"Accursed Blacksmith","player_choice":"Forge","floor":5.0,"gold_loss":0.0,"damage_taken":0.0,"cards_upgraded":["Violence"]},{"damage_healed":19.0,"max_hp_gain":0.0,"max_hp_loss":0.0,"gold_gain":0.0,"event_name":"The Cleric","player_choice":"Healed","floor":14.0,"gold_loss":35.0,"damage_taken":0.0},{"damage_healed":0,"gold_gain":0,"cards_transformed":["Strike_R","Defend_R"],"player_choice":"Became Test Subject","damage_taken":0,"max_hp_gain":0,"max_hp_loss":0,"event_name":"Drug Dealer","floor":19,"gold_loss":0,"cards_obtained":["Flex","Power Through"]},{"damage_healed":25,"gold_gain":0,"player_choice":"Heal","damage_taken":0,"max_hp_gain":0,"max_hp_loss":0,"event_name":"The Library","floor":22,"gold_loss":0},{"damage_healed":0,"gold_gain":0,"player_choice":"Bet on Owner","damage_taken":0,"max_hp_gain":0,"max_hp_loss":0,"event_name":"The Joust","floor":29,"gold_loss":50}],"is_beta":false,"boss_relics":[{"not_picked":["Snecko Eye","Philosopher\u0027s Stone"],"picked":"Calling Bell"}],"items_purged_floors":[],"is_endless":false,"potions_floor_spawned":[1,10,12,18,20,25],"killed_by":"Champ","ascension_level":6}}