{"host":"sian7qp8a9pc9xwd","time":1613269788,"event":{"mods":["BaseMod","Minty Spire (QoL Compilation)","StSLib","SuperFastMode"],"gold_per_floor":[115,40,40,50,125,125,156,166,166,166,44,55,55,55,55,155,155,172,188,188,45,63,63,93,105,179,179,25,25,25,54,54,158,158,178,178,130,147,147,147,180,180,180,180,180,515,134,150,150,150],"floor_reached":51,"language":"ENG","playtime":2426,"items_purged":["Clumsy","Strike_P","Defend_P+1"],"score":1267,"play_id":"e69e08a2-e90a-4068-b263-02ca2ff0c1c7","local_time":"20210213212948","is_ascension_mode":true,"campfire_choices":[{"data":"CutThroughFate","floor":6.0,"key":"SMITH"},{"floor":10.0,"key":"REST"},{"data":"CutThroughFate","floor":13.0,"key":"SMITH"},{"floor":15.0,"key":"REST"},{"data":"Vault","floor":23.0,"key":"SMITH"},{"data":"Defend_P","floor":27.0,"key":"SMITH"},{"floor":29.0,"key":"REST"},{"data":"SpiritShield","floor":32.0,"key":"SMITH"},{"data":"FlurryOfBlows","floor":40.0,"key":"SMITH"},{"floor":42.0,"key":"REST"},{"data":"CutThroughFate","floor":45.0,"key":"SMITH"},{"data":"Blind","floor":49.0,"key":"SMITH"}],"circlet_count":0,"master_deck":["AscendersBane","Strike_P+1","Defend_P+1","Defend_P+1","Eruption+1","Vigilance+1","LessonLearned+1","CutThroughFate+1","FollowUp+1","CarveReality+1","FlurryOfBlows+1","CutThroughFate+1","Vault+1","Vault+1","RitualDagger+1","SpiritShield+1","Evaluate+1","Vault+1","FlurryOfBlows+1","CutThroughFate+1","Vault+1","Blind+1","CutThroughFate","FlurryOfBlows+1"],"relics":["PureWater","Nunchaku","Mummified Hand","Kunai","Empty Cage","Lee\u0027s Waffle","GoldenEye","Blue Candle","DollysMirror","WingedGreaves","Black Star","Bird Faced Urn","War Paint","Sundial","Old Coin","Ice Cream"],"acts_visited":["Exordium","TheCity","TheBeyond"],"potions_floor_usage":[50],"damage_taken":[{"damage":6.0,"enemies":"2 Louse","floor":1.0,"turns":6.0},{"damage":1.0,"enemies":"Cultist","floor":4.0,"turns":4.0},{"damage":27.0,"enemies":"Lagavulin","floor":7.0,"turns":4.0},{"damage":7.0,"enemies":"Jaw Worm","floor":8.0,"turns":4.0},{"damage":7.0,"enemies":"Looter","floor":12.0,"turns":4.0},{"damage":33.0,"enemies":"The Guardian","floor":16.0,"turns":7.0},{"damage":0.0,"enemies":"Spheric Guardian","floor":18.0,"turns":2.0},{"damage":6.0,"enemies":"3 Byrds","floor":19.0,"turns":3.0},{"damage":15.0,"enemies":"Snake Plant","floor":22.0,"turns":3.0},{"damage":0.0,"enemies":"Gremlin Leader","floor":24.0,"turns":3.0},{"damage":5.0,"enemies":"Centurion and Healer","floor":25.0,"turns":4.0},{"damage":16.0,"enemies":"Book of Stabbing","floor":31.0,"turns":6.0},{"damage":28.0,"enemies":"Collector","floor":33.0,"turns":5.0},{"damage":5.0,"enemies":"3 Shapes","floor":35.0,"turns":4.0},{"damage":23.0,"enemies":"3 Darklings","floor":38.0,"turns":6.0},{"damage":0.0,"enemies":"Nemesis","floor":41.0,"turns":5.0},{"damage":6.0,"enemies":"Reptomancer","floor":46.0,"turns":5.0},{"damage":8.0,"enemies":"Sphere and 2 Shapes","floor":48.0,"turns":5.0},{"damage":57,"enemies":"Awakened One","floor":50,"turns":25}],"seed_played":"-3320761691403124863","potions_obtained":[{"floor":7.0,"key":"ColorlessPotion"},{"floor":16.0,"key":"LiquidMemories"},{"floor":19.0,"key":"BottledMiracle"},{"floor":31.0,"key":"GamblersBrew"},{"floor":33.0,"key":"Fruit Juice"},{"floor":46.0,"key":"ColorlessPotion"}],"is_trial":false,"path_per_floor":["M","$","?","M","?","R","E","M","T","R","$","M","R","?","R","B",null,"M","M","?","$","M","R","E","M","T","R","$","R","?","E","R","B",null,"M","?","$","M","?","R","E","R","T","?","R","E","$","M","R","B",null],"character_chosen":"WATCHER","items_purchased":["FlurryOfBlows","Lee\u0027s Waffle","DollysMirror","FlurryOfBlows","Vault","Blind","CutThroughFate"],"campfire_rested":4,"item_purchase_floors":[11,21,28,37,47,47,47],"current_hp_per_floor":[59,59,59,58,47,47,20,13,13,34,34,27,27,24,45,12,57,57,51,38,84,69,69,69,64,64,64,64,84,78,62,62,34,72,67,67,67,44,44,44,44,69,69,69,69,68,68,60,60,3],"gold":150,"neow_bonus":"THREE_RARE_CARDS","is_daily":false,"chose_seed":false,"campfire_upgraded":8,"win_rate":0.0,"timestamp":1613269788,"path_taken":["M","$","?","?","?","R","E","M","T","R","$","M","R","?","R","BOSS","M","M","?","$","M","R","E","M","T","R","$","R","?","E","R","BOSS","M","?","$","?","?","R","E","R","T","?","R","E","$","M","R","BOSS"],"items_purchased_type":["Card","Relic","Relic","Card","Card","Card","Card"],"build_version":"2020-12-22","purchased_purges":3,"victory":true,"max_hp_per_floor":[72,72,72,72,72,72,72,72,72,72,72,72,72,72,72,72,72,72,72,77,84,84,84,84,84,84,84,84,84,84,84,84,84,84,84,84,84,84,84,84,84,84,84,80,80,85,85,85,85,85],"card_choices":[{"not_picked":["Establishment","Alpha"],"picked":"LessonLearned","floor":0.0},{"not_picked":["FlyingSleeves","Wireheading","CrushJoints"],"picked":"SKIP","floor":1.0},{"not_picked":["InnerPeace","FollowUp"],"picked":"CutThroughFate","floor":4.0},{"not_picked":["BowlingBash","DevaForm"],"picked":"FollowUp","floor":7.0},{"not_picked":["Protect","ThirdEye"],"picked":"CarveReality","floor":8.0},{"not_picked":["SashWhip","Conclude"],"picked":"CutThroughFate","floor":12.0},{"not_picked":["Blasphemy","Establishment"],"picked":"Vault","floor":16.0},{"not_picked":["WaveOfTheHand+1","Crescendo","WheelKick"],"picked":"SKIP","floor":18.0},{"not_picked":["JustLucky","CrushJoints+1","PathToVictory"],"picked":"SKIP","floor":19.0},{"not_picked":["InnerPeace","Crescendo","Weave"],"picked":"SKIP","floor":22.0},{"not_picked":["BowlingBash","Prostrate","EmptyFist+1"],"picked":"SKIP","floor":24.0},{"not_picked":["Crescendo","WaveOfTheHand+1","ConjureBlade"],"picked":"SKIP","floor":25.0},{"not_picked":["Collect","CrushJoints"],"picked":"SpiritShield","floor":31.0},{"not_picked":["Prostrate+1","JustLucky+1"],"picked":"Evaluate+1","floor":35.0},{"not_picked":["BowlingBash+1","Protect+1","SashWhip+1"],"picked":"SKIP","floor":38.0},{"not_picked":["FlurryOfBlows+1","WindmillStrike+1"],"picked":"CutThroughFate","floor":41.0},{"not_picked":["BowlingBash","Meditate+1","FlyingSleeves"],"picked":"SKIP","floor":46.0},{"not_picked":["CrushJoints+1","Scrawl"],"picked":"FlurryOfBlows+1","floor":48.0}],"player_experience":985973,"relics_obtained":[{"floor":7.0,"key":"Nunchaku"},{"floor":9.0,"key":"Mummified Hand"},{"floor":24.0,"key":"GoldenEye"},{"floor":26.0,"key":"Blue Candle"},{"floor":31.0,"key":"WingedGreaves"},{"floor":41.0,"key":"Bird Faced Urn"},{"floor":41.0,"key":"War Paint"},{"floor":43.0,"key":"Sundial"},{"floor":46.0,"key":"Old Coin"},{"floor":46.0,"key":"Ice Cream"}],"event_choices":[{"damage_healed":0.0,"max_hp_gain":0.0,"max_hp_loss":0.0,"gold_gain":0.0,"event_name":"Accursed Blacksmith","player_choice":"Forge","floor":3.0,"gold_loss":0.0,"damage_taken":0.0,"cards_upgraded":["Eruption"]},{"damage_healed":0.0,"max_hp_gain":0.0,"max_hp_loss":0.0,"gold_gain":75.0,"event_name":"World of Goop","player_choice":"Gather Gold","floor":5.0,"gold_loss":0.0,"damage_taken":11.0},{"damage_healed":0.0,"max_hp_gain":0.0,"max_hp_loss":0.0,"gold_gain":0.0,"event_name":"Scrap Ooze","player_choice":"Success","floor":14.0,"gold_loss":0.0,"damage_taken":3.0,"relics_obtained":["Kunai"]},{"damage_healed":0.0,"max_hp_gain":5.0,"max_hp_loss":0.0,"gold_gain":0.0,"event_name":"Forgotten Altar","player_choice":"Shed Blood","floor":20.0,"gold_loss":0.0,"damage_taken":18.0},{"damage_healed":0.0,"max_hp_gain":0.0,"max_hp_loss":0.0,"gold_gain":0.0,"event_name":"Nest","player_choice":"Joined the Cult","floor":30.0,"gold_loss":0.0,"damage_taken":6.0,"cards_obtained":["RitualDagger"]},{"damage_healed":0.0,"max_hp_gain":0.0,"max_hp_loss":0.0,"gold_gain":0.0,"event_name":"Duplicator","player_choice":"Copied","floor":36.0,"gold_loss":0.0,"damage_taken":0.0,"cards_obtained":["Vault"]},{"cards_removed":["Strike_P"],"damage_healed":0.0,"max_hp_gain":0.0,"max_hp_loss":0.0,"gold_gain":0.0,"event_name":"Falling","player_choice":"Removed Attack","floor":39.0,"gold_loss":0.0,"damage_taken":0.0},{"damage_healed":0.0,"max_hp_gain":0.0,"max_hp_loss":4.0,"gold_gain":0.0,"event_name":"Winding Halls","player_choice":"Max HP","floor":44.0,"gold_loss":0.0,"damage_taken":0.0}],"is_beta":false,"boss_relics":[{"not_picked":["VioletLotus","Coffee Dripper"],"picked":"Empty Cage"},{"not_picked":["Snecko Eye","Runic Pyramid"],"picked":"Black Star"}],"items_purged_floors":[2,11,47],"is_endless":false,"potions_floor_spawned":[7,16,19,22,31,33,46],"ascension_level":11}}