{"host":"u0qetpmu4y58k1tf","time":1613296231,"event":{"mods":["100% Spire Juice","AchievementEnabler","Act Like it!","BaseMod","CapriCore","Colored Map","Colored Powertips","Hermit","Koishi","Marisa£¨Ùöéë¡¡Øª×âÞÞ£©","Minty Spire (QoL Compilation)","Quick Restart","Reliquary","Replay The Spire","StSLib","Td1madao Mod","The Bug Knight","The Cursed","The Dragon Tamer","The Gatherer","The Hierophant","The Immortal","The Jungle","The Runesmith","WarShipGirlsR/??á´Ò³R mod"],"gold_per_floor":[109,123,11,11,11,39,39,39,62,62,62,82,97,109,109,109,109],"floor_reached":16,"language":"KOR","playtime":627,"items_purged":["HollowMod:NailStrikeStart"],"score":125,"play_id":"e5b78e06-082c-435e-94fd-7a9e77de6d67","local_time":"20210214185031","is_ascension_mode":false,"campfire_choices":[{"data":"HollowMod:HuntersJournal","floor":11,"key":"SMITH"},{"data":"HollowMod:WraithStrike","floor":15,"key":"SMITH"}],"circlet_count":0,"master_deck":["HollowMod:NailStrikeStart","HollowMod:NailStrikeStart","HollowMod:QuickDashStart","HollowMod:QuickDashStart","HollowMod:QuickDashStart","HollowMod:QuickDashStart","HollowMod:FocusHealStart","HollowMod:PogoStrike","HollowMod:WraithStrike+1","HollowMod:HuntersJournal+1","HollowMod:SharpenedNail+1","HollowMod:SiblingsShadow","HollowMod:ShadowDash"],"relics":["HollowMod:VesselMask","NeowsBlessing","Nunchaku"],"acts_visited":["Exordium"],"potions_floor_usage":[16,16,16],"damage_taken":[{"damage":0,"enemies":"2 Louse","floor":1,"turns":1},{"damage":0,"enemies":"Cultist","floor":2,"turns":1},{"damage":0,"enemies":"Gremlin Nob","floor":6,"turns":1},{"damage":7,"enemies":"Small Slimes","floor":12,"turns":2},{"damage":4,"enemies":"Looter","floor":13,"turns":3},{"damage":4,"enemies":"Lots of Slimes","floor":14,"turns":3},{"damage":60,"enemies":"Slime Boss","floor":16,"turns":9}],"seed_played":"8283089720337762757","potions_obtained":[{"floor":2,"key":"LiquidMemories"},{"floor":4,"key":"ColorlessPotion"},{"floor":4,"key":"Cursed Concoction"}],"is_trial":false,"path_per_floor":["M","M","$","?","$","E","?","?","T","$","R","M","M","M","R","B"],"character_chosen":"THE_BUGKNIGHT","items_purchased":["HollowMod:SharpenedNail+1"],"campfire_rested":0,"item_purchase_floors":[3],"current_hp_per_floor":[75,75,75,75,75,75,75,75,75,75,75,68,64,60,60,0,0],"gold":109,"neow_bonus":"THREE_ENEMY_KILL","is_daily":false,"chose_seed":false,"campfire_upgraded":2,"win_rate":0.0,"timestamp":1613296231,"path_taken":["M","M","$","?","?","E","?","?","T","?","R","M","M","?","R","BOSS"],"items_purchased_type":["Card"],"build_version":"2020-12-22","purchased_purges":1,"victory":false,"max_hp_per_floor":[75,75,75,75,75,75,75,75,75,75,75,75,75,75,75,75,75],"card_choices":[{"not_picked":["HollowMod:HeavyBlow","HollowMod:VengefulVoid"],"picked":"HollowMod:WraithStrike","floor":1},{"not_picked":["HollowMod:AbyssShriek","HollowMod:WraithStrike"],"picked":"HollowMod:HuntersJournal","floor":2},{"not_picked":["HollowMod:ShadowDash","HollowMod:MonarchWings"],"picked":"HollowMod:SiblingsShadow","floor":6},{"not_picked":["HollowMod:ChannelNail","HollowMod:CrystalDash","HollowMod:CornifersMapStart"],"picked":"SKIP","floor":12},{"not_picked":["HollowMod:InfectionAssault","HollowMod:GreatSlash"],"picked":"HollowMod:ShadowDash","floor":13},{"not_picked":["HollowMod:SoulStrike","HollowMod:VengefulVoid","HollowMod:CornifersMapStart"],"picked":"SKIP","floor":14}],"player_experience":153661,"relics_obtained":[{"floor":6,"key":"Nunchaku"}],"event_choices":[{"damage_healed":0,"gold_gain":0,"player_choice":"Got Potions","damage_taken":0,"max_hp_gain":0,"max_hp_loss":0,"event_name":"Lab","floor":4,"gold_loss":0},{"damage_healed":0,"gold_gain":0,"player_choice":"Leave","damage_taken":0,"max_hp_gain":0,"max_hp_loss":0,"event_name":"The Cleric","floor":7,"gold_loss":0}],"is_beta":false,"boss_relics":[],"items_purged_floors":[3],"is_endless":false,"potions_floor_spawned":[2,13,14],"killed_by":"Slime Boss","ascension_level":0}}