{"host":"pqs17sqrgflf4eqa","time":1613324577,"event":{"mods":["AchievementEnabler","BaseMod","Bestiary","Better Altar","Better Match","Better Skull","Block Reminder","Bossed Relics","Colored Map","Colored Powertips","Curses Come First","Dark Map","DeckTracker","Defective Defect","Displayed Cursed Tome","Emptier Cage","Googly Eyes","Highlight Path","Minty Spire (QoL Compilation)","Quick Restart","Slay-I","StSLib","SuperFastMode","Synergy Search","Thieving Mod","Transform Curses","everything is the same but u backflip on backflip","slay the spire mod where everything is the same but ironclad has a cowboy hat"],"gold_per_floor":[110,128,141,161,161,192,192,210,210,210,235,235,250,293,293,422,422,437,35,58,83,83,183,3,27,50,69,69,69,69,100,100,100,100],"floor_reached":33,"language":"ENG","playtime":919,"items_purged":["Strike_G","Writhe"],"score":363,"play_id":"57fefe3b-e0b8-46f4-98ec-299aaab7acaa","local_time":"20210214124257","is_ascension_mode":true,"campfire_choices":[{"floor":12.0,"key":"REST"},{"floor":15.0,"key":"REST"},{"floor":32,"key":"REST"}],"circlet_count":0,"master_deck":["Strike_G","Strike_G","Strike_G","Defend_G","Defend_G","Defend_G","Defend_G","Survivor","Neutralize","Sucker Punch","Poisoned Stab","Footwork","Glass Knife","Sucker Punch","Leg Sweep","Predator","Venomology","Wraith Form v2","Bouncing Flask+1","Backflip","Noxious Fumes","Adrenaline","Wraith Form v2"],"relics":["Ring of the Snake","Shuriken","Golden Idol","Pantograph","Ninja Scroll","Torii","Empty Cage","Paper Crane","Question Card","Boot","Blood Vial","Gremlin Horn","Bottled Tornado"],"acts_visited":["Exordium","TheCity"],"potions_floor_usage":[31,31,31,33,33],"damage_taken":[{"damage":8.0,"enemies":"Cultist","floor":1.0,"turns":4.0},{"damage":0.0,"enemies":"2 Louse","floor":2.0,"turns":3.0},{"damage":6.0,"enemies":"Small Slimes","floor":3.0,"turns":3.0},{"damage":3.0,"enemies":"Blue Slaver","floor":4.0,"turns":4.0},{"damage":31.0,"enemies":"Lagavulin","floor":6.0,"turns":8.0},{"damage":6.0,"enemies":"Exordium Wildlife","floor":8.0,"turns":5.0},{"damage":7.0,"enemies":"Lots of Slimes","floor":11.0,"turns":3.0},{"damage":0.0,"enemies":"Red Slaver","floor":13.0,"turns":3.0},{"damage":10.0,"enemies":"3 Sentries","floor":14.0,"turns":5.0},{"damage":12.0,"enemies":"Hexaghost","floor":16.0,"turns":7.0},{"damage":2.0,"enemies":"3 Byrds","floor":18.0,"turns":4.0},{"damage":14.0,"enemies":"Shell Parasite","floor":20.0,"turns":4.0},{"damage":10.0,"enemies":"Centurion and Healer","floor":21.0,"turns":7.0},{"damage":5.0,"enemies":"Snake Plant","floor":25.0,"turns":4.0},{"damage":0.0,"enemies":"3 Cultists","floor":27.0,"turns":2.0},{"damage":21,"enemies":"Slavers","floor":31,"turns":4},{"damage":61,"enemies":"Champ","floor":33,"turns":14}],"seed_played":"-1088572197353125016","potions_obtained":[{"floor":2.0,"key":"Weak Potion"},{"floor":11.0,"key":"Strength Potion"},{"floor":13.0,"key":"Block Potion"},{"floor":18.0,"key":"Strength Potion"},{"floor":31,"key":"Explosive Potion"}],"is_trial":false,"path_per_floor":["M","M","M","M","?","E","?","M","T","T","M","R","M","E","R","B",null,"M","$","M","M","?","?","$","M","T","M","$","?","T","E","R","B"],"character_chosen":"THE_SILENT","items_purchased":["Paper Crane","CunningPotion","Noxious Fumes"],"campfire_rested":3,"item_purchase_floors":[19,19,24],"current_hp_per_floor":[62,62,56,53,58,27,27,21,21,21,14,36,36,26,48,61,72,70,70,56,46,46,46,46,41,41,41,41,21,21,2,24,0,0],"gold":100,"neow_bonus":"TEN_PERCENT_HP_BONUS","is_daily":false,"chose_seed":false,"campfire_upgraded":0,"win_rate":0.0,"timestamp":1613324577,"path_taken":["M","M","?","M","?","E","?","M","T","?","M","R","M","E","R","BOSS","M","$","M","M","?","?","$","M","T","?","?","?","?","E","R","BOSS"],"items_purchased_type":["Relic","Potion","Card"],"build_version":"2020-12-22","purchased_purges":2,"victory":false,"max_hp_per_floor":[77,77,77,77,82,82,76,76,76,76,76,76,76,76,76,76,76,76,76,76,76,76,76,76,76,76,76,76,76,76,76,76,76,76],"card_choices":[{"not_picked":["Underhanded Strike","Bane"],"picked":"Sucker Punch","floor":1.0},{"not_picked":["Slice","Deadly Poison"],"picked":"Poisoned Stab","floor":2.0},{"not_picked":["Bane","Dagger Spray"],"picked":"Footwork","floor":3.0},{"not_picked":["Reflex","Outmaneuver"],"picked":"Glass Knife","floor":4.0},{"not_picked":["Blade Dance","Distraction"],"picked":"Sucker Punch","floor":6.0},{"not_picked":["Slice","Quick Slash","Acrobatics"],"picked":"SKIP","floor":8.0},{"not_picked":["Flechettes","Reflex"],"picked":"Leg Sweep","floor":11.0},{"not_picked":["Cloak And Dagger","Dagger Spray"],"picked":"Predator","floor":13.0},{"not_picked":["Choke","Heel Hook"],"picked":"Venomology","floor":14.0},{"not_picked":["Tools of the Trade","Doppelganger"],"picked":"Wraith Form v2","floor":16.0},{"not_picked":["Sucker Punch+1","Blade Dance"],"picked":"Bouncing Flask+1","floor":18.0},{"not_picked":["Flying Knee","Sucker Punch"],"picked":"Backflip","floor":20.0},{"not_picked":["Dagger Spray","Dagger Throw+1","Escape Plan"],"picked":"SKIP","floor":21.0},{"not_picked":["Quick Slash","Outmaneuver","All Out Attack+1"],"picked":"Adrenaline","floor":25.0},{"not_picked":["Choke","Dash+1","Slice+1","Outmaneuver"],"picked":"SKIP","floor":27.0},{"not_picked":["PiercingWail+1","Dagger Throw","Blade Dance"],"picked":"Wraith Form v2","floor":31}],"player_experience":206268,"relics_obtained":[{"floor":6.0,"key":"Shuriken"},{"floor":9.0,"key":"Pantograph"},{"floor":10.0,"key":"Ninja Scroll"},{"floor":14.0,"key":"Torii"},{"floor":26.0,"key":"Boot"},{"floor":30.0,"key":"Gremlin Horn"},{"floor":31,"key":"Bottled Tornado"}],"event_choices":[{"damage_healed":0.0,"max_hp_gain":5.0,"max_hp_loss":0.0,"gold_gain":0.0,"event_name":"Big Fish","player_choice":"Donut","floor":5.0,"gold_loss":0.0,"damage_taken":0.0},{"damage_healed":0.0,"max_hp_gain":0.0,"max_hp_loss":6.0,"gold_gain":0.0,"event_name":"Golden Idol","player_choice":"Lose Max HP","floor":7.0,"gold_loss":0.0,"damage_taken":0.0,"relics_obtained":["Golden Idol"]},{"damage_healed":0.0,"max_hp_gain":0.0,"max_hp_loss":0.0,"gold_gain":0.0,"event_name":"The Mausoleum","player_choice":"Opened","floor":22.0,"gold_loss":0.0,"damage_taken":0.0,"relics_obtained":["Question Card"],"cards_obtained":["Writhe"]},{"damage_healed":0.0,"max_hp_gain":0.0,"max_hp_loss":0.0,"gold_gain":100.0,"event_name":"Golden Shrine","player_choice":"Pray","floor":23.0,"gold_loss":0.0,"damage_taken":0.0},{"damage_healed":0.0,"max_hp_gain":41.0,"max_hp_loss":21.0,"gold_gain":0.0,"event_name":"betterAltar:BetterAltar","player_choice":" Vial ","floor":29.0,"potions_obtained":[],"relics_lost":[],"gold_loss":0.0,"damage_taken":20.0,"relics_obtained":["Blood Vial"]}],"is_beta":false,"boss_relics":[{"not_picked":["HoveringKite","Fusion Hammer"],"picked":"Empty Cage"}],"items_purged_floors":[19,24],"is_endless":false,"potions_floor_spawned":[2,11,13,18,31],"killed_by":"Champ","ascension_level":6}}