{"host":"512s0dw15c3jqxy4","time":1613271535,"event":{"mods":["BaseMod","Colored Powertips","Highlight Path","Minty Spire (QoL Compilation)","Quick Restart","Relic Stats"],"gold_per_floor":[115,115,133,133,308,308,340,415,462,30,40,40,60,93,93,93,93],"floor_reached":16,"language":"ENG","playtime":585,"items_purged":["Doubt"],"score":130,"play_id":"e41bca7b-bc42-403a-9cd8-e65b36616a85","local_time":"20210213165855","is_ascension_mode":true,"campfire_choices":[{"floor":6,"key":"REST"},{"floor":12,"key":"REST"},{"floor":15,"key":"REST"}],"circlet_count":0,"master_deck":["Strike_R+1","Strike_R","Strike_R","Strike_R","Strike_R","Defend_R","Defend_R+1","Defend_R","Defend_R","Bash","Wild Strike","Anger","Demon Form","Dropkick","Shrug It Off","Warcry","Flame Barrier"],"relics":["SacredBark","Bag of Preparation","Potion Belt","Dream Catcher","Membership Card","Kunai","Bottled Tornado","Happy Flower"],"acts_visited":["Exordium"],"potions_floor_usage":[16],"damage_taken":[{"damage":6,"enemies":"Jaw Worm","floor":1,"turns":6},{"damage":7,"enemies":"Small Slimes","floor":3,"turns":3},{"damage":41,"enemies":"3 Sentries","floor":7,"turns":10},{"damage":5,"enemies":"2 Louse","floor":11,"turns":3},{"damage":19,"enemies":"Exordium Thugs","floor":13,"turns":5},{"damage":7,"enemies":"Lagavulin","floor":14,"turns":6},{"damage":31,"enemies":"The Guardian","floor":16,"turns":8}],"seed_played":"7014097161870587942","potions_obtained":[{"floor":11,"key":"GamblersBrew"},{"floor":13,"key":"SteroidPotion"}],"is_trial":false,"path_per_floor":["M","?","M","?","?","R","E","?","T","$","M","R","M","E","R","B"],"character_chosen":"IRONCLAD","items_purchased":["Membership Card","Kunai","Bottled Tornado"],"campfire_rested":3,"item_purchase_floors":[10,10,10],"current_hp_per_floor":[74,67,60,44,44,68,27,16,16,16,11,35,16,9,33,2,2],"gold":93,"neow_bonus":"BOSS_RELIC","is_daily":false,"chose_seed":false,"campfire_upgraded":0,"win_rate":0.0,"timestamp":1613271535,"path_taken":["M","?","M","?","?","R","E","?","T","$","M","R","M","E","R","BOSS"],"items_purchased_type":["Relic","Relic","Relic"],"build_version":"2020-12-22","purchased_purges":1,"victory":false,"max_hp_per_floor":[80,80,80,80,80,80,80,80,80,80,80,80,80,80,80,80,80],"relic_stats":{"Dream Catcher":2,"Happy Flower":[2],"counters":[7,41],"Bag of Preparation":[12],"Kunai":[4],"obtain_stats":[{"Potion Belt":7,"Dream Catcher":9,"Happy Flower":14,"SacredBark":0,"Bag of Preparation":2,"Membership Card":10,"Kunai":10,"Bottled Tornado":10,"Burning Blood":0},{"Potion Belt":3,"Dream Catcher":3,"Happy Flower":6,"SacredBark":0,"Bag of Preparation":1,"Membership Card":3,"Kunai":3,"Bottled Tornado":3,"Burning Blood":0},{"Potion Belt":19,"Dream Catcher":19,"Happy Flower":33,"SacredBark":0,"Bag of Preparation":6,"Membership Card":19,"Kunai":19,"Bottled Tornado":19,"Burning Blood":0}]},"card_choices":[{"not_picked":["Headbutt","Battle Trance"],"picked":"Wild Strike","floor":1},{"not_picked":["Body Slam","Second Wind"],"picked":"Anger","floor":3},{"not_picked":["Inflame","Flex"],"picked":"Demon Form","floor":7},{"not_picked":["Thunderclap","Clothesline"],"picked":"Dropkick","floor":11},{"not_picked":["True Grit","Rupture"],"picked":"Shrug It Off","floor":13},{"not_picked":["Exhume","Heavy Blade"],"picked":"Warcry","floor":14},{"not_picked":["Rupture","Sentinel"],"picked":"Flame Barrier","floor":15}],"player_experience":230699,"relics_obtained":[{"floor":7,"key":"Potion Belt"},{"floor":9,"key":"Dream Catcher"},{"floor":14,"key":"Happy Flower"}],"event_choices":[{"damage_healed":0,"gold_gain":0,"player_choice":"Success","damage_taken":7,"relics_obtained":["Bag of Preparation"],"max_hp_gain":0,"max_hp_loss":0,"event_name":"Scrap Ooze","floor":2,"gold_loss":0},{"damage_healed":0,"gold_gain":0,"player_choice":"Entered Light","damage_taken":16,"max_hp_gain":0,"max_hp_loss":0,"event_name":"Shining Light","floor":4,"gold_loss":0,"cards_upgraded":["Strike_R","Defend_R"]},{"damage_healed":0,"gold_gain":175,"player_choice":"AGREE","damage_taken":0,"max_hp_gain":0,"max_hp_loss":0,"event_name":"Liars Game","floor":5,"gold_loss":0,"cards_obtained":["Doubt"]},{"damage_healed":0,"gold_gain":75,"player_choice":"Gather Gold","damage_taken":11,"max_hp_gain":0,"max_hp_loss":0,"event_name":"World of Goop","floor":8,"gold_loss":0}],"is_beta":false,"boss_relics":[],"items_purged_floors":[10],"is_endless":false,"potions_floor_spawned":[11,13],"killed_by":"The Guardian","ascension_level":4}}