{"host":"ix07nhfx4o3nf6kx","time":1613296262,"event":{"mods":["BaseMod","Hermit","Minty Spire (QoL Compilation)","StSLib","The Bug Knight","The Cursed","The Dragon Tamer","The Hierophant","The Jungle","The Runesmith"],"gold_per_floor":[15,31,46,60,235,235,235,53,129,51,51,77,77,93,93,196,196,207,218,235,160,160,160,172,172,226,226,0,0,11,11,11],"floor_reached":31,"language":"KOR","playtime":3802,"items_purged":["HollowMod:TaintedHusks"],"score":235,"play_id":"f6751c5a-e52e-44a8-842e-b401814f7703","local_time":"20210214185102","is_ascension_mode":false,"campfire_choices":[{"data":"HollowMod:HowlingWraiths","floor":6,"key":"SMITH"},{"data":"Apotheosis","floor":11,"key":"SMITH"},{"data":"HollowMod:FocusHealStart","floor":15,"key":"SMITH"},{"floor":23,"key":"REST"},{"data":"HollowMod:Hiveblood","floor":25,"key":"SMITH"}],"circlet_count":0,"master_deck":["HollowMod:NailStrikeStart","HollowMod:NailStrikeStart","HollowMod:NailStrikeStart","HollowMod:NailStrikeStart","HollowMod:QuickDashStart","HollowMod:QuickDashStart","HollowMod:QuickDashStart","HollowMod:QuickDashStart","HollowMod:FocusHealStart+1","HollowMod:PogoStrike+1","HollowMod:SoulStrike","HollowMod:InfectedAttack+1","HollowMod:HowlingWraiths+1","Apotheosis+1","HollowMod:AwokenDreamNail+1","HollowMod:DungDefenderAura","HollowMod:GoodIntentions","HollowMod:Hiveblood+1","HollowMod:DesolateDive","HollowMod:GreatSlash+1","HollowMod:PerfectDash","HollowMod:DreamGate","HollowMod:NewLastStag","HollowMod:HeavyBlow"],"relics":["HollowMod:VesselMask","Runesmith:Locket","Runesmith:Nanobots","Oddly Smooth Stone","Black Star","Whetstone","Mummified Hand"],"acts_visited":["Exordium","TheCity"],"potions_floor_usage":[20,20,24],"damage_taken":[{"damage":0,"enemies":"2 Louse","floor":1,"turns":3},{"damage":0,"enemies":"Small Slimes","floor":2,"turns":2},{"damage":1,"enemies":"Jaw Worm","floor":3,"turns":3},{"damage":5,"enemies":"Exordium Thugs","floor":4,"turns":4},{"damage":16,"enemies":"Gremlin Nob","floor":12,"turns":4},{"damage":0,"enemies":"Large Slime","floor":14,"turns":5},{"damage":12,"enemies":"Slime Boss","floor":16,"turns":12},{"damage":1,"enemies":"Chosen","floor":18,"turns":4},{"damage":27,"enemies":"2 Thieves","floor":19,"turns":5},{"damage":15,"enemies":"Snecko","floor":20,"turns":5},{"damage":26,"enemies":"Sentry and Sphere","floor":24,"turns":8},{"damage":33,"enemies":"Centurion and Healer","floor":30,"turns":8},{"damage":21,"enemies":"Snake Plant","floor":31,"turns":1}],"seed_played":"2195943384259014507","potions_obtained":[{"floor":1,"key":"Swift Potion"},{"floor":2,"key":"Fire Potion"},{"floor":4,"key":"FearPotion"},{"floor":30,"key":"CultistPotion"}],"is_trial":false,"path_per_floor":["M","M","M","M","?","R","?","$","T","$","R","E","?","M","R","B",null,"M","M","M","$","?","R","M","R","T","T","?","?","M","M"],"character_chosen":"THE_BUGKNIGHT","items_purchased":["Apotheosis","HollowMod:AwokenDreamNail"],"campfire_rested":1,"item_purchase_floors":[8,10],"current_hp_per_floor":[75,75,74,69,69,69,69,69,69,69,69,53,53,59,59,57,75,74,47,32,32,32,54,38,38,38,38,38,43,20,0,0],"gold":11,"neow_bonus":"ONE_RARE_RELIC","is_daily":false,"chose_seed":false,"campfire_upgraded":4,"win_rate":0.0,"timestamp":1613296262,"path_taken":["M","M","M","M","?","R","?","$","T","$","R","E","?","M","R","BOSS","M","M","M","$","?","R","M","R","T","?","?","?","?","M"],"items_purchased_type":["Card","Card"],"build_version":"2020-12-22","purchased_purges":1,"victory":false,"max_hp_per_floor":[75,75,75,75,75,75,75,75,75,75,75,75,75,75,75,75,75,75,75,75,75,75,75,75,75,75,75,75,75,75,75,75],"card_choices":[{"not_picked":["HollowMod:Grubsong","HollowMod:NewJinnsSoul"],"picked":"HollowMod:SoulStrike","floor":1},{"not_picked":["HollowMod:GoodIntentions","HollowMod:WraithStrike"],"picked":"HollowMod:InfectedAttack","floor":2},{"not_picked":["HollowMod:VengefulVoid","HollowMod:ShadowDash"],"picked":"HollowMod:HowlingWraiths","floor":3},{"not_picked":["HollowMod:CrystalDash","HollowMod:DescendingDark"],"picked":"HollowMod:TaintedHusks","floor":4},{"not_picked":["HollowMod:VengefulVoid","HollowMod:DreamGate"],"picked":"HollowMod:DungDefenderAura","floor":12},{"not_picked":["HollowMod:ChannelNail","HollowMod:VengefulVoid"],"picked":"HollowMod:GoodIntentions","floor":14},{"not_picked":["HollowMod:SlysStrikes","HollowMod:AwokenDreamNail"],"picked":"HollowMod:Hiveblood","floor":16},{"not_picked":["HollowMod:SoulStrike","HollowMod:CornifersMapStart"],"picked":"HollowMod:DesolateDive","floor":18},{"not_picked":["HollowMod:SoulSplash","HollowMod:MothsMistake"],"picked":"HollowMod:GreatSlash+1","floor":19},{"not_picked":["HollowMod:AbyssShriek","HollowMod:WraithStrike"],"picked":"HollowMod:NewLittleFool","floor":20},{"not_picked":["HollowMod:SharpenedShadows","HollowMod:SiblingsShadow+1"],"picked":"HollowMod:DreamGate","floor":24},{"not_picked":["HollowMod:BlackTendrils","HollowMod:CornifersMapStart+1"],"picked":"HollowMod:HeavyBlow","floor":30}],"player_experience":297752,"relics_obtained":[{"floor":9,"key":"Runesmith:Nanobots"},{"floor":12,"key":"Oddly Smooth Stone"},{"floor":26,"key":"Whetstone"},{"floor":27,"key":"Mummified Hand"}],"event_choices":[{"damage_healed":0,"gold_gain":175,"player_choice":"AGREE","damage_taken":0,"max_hp_gain":0,"max_hp_loss":0,"event_name":"Liars Game","floor":5,"gold_loss":0,"cards_obtained":["Doubt"]},{"damage_healed":0,"gold_gain":0,"player_choice":"Grow","damage_taken":0,"max_hp_gain":0,"max_hp_loss":0,"event_name":"Living Wall","floor":13,"gold_loss":0,"cards_upgraded":["HollowMod:AwokenDreamNail"]},{"damage_healed":0,"gold_gain":0,"player_choice":"Read","damage_taken":0,"max_hp_gain":0,"max_hp_loss":0,"event_name":"The Library","floor":22,"gold_loss":0,"cards_obtained":["HollowMod:PerfectDash"]},{"cards_removed":["HollowMod:NewLittleFool"],"damage_healed":5,"gold_gain":0,"player_choice":"Offered Common","damage_taken":0,"max_hp_gain":0,"max_hp_loss":0,"event_name":"Bonfire Elementals","floor":29,"gold_loss":0},{"cards_removed":["HollowMod:NewLittleFool"],"damage_healed":5,"gold_gain":0,"player_choice":"Offered Special","damage_taken":0,"max_hp_gain":0,"max_hp_loss":0,"event_name":"Bonfire Elementals","floor":29,"gold_loss":0}],"is_beta":false,"boss_relics":[{"not_picked":["Sozu","Velvet Choker"],"picked":"Black Star"}],"items_purged_floors":[21],"is_endless":false,"potions_floor_spawned":[1,2,4,18,30],"killed_by":"Snake Plant","ascension_level":0}}