{"host":"pgm1p3lvdjflie30","time":1613286599,"event":{"mods":["AchievementEnabler","Act Like it!","Alarm Clock","Aspiration","BaseMod","Better-Laid Plans","Bossed Relics","Challenge The Spire","Colored Map","Colored Powertips","Conspire","Dark Map","Energized Spire","Gensokyo","GungeonMod","Hallownest","Hermit","HornydragonMod","Jedi Mod","Minty Spire (QoL Compilation)","Pale of the Ancients","Quarter Circle Forward PUNCH!","Quick Restart","Reimu（博???）","Relic Stats","Reliquary","Replay The Spire","Robot Space Explorer","Spicy Shops","StSLib","The Blackbeard","The Bug Knight","The Cursed","The Hayseed","The IronCluck","The Jungle","The Marked","The Runesmith","Together in Spire","Waifu the Spire","Yakumo Yukari mod","【功能Mod】混沌之?修复?丁","篝火指南"],"gold_per_floor":[119,134,148,148,168,168,183,183,183,194,205,35,35,35,35,134,134,146,146,146,161,171,171,186,196,222,222,15,26,26,26,26,123,123,123,123],"floor_reached":35,"language":"ZHS","playtime":1429,"items_purged":[],"score":201,"play_id":"a2841a2d-ce16-45af-9814-631385267b3d","local_time":"20210214150959","is_ascension_mode":false,"campfire_choices":[{"data":"Eruption","floor":6.0,"key":"SMITH"},{"data":"Devotion","floor":8.0,"key":"SMITH"},{"data":"Metamorphosis","floor":15.0,"key":"SMITH"},{"data":"BattleHymn","floor":23.0,"key":"SMITH"},{"floor":30.0,"key":"REST"},{"floor":32.0,"key":"REST"}],"circlet_count":0,"master_deck":["Strike_P","Strike_P","Strike_P","Defend_P","Eruption+1","Vigilance","Devotion+1","Evaluate","Crescendo","Crescendo","WaveOfTheHand","Replay:Vibes","EmptyBody","Ragnarok","Metamorphosis+1","DeusExMachina","EmptyFist","Replay:Sssssssssstrike","TheCursedMod:StunningStrike","Poisoned Strike","HollowMod:RecoilStrike","Replay:Sssssssssstrike","Perfected Strike","ReplayTheSpireMod:Exploit Weakness","Poison Darts","Toxin Wave","BattleHymn+1","Vengeance","Replay:Hum+1","WheelKick+1","Alpha+1","SashWhip+1","Vault"],"relics":["PureWater","DemoMod:GlassGuonStoneRelic"],"acts_visited":[],"potions_floor_usage":[],"damage_taken":[{"damage":0.0,"enemies":"Jaw Worm","floor":1.0,"turns":1.0},{"damage":0.0,"enemies":"Small Slimes","floor":2.0,"turns":1.0},{"damage":0.0,"enemies":"conspire:RoseBush","floor":3.0,"turns":1.0},{"damage":0.0,"enemies":"Gremlin Gang","floor":5.0,"turns":3.0},{"damage":11.0,"enemies":"3 Louse","floor":7.0,"turns":2.0},{"damage":0.0,"enemies":"Exordium Wildlife","floor":10.0,"turns":2.0},{"damage":0.0,"enemies":"Exordium Thugs","floor":11.0,"turns":3.0},{"damage":0.0,"enemies":"Slime Boss","floor":16.0,"turns":3.0},{"damage":2.0,"enemies":"3 Byrds","floor":18.0,"turns":3.0},{"damage":10.0,"enemies":"Chosen","floor":21.0,"turns":2.0},{"damage":0.0,"enemies":"Snake Plant","floor":22.0,"turns":2.0},{"damage":11.0,"enemies":"Centurion and Healer","floor":24.0,"turns":2.0},{"damage":0.0,"enemies":"Snecko","floor":25.0,"turns":2.0},{"damage":48.0,"enemies":"Colosseum Slavers","floor":27.0,"turns":3.0},{"damage":0.0,"enemies":"3 Cultists","floor":29.0,"turns":3.0},{"damage":14.0,"enemies":"Automaton","floor":33.0,"turns":4.0},{"damage":0,"enemies":"3 Byrds","floor":35,"turns":1}],"seed_played":"3756033297673627226","potions_obtained":[{"floor":7.0,"key":"Doom Potion"},{"floor":10.0,"key":"Adrenaline Potion"},{"floor":11.0,"key":"Explosive Potion"},{"floor":21.0,"key":"PowerPotion"},{"floor":24.0,"key":"Fire Potion"},{"floor":29.0,"key":"Cursed Concoction"}],"is_trial":false,"path_per_floor":["M","M","M","?","M","R","M","R","T","M","M","$","?","?","R","B",null,"M","?","?","M","M","R","M","M","T","?","$","M","R","$","R","B",null,"M"],"character_chosen":"WATCHER","items_purchased":["Metamorphosis","Alpha+1","Adrenaline Potion"],"campfire_rested":2,"item_purchase_floors":[12,28,28],"current_hp_per_floor":[51,51,51,51,51,51,40,40,40,40,40,40,40,40,40,40,72,70,70,70,60,60,60,49,49,49,1,1,1,22,22,43,29,72,72,72],"gold":123,"neow_bonus":"THREE_RARE_CARDS","is_daily":false,"chose_seed":false,"campfire_upgraded":4,"win_rate":0.0,"timestamp":1613286599,"path_taken":["M","M","M","?","M","R","M","R","T","M","M","$","?","?","R","BOSS","M","?","?","M","M","R","M","?","T","?","?","M","R","$","R","BOSS","M"],"items_purchased_type":["Card","Card","Potion"],"build_version":"2020-12-22","purchased_purges":0,"victory":false,"max_hp_per_floor":[72,72,72,72,72,72,72,72,72,72,72,72,72,72,72,72,72,72,72,72,72,72,72,72,72,72,72,72,72,72,72,72,72,72,72,72],"relic_stats":{"counters":[1,1],"obtain_stats":[{"DemoMod:GlassGuonStoneRelic":0,"PureWater":0},{"DemoMod:GlassGuonStoneRelic":0,"PureWater":0},{"DemoMod:GlassGuonStoneRelic":0,"PureWater":0}]},"card_choices":[{"not_picked":["SpiritShield","Establishment"],"picked":"Devotion","floor":0.0},{"not_picked":["PathToVictory","WaveOfTheHand"],"picked":"Evaluate","floor":1.0},{"not_picked":["Halt","Evaluate"],"picked":"Crescendo","floor":2.0},{"not_picked":["EmptyBody","Replay:AtTheReady"],"picked":"Crescendo","floor":3.0},{"not_picked":["PathToVictory","Evaluate"],"picked":"WaveOfTheHand","floor":5.0},{"not_picked":["Crescendo","Evaluate"],"picked":"Replay:Vibes","floor":7.0},{"not_picked":["Replay:AtTheReady","Swivel"],"picked":"EmptyBody","floor":10.0},{"not_picked":["Pray","Wireheading"],"picked":"Ragnarok","floor":11.0},{"not_picked":["Replay:AllIn","Alpha"],"picked":"DeusExMachina","floor":16.0},{"not_picked":["MentalFortress","Replay:Battleflow"],"picked":"EmptyFist","floor":18.0},{"not_picked":["Replay:BluntJabs","DeceiveReality"],"picked":"BattleHymn","floor":21.0},{"not_picked":["Replay:AtTheReady","ReachHeaven"],"picked":"Vengeance","floor":22.0},{"not_picked":["Replay:Vibes","EmptyFist"],"picked":"Replay:Hum+1","floor":24.0},{"not_picked":["WreathOfFlame","FlyingSleeves"],"picked":"WheelKick+1","floor":25.0},{"not_picked":["Replay:Hum","Protect+1"],"picked":"SashWhip+1","floor":29.0},{"not_picked":["DeusExMachina","ConjureBlade"],"picked":"Vault","floor":33.0}],"player_experience":525009,"relics_obtained":[],"event_choices":[{"damage_healed":0.0,"max_hp_gain":0.0,"max_hp_loss":0.0,"gold_gain":0.0,"event_name":"Colosseum","player_choice":"Fight","floor":27.0,"gold_loss":0.0,"damage_taken":0.0},{"damage_healed":0.0,"max_hp_gain":0.0,"max_hp_loss":0.0,"gold_gain":0.0,"event_name":"Colosseum","player_choice":"Fled From Nobs","floor":27.0,"gold_loss":0.0,"damage_taken":0.0}],"is_beta":false,"boss_relics":[{"not_picked":["reliquary:KinkedSpring","energizedSpire:CrystalSphere","qcfpunch:Dark_Gi"]},{"not_picked":["jedi:paperlyon","Coffee Dripper","qcfpunch:Crimson_Sash"]}],"items_purged_floors":[],"is_endless":false,"potions_floor_spawned":[7,10,11,21,24,27,29],"killed_by":"3 Byrds","ascension_level":0}}