{"host":"178rghtqlvp3zue2","time":1613301232,"event":{"mods":["2.2 Compatiblity","AchievementEnabler","BaseMod","DeckTracker","Minty Spire (QoL Compilation)","Quick Restart","SuperFastMode","The Servant 0.9.4"],"gold_per_floor":[117,117,117,143,160,193,193,193,264,276,287,297,325,337,337,337,337],"floor_reached":16,"language":"KOR","playtime":554,"items_purged":[],"score":118,"play_id":"e94234f8-61f1-4d95-95a8-e51e6a786a6f","local_time":"20210214201352","is_ascension_mode":true,"campfire_choices":[{"floor":7,"key":"REST"},{"floor":15,"key":"REST"}],"circlet_count":0,"master_deck":["Strike_S+1","Strike_S","Strike_S","Strike_S","Defend_S","Defend_S","Defend_S","Defend_S+1","KidneyShot+1","Exchange","Potential","Luminosity","BottledTime","Luminosity","Revamp","Moondial","Alleviate","Defy"],"relics":["Uniform","Regal Pillow","Boot","Kunai","Bird Faced Urn"],"acts_visited":["Exordium"],"potions_floor_usage":[16],"damage_taken":[{"damage":4.0,"enemies":"Small Slimes","floor":1.0,"turns":4.0},{"damage":5.0,"enemies":"2 Louse","floor":5.0,"turns":3.0},{"damage":26.0,"enemies":"Gremlin Nob","floor":6.0,"turns":5.0},{"damage":0,"enemies":"Jaw Worm","floor":10,"turns":3},{"damage":2,"enemies":"Large Slime","floor":11,"turns":5},{"damage":7,"enemies":"Looter","floor":12,"turns":3},{"damage":11,"enemies":"3 Sentries","floor":13,"turns":7},{"damage":4,"enemies":"2 Fungi Beasts","floor":14,"turns":4},{"damage":75,"enemies":"Slime Boss","floor":16,"turns":19}],"seed_played":"-2408390551322700252","potions_obtained":[{"floor":5.0,"key":"FearPotion"},{"floor":10,"key":"Fruit Juice"},{"floor":11,"key":"GamblersBrew"}],"is_trial":false,"path_per_floor":["M","?","?","T","M","E","R","?","T","M","M","M","E","M","R","B"],"character_chosen":"THE_SERVANT","items_purchased":[],"campfire_rested":2,"item_purchase_floors":[],"current_hp_per_floor":[61,66,52,52,47,21,57,57,57,57,55,48,37,37,70,0,0],"gold":337,"neow_bonus":"UPGRADE_CARD","is_daily":false,"chose_seed":false,"campfire_upgraded":0,"win_rate":0.0,"timestamp":1613301232,"path_taken":["M","?","?","?","M","E","R","?","T","M","M","M","E","M","R","BOSS"],"items_purchased_type":[],"build_version":"2020-12-22","purchased_purges":0,"victory":false,"max_hp_per_floor":[65,70,70,70,70,70,70,70,70,70,70,70,70,70,70,75,75],"card_choices":[{"not_picked":["Barrier","Alleviate"],"picked":"Potential","floor":1.0},{"not_picked":["Spin","Starlight"],"picked":"Luminosity","floor":5.0},{"not_picked":["Alleviate","Spin"],"picked":"BottledTime","floor":6},{"not_picked":["Rearm","Unruled"],"picked":"Luminosity","floor":10},{"not_picked":["FlawlessForm","Alleviate"],"picked":"Revamp","floor":11},{"not_picked":["Moonlight","DoubleEdge"],"picked":"Moondial","floor":12},{"not_picked":["Moonlight","ShatteredReality"],"picked":"Alleviate","floor":13},{"not_picked":["Alleviate","Contraction"],"picked":"Defy","floor":14}],"player_experience":277726,"relics_obtained":[{"floor":4.0,"key":"Regal Pillow"},{"floor":6,"key":"Boot"},{"floor":9,"key":"Kunai"},{"floor":13,"key":"Bird Faced Urn"}],"event_choices":[{"damage_healed":0.0,"max_hp_gain":5.0,"max_hp_loss":0.0,"gold_gain":0.0,"event_name":"Big Fish","player_choice":"Donut","floor":2.0,"gold_loss":0.0,"damage_taken":0.0},{"damage_healed":0.0,"max_hp_gain":0.0,"max_hp_loss":0.0,"gold_gain":0.0,"event_name":"Shining Light","player_choice":"Entered Light","floor":3.0,"gold_loss":0.0,"damage_taken":14.0,"cards_upgraded":["Defend_S","Strike_S"]},{"damage_healed":0,"gold_gain":0,"player_choice":"Ignored","damage_taken":0,"max_hp_gain":0,"max_hp_loss":0,"event_name":"Liars Game","floor":8,"gold_loss":0}],"is_beta":false,"boss_relics":[],"items_purged_floors":[],"is_endless":false,"potions_floor_spawned":[5,10,11],"killed_by":"Slime Boss","ascension_level":1}}