{"host":"fiyb7gvx7tok3jeh","time":1613324749,"event":{"mods":["BaseMod","Colored Map","Colored Powertips","DeckTracker","Googly Eyes","Highlight Path","Minty Spire (QoL Compilation)"],"gold_per_floor":[116,116,116,127,127,154,154,180,207,207,225,225,225,237,237,237,237],"floor_reached":16,"language":"ENG","playtime":827,"items_purged":[],"score":140,"play_id":"73423320-e1b9-43e4-895a-6151bb042857","local_time":"20210214194549","is_ascension_mode":true,"campfire_choices":[{"data":"Zap","floor":7,"key":"SMITH"},{"floor":10,"key":"REST"},{"floor":12,"key":"RECALL"},{"floor":15,"key":"REST"}],"circlet_count":0,"master_deck":["Strike_B","Strike_B","Strike_B","Defend_B+1","Defend_B","Defend_B","Defend_B+1","Zap+1","Dualcast+1","Trip","Conserve Battery","Conserve Battery"],"relics":["Cracked Core","Potion Belt","Centennial Puzzle","Darkstone Periapt","Omamori"],"acts_visited":["Exordium"],"potions_floor_usage":[16,16],"damage_taken":[{"damage":7,"enemies":"Small Slimes","floor":1,"turns":3},{"damage":2,"enemies":"Jaw Worm","floor":4,"turns":3},{"damage":38,"enemies":"Gremlin Nob","floor":6,"turns":5},{"damage":13,"enemies":"Lagavulin","floor":8,"turns":7},{"damage":0,"enemies":"Cultist","floor":11,"turns":3},{"damage":0,"enemies":"Large Slime","floor":14,"turns":5},{"damage":30,"enemies":"The Guardian","floor":16,"turns":11}],"seed_played":"-5121555164063122159","potions_obtained":[{"floor":11,"key":"Strength Potion"},{"floor":14,"key":"Swift Potion"}],"is_trial":false,"path_per_floor":["M","?","?","M","?","E","R","E","T","R","M","R","?","M","R","B"],"character_chosen":"DEFECT","items_purchased":[],"campfire_rested":2,"item_purchase_floors":[],"current_hp_per_floor":[61,61,61,59,52,14,14,1,1,23,23,23,8,8,30,0,0],"gold":237,"neow_bonus":"RANDOM_COLORLESS","is_daily":false,"chose_seed":false,"campfire_upgraded":1,"win_rate":0.0,"timestamp":1613324749,"path_taken":["M","?","?","?","?","E","R","E","T","R","M","R","?","M","R","BOSS"],"items_purchased_type":[],"build_version":"2020-12-22","purchased_purges":0,"victory":false,"max_hp_per_floor":[75,75,75,75,75,75,75,75,75,75,75,75,75,75,75,75,75],"card_choices":[{"not_picked":["Deep Breath","Finesse"],"picked":"Trip","floor":0},{"not_picked":["Aggregate","Beam Cell"],"picked":"Go for the Eyes","floor":1},{"not_picked":["Chaos","Steam"],"picked":"Conserve Battery","floor":4},{"not_picked":["Leap","FTL","Chaos"],"picked":"SKIP","floor":6},{"not_picked":["White Noise","Capacitor"],"picked":"Conserve Battery","floor":8},{"not_picked":["Go for the Eyes","Barrage","BootSequence"],"picked":"SKIP","floor":11},{"not_picked":["Steam Power","Turbo","Steam"],"picked":"SKIP","floor":14}],"player_experience":309187,"relics_obtained":[{"floor":6,"key":"Centennial Puzzle"},{"floor":8,"key":"Darkstone Periapt"},{"floor":9,"key":"Omamori"}],"event_choices":[{"damage_healed":0,"gold_gain":0,"player_choice":"Grow","damage_taken":0,"max_hp_gain":0,"max_hp_loss":0,"event_name":"Living Wall","floor":2,"gold_loss":0,"cards_upgraded":["Dualcast"]},{"cards_removed":["Go for the Eyes"],"damage_healed":0,"gold_gain":0,"player_choice":"Gave Card","damage_taken":0,"relics_obtained":["Potion Belt"],"max_hp_gain":0,"max_hp_loss":0,"event_name":"WeMeetAgain","floor":3,"gold_loss":0},{"cards_removed":["Strike_B"],"damage_healed":0,"gold_gain":0,"player_choice":"Card Removal","damage_taken":7,"max_hp_gain":0,"max_hp_loss":0,"event_name":"Golden Wing","floor":5,"gold_loss":0},{"damage_healed":0,"gold_gain":0,"player_choice":"Entered Light","damage_taken":15,"max_hp_gain":0,"max_hp_loss":0,"event_name":"Shining Light","floor":13,"gold_loss":0,"cards_upgraded":["Defend_B","Defend_B"]}],"is_beta":false,"boss_relics":[],"items_purged_floors":[],"is_endless":false,"potions_floor_spawned":[11,14],"killed_by":"The Guardian","ascension_level":6}}