{"host":"ul3z8ex5o8l5j7mh","time":1613319803,"event":{"mods":["AchievementEnabler","BaseMod","Bestiary","Colored Map","Colored Powertips","DeckTracker","Keyboard Shortcuts","Minty Spire (QoL Compilation)","Relic Sorter","Relic Stats","SuperFastMode"],"gold_per_floor":[117,117,49,224,69,112,126,126,151,151,151,175,175,195,195,318,318,341,361,361,51,71,71,107,29,29,49,49,49,49,149,149,280,280,293,52,71,92,92,127,127,127,127],"floor_reached":42,"language":"ENG","playtime":1782,"items_purged":["Doubt"],"score":584,"play_id":"971e8c60-a82c-45e3-b5b4-0c6a4dcffeb6","local_time":"20210214172323","is_ascension_mode":true,"campfire_choices":[{"data":"Rupture","floor":8.0,"key":"SMITH"},{"data":"Brutality","floor":13.0,"key":"SMITH"},{"data":"Seeing Red","floor":15.0,"key":"SMITH"},{"data":"Shrug It Off","floor":23.0,"key":"SMITH"},{"data":"Rupture","floor":30.0,"key":"SMITH"},{"floor":32.0,"key":"REST"}],"circlet_count":0,"master_deck":["Strike_R","Strike_R","Strike_R","Strike_R","Strike_R","Defend_R","Defend_R","Bash","Infernal Blade","Rupture+1","Hemokinesis","Seeing Red+1","Shrug It Off+1","Offering","Brutality+1","Rampage","Limit Break+1","CurseOfTheBell","Armaments+1","Flex","Hemokinesis","Rupture+1","Blood for Blood","Double Tap+1","Heavy Blade+1","Heavy Blade+1","Flex","Rupture"],"relics":["Burning Blood","NeowsBlessing","Golden Idol","Centennial Puzzle","Bag of Preparation","Kunai","Calling Bell","MealTicket","Pear","WingedGreaves","FossilizedHelix","Toy Ornithopter","Sundial","Mark of Pain","Bottled Lightning","Omamori"],"acts_visited":["Exordium","TheCity","TheBeyond"],"potions_floor_usage":[],"damage_taken":[{"damage":0.0,"enemies":"2 Louse","floor":1.0,"turns":2.0},{"damage":0.0,"enemies":"Lagavulin","floor":6.0,"turns":1.0},{"damage":0.0,"enemies":"Small Slimes","floor":7.0,"turns":2.0},{"damage":0.0,"enemies":"Cultist","floor":12.0,"turns":2.0},{"damage":8.0,"enemies":"Looter","floor":14.0,"turns":1.0},{"damage":51.0,"enemies":"Hexaghost","floor":16.0,"turns":6.0},{"damage":15.0,"enemies":"2 Thieves","floor":18.0,"turns":2.0},{"damage":15.0,"enemies":"Spheric Guardian","floor":19.0,"turns":3.0},{"damage":9.0,"enemies":"Snake Plant","floor":22.0,"turns":2.0},{"damage":32.0,"enemies":"Book of Stabbing","floor":24.0,"turns":5.0},{"damage":32.0,"enemies":"Snecko","floor":27.0,"turns":6.0},{"damage":78.0,"enemies":"Collector","floor":33.0,"turns":6.0},{"damage":9.0,"enemies":"Orb Walker","floor":35.0,"turns":2.0},{"damage":31.0,"enemies":"3 Shapes","floor":37.0,"turns":3.0},{"damage":16.0,"enemies":"Transient","floor":38.0,"turns":5.0},{"damage":40.0,"enemies":"Reptomancer","floor":40.0,"turns":4.0},{"damage":20,"enemies":"4 Shapes","floor":42,"turns":1}],"seed_played":"1118593393045316191","potions_obtained":[{"floor":1.0,"key":"SkillPotion"},{"floor":7.0,"key":"AttackPotion"},{"floor":16.0,"key":"DuplicationPotion"},{"floor":24.0,"key":"Fire Potion"},{"floor":27.0,"key":"AttackPotion"},{"floor":37.0,"key":"Dexterity Potion"},{"floor":40.0,"key":"CultistPotion"}],"is_trial":false,"path_per_floor":["M","?","$","?","$","E","M","R","T","?","?","M","R","M","R","B",null,"M","M","?","$","M","R","E","$","T","M","$","?","R","?","R","B",null,"M","$","M","M","?","E","?","M"],"character_chosen":"IRONCLAD","items_purchased":["Rupture","Hemokinesis","FossilizedHelix","Rupture","Bottled Lightning"],"campfire_rested":1,"item_purchase_floors":[3,5,21,25,36],"current_hp_per_floor":[80,60,60,60,60,66,72,72,72,65,65,71,71,69,69,24,76,67,58,58,73,70,70,44,59,59,33,48,48,48,48,75,13,71,68,83,58,53,53,19,19,0,0],"gold":127,"neow_bonus":"THREE_ENEMY_KILL","is_daily":false,"chose_seed":false,"campfire_upgraded":5,"win_rate":0.0,"timestamp":1613319803,"path_taken":["M","?","$","?","$","E","M","R","T","?","?","M","R","M","R","BOSS","M","?","?","$","?","R","E","$","T","M","$","?","R","?","R","BOSS","M","$","?","M","?","E","?","M"],"items_purchased_type":["Card","Card","Relic","Card","Relic"],"build_version":"2020-12-22","purchased_purges":1,"victory":false,"max_hp_per_floor":[80,80,80,80,80,80,80,80,80,80,80,80,80,80,80,80,90,90,90,90,90,90,90,90,90,90,90,90,90,90,90,90,90,90,90,90,90,90,90,90,90,90,90],"relic_stats":{"Centennial Puzzle":[39],"counters":[17,53],"Golden Idol":114,"Sundial":[2],"MealTicket":60,"Bag of Preparation":[28],"Kunai":[20],"obtain_stats":[{"Pear":17,"NeowsBlessing":0,"Golden Idol":2,"Bag of Preparation":9,"Omamori":40,"Burning Blood":0,"Calling Bell":17,"Centennial Puzzle":6,"Sundial":26,"MealTicket":17,"WingedGreaves":17,"Mark of Pain":34,"Kunai":10,"Bottled Lightning":36,"FossilizedHelix":21,"Toy Ornithopter":24},{"Pear":6,"NeowsBlessing":0,"Golden Idol":1,"Bag of Preparation":3,"Omamori":16,"Burning Blood":0,"Calling Bell":6,"Centennial Puzzle":2,"Sundial":10,"MealTicket":6,"WingedGreaves":6,"Mark of Pain":12,"Kunai":3,"Bottled Lightning":13,"FossilizedHelix":8,"Toy Ornithopter":10},{"Pear":14,"NeowsBlessing":0,"Golden Idol":2,"Bag of Preparation":5,"Omamori":52,"Burning Blood":0,"Calling Bell":14,"Centennial Puzzle":3,"Sundial":26,"MealTicket":14,"WingedGreaves":14,"Mark of Pain":38,"Kunai":5,"Bottled Lightning":40,"FossilizedHelix":19,"Toy Ornithopter":26}],"Burning Blood":90,"Toy Ornithopter":15},"card_choices":[{"not_picked":["Body Slam","Havoc"],"picked":"Infernal Blade","floor":1.0},{"not_picked":["Body Slam","Wild Strike"],"picked":"Seeing Red","floor":6.0},{"not_picked":["Armaments","Flex"],"picked":"Shrug It Off","floor":7.0},{"not_picked":["Heavy Blade","Armaments"],"picked":"Brutality","floor":12.0},{"not_picked":["Clothesline","Burning Pact"],"picked":"Rampage","floor":14.0},{"not_picked":["Fiend Fire","Exhume"],"picked":"Limit Break","floor":16.0},{"not_picked":["Whirlwind+1","Havoc"],"picked":"Armaments+1","floor":18.0},{"not_picked":["Body Slam+1","Headbutt+1"],"picked":"Flex","floor":19.0},{"not_picked":["Uppercut","Clash","Metallicize"],"picked":"SKIP","floor":22.0},{"not_picked":["Dark Embrace","Cleave"],"picked":"Hemokinesis","floor":24.0},{"not_picked":["Whirlwind","Rage"],"picked":"Blood for Blood","floor":27.0},{"not_picked":["Fiend Fire","Immolate"],"picked":"Double Tap","floor":33.0},{"not_picked":["Metallicize","Anger+1"],"picked":"Heavy Blade+1","floor":35.0},{"not_picked":["Rage+1","Body Slam"],"picked":"Heavy Blade+1","floor":37.0},{"not_picked":["Reckless Charge","Warcry"],"picked":"Flex","floor":38.0},{"not_picked":["Heavy Blade","Burning Pact"],"picked":"Rupture","floor":40.0}],"player_experience":374732,"relics_obtained":[{"floor":6.0,"key":"Centennial Puzzle"},{"floor":9.0,"key":"Bag of Preparation"},{"floor":17.0,"key":"MealTicket"},{"floor":17.0,"key":"Pear"},{"floor":17.0,"key":"WingedGreaves"},{"floor":24.0,"key":"Toy Ornithopter"},{"floor":26.0,"key":"Sundial"},{"floor":40.0,"key":"Omamori"}],"event_choices":[{"damage_healed":0.0,"max_hp_gain":0.0,"max_hp_loss":0.0,"gold_gain":0.0,"event_name":"Golden Idol","player_choice":"Take Damage","floor":2.0,"gold_loss":0.0,"damage_taken":20.0,"relics_obtained":["Golden Idol"]},{"damage_healed":0.0,"max_hp_gain":0.0,"max_hp_loss":0.0,"gold_gain":175.0,"event_name":"Liars Game","player_choice":"AGREE","floor":4.0,"gold_loss":0.0,"damage_taken":0.0,"cards_obtained":["Doubt"]},{"damage_healed":0.0,"max_hp_gain":0.0,"max_hp_loss":0.0,"gold_gain":0.0,"event_name":"Scrap Ooze","player_choice":"Success","floor":10.0,"gold_loss":0.0,"damage_taken":7.0,"relics_obtained":["Kunai"]},{"damage_healed":0.0,"max_hp_gain":0.0,"max_hp_loss":0.0,"gold_gain":0.0,"cards_transformed":["Defend_R"],"event_name":"Transmorgrifier","player_choice":"Transformed","floor":11.0,"gold_loss":0.0,"damage_taken":0.0,"cards_obtained":["Offering"]},{"damage_healed":0.0,"max_hp_gain":0.0,"max_hp_loss":0.0,"gold_gain":0.0,"event_name":"Upgrade Shrine","player_choice":"Upgraded","floor":20.0,"gold_loss":0.0,"damage_taken":0.0,"cards_upgraded":["Limit Break"]},{"damage_healed":0.0,"max_hp_gain":0.0,"max_hp_loss":0.0,"gold_gain":0.0,"event_name":"Vampires","player_choice":"Ignored","floor":29.0,"gold_loss":0.0,"damage_taken":0.0},{"damage_healed":0.0,"max_hp_gain":0.0,"max_hp_loss":0.0,"gold_gain":100.0,"event_name":"Golden Shrine","player_choice":"Pray","floor":31.0,"gold_loss":0.0,"damage_taken":0.0},{"cards_removed":["Defend_R"],"damage_healed":0.0,"max_hp_gain":0.0,"max_hp_loss":0.0,"gold_gain":0.0,"event_name":"Falling","player_choice":"Removed Skill","floor":39.0,"gold_loss":0.0,"damage_taken":0.0},{"damage_healed":0.0,"max_hp_gain":0.0,"max_hp_loss":0.0,"gold_gain":0.0,"event_name":"Upgrade Shrine","player_choice":"Upgraded","floor":41.0,"gold_loss":0.0,"damage_taken":0.0,"cards_upgraded":["Double Tap"]}],"is_beta":false,"boss_relics":[{"not_picked":["Tiny House","Velvet Choker"],"picked":"Calling Bell"},{"not_picked":["Sozu","Cursed Key"],"picked":"Mark of Pain"}],"items_purged_floors":[5],"is_endless":false,"potions_floor_spawned":[1,7,16,18,24,27,37,40],"killed_by":"4 Shapes","ascension_level":5}}