{"host":"xw7092rw7wabncmm","time":1613276507,"event":{"mods":["AchievementEnabler","BaseMod","Bestiary","Block Reminder","Minty Spire (QoL Compilation)","Quick Restart","Relic Stats","Slay-I","Weighted Paths"],"gold_per_floor":[117,117,42,42,42,42,74,89,89,103,138,156,156,169,169,266,266,278,134,159,176,23,55,55,85,111,143,155,165,165,494,494,594,594,608,156,176,188,205,233,233,245,291,318,318,350,350,363,363,363,363,363,45,74,74,74],"floor_reached":55,"language":"ENG","playtime":5637,"items_purged":["Zap"],"score":1455,"play_id":"fa522a27-a1a7-41a0-8b51-b7d26d075e06","local_time":"20210213232147","is_ascension_mode":true,"campfire_choices":[{"data":"Defend_B","floor":6,"key":"SMITH"},{"data":"Coolheaded","floor":13,"key":"SMITH"},{"data":"Beam Cell","floor":15,"key":"SMITH"},{"data":"Sunder","floor":24,"key":"SMITH"},{"floor":30,"key":"REST"},{"data":"Self Repair","floor":32,"key":"SMITH"},{"floor":41,"key":"RECALL"},{"data":"Defragment","floor":45,"key":"SMITH"},{"data":"Defragment","floor":49,"key":"SMITH"},{"floor":52,"key":"REST"}],"circlet_count":0,"master_deck":["AscendersBane","Strike_B","Strike_B+1","Strike_B","Strike_B","Defend_B+1","Defend_B+1","Defend_B+1","Defend_B+1","Cold Snap","Reboot+1","Gash","Coolheaded+1","Self Repair+1","Ball Lightning","Steam+1","Go for the Eyes+1","Coolheaded+1","Hologram+1","Beam Cell+1","Rainbow+1","Sunder+1","Sweeping Beam+1","Coolheaded+1","All For One","Hologram+1","Undo+1","Recycle+1","Reboot+1","Gash","Compile Driver","Auto Shields+1","Fission+1","Defragment+1","Coolheaded+1","Turbo+1","Steam Power+1","Injury","Defragment+1","Stack+1","Capacitor","Cold Snap+1"],"relics":["Cracked Core","NeowsBlessing","Du-Vu Doll","Prayer Wheel","Toxic Egg 2","Regal Pillow","Nuclear Battery","Runic Capacitor","Red Mask","Tiny Chest","Blue Candle","Bronze Scales","Whetstone","Old Coin","Cursed Key","OrangePellets","Anchor","Pen Nib","Ancient Tea Set","Smiling Mask","Potion Belt","Shuriken","War Paint"],"acts_visited":["Exordium","TheCity","TheBeyond","TheEnding"],"potions_floor_usage":[11,12,16,23,27,27,33,55,55,55,55],"damage_taken":[{"damage":0,"enemies":"2 Louse","floor":1,"turns":1},{"damage":0,"enemies":"3 Sentries","floor":7,"turns":1},{"damage":0,"enemies":"Jaw Worm","floor":8,"turns":1},{"damage":0,"enemies":"Cultist","floor":10,"turns":4},{"damage":28,"enemies":"Gremlin Nob","floor":11,"turns":4},{"damage":0,"enemies":"Exordium Thugs","floor":12,"turns":5},{"damage":0,"enemies":"Large Slime","floor":14,"turns":5},{"damage":10,"enemies":"Slime Boss","floor":16,"turns":15},{"damage":3,"enemies":"Shell Parasite","floor":18,"turns":6},{"damage":8,"enemies":"Masked Bandits","floor":20,"turns":4},{"damage":14,"enemies":"2 Thieves","floor":21,"turns":4},{"damage":22,"enemies":"Slavers","floor":23,"turns":4},{"damage":12,"enemies":"Book of Stabbing","floor":25,"turns":4},{"damage":20,"enemies":"Slavers","floor":27,"turns":5},{"damage":0,"enemies":"Centurion and Healer","floor":28,"turns":5},{"damage":1,"enemies":"Snecko","floor":29,"turns":4},{"damage":1,"enemies":"Book of Stabbing","floor":31,"turns":4},{"damage":40,"enemies":"Automaton","floor":33,"turns":8},{"damage":0,"enemies":"Orb Walker","floor":35,"turns":3},{"damage":0,"enemies":"3 Shapes","floor":37,"turns":4},{"damage":0,"enemies":"Transient","floor":38,"turns":5},{"damage":2,"enemies":"Writhing Mass","floor":39,"turns":4},{"damage":7,"enemies":"Reptomancer","floor":40,"turns":5},{"damage":0,"enemies":"Jaw Worm Horde","floor":42,"turns":4},{"damage":0,"enemies":"Nemesis","floor":44,"turns":3},{"damage":0,"enemies":"Reptomancer","floor":46,"turns":2},{"damage":24,"enemies":"3 Darklings","floor":48,"turns":3},{"damage":44,"enemies":"Time Eater","floor":50,"turns":12},{"damage":48,"enemies":"Shield and Spear","floor":54,"turns":7},{"damage":68,"enemies":"The Heart","floor":55,"turns":6}],"seed_played":"-1805856468268817198","potions_obtained":[{"floor":1,"key":"Swift Potion"},{"floor":10,"key":"Dexterity Potion"},{"floor":11,"key":"DuplicationPotion"},{"floor":14,"key":"SkillPotion"},{"floor":16,"key":"Regen Potion"},{"floor":25,"key":"Ancient Potion"},{"floor":27,"key":"BlessingOfTheForge"},{"floor":29,"key":"FocusPotion"},{"floor":31,"key":"BlessingOfTheForge"},{"floor":37,"key":"FairyPotion"},{"floor":38,"key":"LiquidBronze"},{"floor":48,"key":"BlessingOfTheForge"},{"floor":54,"key":"BlessingOfTheForge"}],"is_trial":false,"path_per_floor":["M","?","$","?","?","R","E","M","T","M","E","M","R","M","R","B",null,"M","$","?","M","$","E","R","E","T","E","M","M","R","E","R","B",null,"M","$","M","M","M","E","R","M","T","E","R","E","?","M","R","B",null,"R","$","E","B"],"character_chosen":"DEFECT","items_purchased":["Runic Capacitor","All For One","OrangePellets","Anchor","Pen Nib","Shuriken","Capacitor"],"campfire_rested":2,"item_purchase_floors":[19,22,36,36,36,53,53],"current_hp_per_floor":[68,68,68,65,50,50,50,50,50,50,29,43,43,50,50,47,68,72,72,71,64,64,54,54,42,42,29,36,42,75,74,74,44,67,75,75,75,75,75,75,75,75,75,75,75,75,75,61,61,27,63,75,75,37,0,0],"gold":74,"neow_bonus":"THREE_ENEMY_KILL","is_daily":false,"chose_seed":false,"campfire_upgraded":7,"win_rate":0.0,"timestamp":1613276507,"path_taken":["M","?","$","?","?","R","E","M","T","M","E","?","R","M","R","BOSS","M","$","?","M","$","E","R","E","T","E","M","M","R","E","R","BOSS","M","$","M","M","M","E","R","M","T","E","R","E","?","M","R","BOSS","R","$","E","BOSS"],"items_purchased_type":["Relic","Card","Relic","Relic","Relic","Relic","Card"],"build_version":"2020-12-22","purchased_purges":1,"victory":false,"max_hp_per_floor":[75,75,75,75,75,75,75,75,75,75,75,75,75,75,75,75,75,75,75,75,75,75,75,75,75,75,75,75,75,75,75,75,75,75,75,75,75,75,75,75,75,75,75,75,75,75,75,75,75,75,75,75,75,75,75,75],"relic_stats":{"Regal Pillow":11,"counters":[30,142],"Blue Candle":[4],"Pen Nib":[18],"Whetstone":["Strike_B","Go for the Eyes"],"War Paint":["Defend_B","Defend_B"],"Cursed Key":1,"Smiling Mask":0,"OrangePellets":[3],"Shuriken":[8],"Bronze Scales":[343],"Prayer Wheel":14,"Tiny Chest":0,"obtain_stats":[{"Potion Belt":46,"Regal Pillow":11,"NeowsBlessing":0,"Blue Candle":25,"Pen Nib":36,"Runic Capacitor":19,"Whetstone":27,"War Paint":54,"Cursed Key":34,"Ancient Tea Set":40,"Smiling Mask":44,"Nuclear Battery":17,"Old Coin":31,"Du-Vu Doll":4,"OrangePellets":36,"Anchor":36,"Shuriken":53,"Bronze Scales":26,"Prayer Wheel":7,"Tiny Chest":23,"Red Mask":20,"Toxic Egg 2":9,"Cracked Core":0},{"Potion Belt":26,"Regal Pillow":5,"NeowsBlessing":0,"Blue Candle":13,"Pen Nib":19,"Runic Capacitor":9,"Whetstone":14,"War Paint":29,"Cursed Key":18,"Ancient Tea Set":23,"Smiling Mask":25,"Nuclear Battery":8,"Old Coin":17,"Du-Vu Doll":1,"OrangePellets":19,"Anchor":19,"Shuriken":28,"Bronze Scales":13,"Prayer Wheel":2,"Tiny Chest":12,"Red Mask":10,"Toxic Egg 2":3,"Cracked Core":0},{"Potion Belt":114,"Regal Pillow":11,"NeowsBlessing":0,"Blue Candle":58,"Pen Nib":87,"Runic Capacitor":42,"Whetstone":63,"War Paint":136,"Cursed Key":84,"Ancient Tea Set":105,"Smiling Mask":112,"Nuclear Battery":36,"Old Coin":76,"Du-Vu Doll":1,"OrangePellets":87,"Anchor":87,"Shuriken":129,"Bronze Scales":58,"Prayer Wheel":2,"Tiny Chest":54,"Red Mask":46,"Toxic Egg 2":3,"Cracked Core":0}]},"card_choices":[{"not_picked":["White Noise","Go for the Eyes"],"picked":"Cold Snap","floor":1},{"not_picked":["Chaos","Sunder"],"picked":"Gash","floor":7},{"not_picked":["Loop","Meteor Strike"],"picked":"Coolheaded","floor":8},{"not_picked":["Capacitor","Barrage","Force Field"],"picked":"SKIP","floor":8},{"not_picked":["Storm","Stack+1"],"picked":"Self Repair","floor":10},{"not_picked":["Sweeping Beam","Barrage"],"picked":"Ball Lightning","floor":10},{"not_picked":["Thunder Strike","Static Discharge"],"picked":"Steam+1","floor":11},{"not_picked":["Capacitor","Beam Cell"],"picked":"Go for the Eyes","floor":12},{"not_picked":["Hologram+1","Chaos+1"],"picked":"Coolheaded+1","floor":12},{"not_picked":["Beam Cell","Turbo+1"],"picked":"Hologram+1","floor":14},{"not_picked":["Melter","Capacitor"],"picked":"Beam Cell","floor":14},{"not_picked":["Machine Learning","Core Surge"],"picked":"Rainbow+1","floor":16},{"not_picked":["Ball Lightning","Streamline"],"picked":"Sunder","floor":18},{"not_picked":["Static Discharge","Consume+1","Barrage+1"],"picked":"SKIP","floor":18},{"not_picked":["Gash","Rainbow+1"],"picked":"Sweeping Beam+1","floor":20},{"not_picked":["Compile Driver","Conserve Battery+1"],"picked":"Coolheaded+1","floor":21},{"not_picked":["Barrage","Beam Cell"],"picked":"Hologram+1","floor":21},{"not_picked":["Conserve Battery+1","Static Discharge"],"picked":"Hologram+1","floor":23},{"not_picked":["Rebound","Skim+1"],"picked":"Undo+1","floor":25},{"not_picked":["Darkness+1","Barrage"],"picked":"Recycle+1","floor":27},{"not_picked":["Beam Cell","Melter"],"picked":"Reboot+1","floor":28},{"not_picked":["Compile Driver","Storm"],"picked":"Gash","floor":28},{"not_picked":["Static Discharge","Streamline"],"picked":"Compile Driver","floor":29},{"not_picked":["Chaos+1","Double Energy+1","Sunder"],"picked":"SKIP","floor":29},{"not_picked":["Force Field+1","Stack+1"],"picked":"Auto Shields+1","floor":31},{"not_picked":["Electrodynamics","Buffer"],"picked":"Fission+1","floor":33},{"not_picked":["Force Field+1","Loop","Auto Shields+1"],"picked":"SKIP","floor":35},{"not_picked":["Sweeping Beam+1","Leap+1","Streamline+1"],"picked":"SKIP","floor":35},{"not_picked":["Cold Snap","Stack+1"],"picked":"Defragment","floor":37},{"not_picked":["Skim+1","Compile Driver","Hologram+1"],"picked":"SKIP","floor":37},{"not_picked":["Beam Cell","Consume+1"],"picked":"Coolheaded+1","floor":38},{"not_picked":["Leap+1","Force Field+1","Scrape"],"picked":"SKIP","floor":38},{"not_picked":["Leap+1","Force Field+1","Scrape"],"picked":"SKIP","floor":38},{"not_picked":["Conserve Battery+1","Leap+1"],"picked":"Turbo+1","floor":39},{"not_picked":["Blizzard+1","Beam Cell","Machine Learning"],"picked":"SKIP","floor":39},{"not_picked":["Recycle+1","Seek+1"],"picked":"Steam Power+1","floor":40},{"not_picked":["Double Energy+1","Rip and Tear","Conserve Battery+1"],"picked":"SKIP","floor":42},{"not_picked":["Go for the Eyes","Sweeping Beam+1","Conserve Battery+1"],"picked":"SKIP","floor":42},{"not_picked":["Leap+1","Static Discharge","Sweeping Beam"],"picked":"SKIP","floor":44},{"not_picked":["Core Surge","Stack+1"],"picked":"Defragment","floor":46},{"not_picked":["Turbo+1","Fusion+1"],"picked":"Stack+1","floor":48},{"not_picked":["Go for the Eyes","Redo+1","Leap+1"],"picked":"SKIP","floor":48},{"not_picked":["Buffer","Hologram+1"],"picked":"Cold Snap+1","floor":54}],"player_experience":1641581,"relics_obtained":[{"floor":7,"key":"Prayer Wheel"},{"floor":9,"key":"Toxic Egg 2"},{"floor":11,"key":"Regal Pillow"},{"floor":20,"key":"Red Mask"},{"floor":23,"key":"Tiny Chest"},{"floor":25,"key":"Blue Candle"},{"floor":26,"key":"Bronze Scales"},{"floor":27,"key":"Whetstone"},{"floor":31,"key":"Old Coin"},{"floor":40,"key":"Ancient Tea Set"},{"floor":44,"key":"Smiling Mask"},{"floor":46,"key":"Potion Belt"},{"floor":54,"key":"War Paint"}],"event_choices":[{"damage_healed":0,"gold_gain":0,"cards_transformed":["Dualcast"],"player_choice":"Change","damage_taken":0,"max_hp_gain":0,"max_hp_loss":0,"event_name":"Living Wall","floor":2,"gold_loss":0,"cards_obtained":["Reboot"]},{"damage_healed":0,"gold_gain":0,"player_choice":"Success","damage_taken":3,"relics_obtained":["Du-Vu Doll"],"max_hp_gain":0,"max_hp_loss":0,"event_name":"Scrap Ooze","floor":4,"gold_loss":0},{"damage_healed":0,"gold_gain":0,"player_choice":"Entered Light","damage_taken":15,"max_hp_gain":0,"max_hp_loss":0,"event_name":"Shining Light","floor":5,"gold_loss":0,"cards_upgraded":["Reboot","Defend_B"]},{"damage_healed":0,"gold_gain":0,"player_choice":"Fought Bandits","damage_taken":0,"max_hp_gain":0,"max_hp_loss":0,"event_name":"Masked Bandits","floor":20,"gold_loss":0},{"cards_removed":["Hologram"],"damage_healed":0,"gold_gain":0,"player_choice":"Removed Skill","damage_taken":0,"max_hp_gain":0,"max_hp_loss":0,"event_name":"Falling","floor":47,"gold_loss":0}],"is_beta":false,"boss_relics":[{"not_picked":["Coffee Dripper","Astrolabe"],"picked":"Nuclear Battery"},{"not_picked":["Philosopher\u0027s Stone","SacredBark"],"picked":"Cursed Key"}],"items_purged_floors":[3],"is_endless":false,"potions_floor_spawned":[1,10,11,14,16,25,27,29,31,37,38,44,48,54],"killed_by":"The Heart","ascension_level":10}}