{"host":"ggy1mjjy92c62u6a","time":1613310522,"event":{"mods":["10 clothes from DAL","ATMod(阿瑾Mod)","Act Like it!","BaseMod","Colored Powertips","GifTheSpireLib","Library of Ruina","Library of Ruina Extra","Lobotomy","LobotomyExtend","Minty Spire (QoL Compilation)","Quick Restart","Relic Filter Mod","Relic Stats","Reliquary","Replay The Spire","Shop Mod","Spicy Shops","StSLib","SuperFastMode","TestMod","【功能Mod】混沌之环修复补丁","【遗物Mod】死灵法师NEW","【遗物卡牌】REMEMod"],"gold_per_floor":[271,221,237,94,135,135,181,181,204,204,231,231,231,264,264,447,447,469,494,494,546,568,568,313,313,313,313,412,412,412,425,248,248,248,274,274,274,131,131,199,302,302,454],"floor_reached":17,"language":"ZHS","playtime":2051,"items_purged":["Writhe"],"score":718,"play_id":"21962ab3-23f2-4a99-8906-cd6d49505051","local_time":"20210214214842","is_ascension_mode":true,"campfire_choices":[{"data":"AT_ShrugMaster","floor":10.0,"key":"SMITH"},{"data":"FrontalAssault","floor":12.0,"key":"SMITH"},{"floor":15.0,"key":"REST"},{"data":"UnforgettableMelody","floor":6.0,"key":"SMITH"},{"data":"QuickAttack","floor":8.0,"key":"SMITH"},{"data":"DegradedShockwave","floor":10.0,"key":"SMITH"},{"data":"UnforgettableMelody","floor":6,"key":"SMITH"},{"data":"MultiHit","floor":12,"key":"SMITH"},{"data":"DegradedLock","floor":15,"key":"SMITH"}],"circlet_count":0,"master_deck":["AscendersBane","DegradedFairy","DegradedFairy","DegradedChain","DegradedChain","DegradedLock+1","DegradedPillar","DegradedPillar","DegradedShockwave+1","AT_ShrugMaster+1","TendonChords","QuickAttack+1","GutHarvesting+1","FrontalAssault+1","UnforgettableMelody+1","MultiHit+1","UnforgettableMelody+1"],"relics":["PageOfLibrarian","REME_ComplimentaryCards","testmod-TestBox","CogitoBucket","RabbitCall","testmod-Acrobat","Orrery","AT_ATBox","reliquary:PartyBalloon","Blue Doll","Divine Protection","Incense Burner","testmod-NegativeEmotionEnhancer","LaetitiaHeart","reliquary:RosewoodLute","Iron Hammer","testmod-IndustrialRevolution","HonorFeather","LetterFromLob","ReplayTheSpireMod:CursedCoin","Pen Nib","AdjustmentMirror","PageOfTheQueenOfHatred","DALC_TWO","PageOfTheKnightOfDespair"],"acts_visited":["Exordium","TheCity"],"potions_floor_usage":[17,17],"damage_taken":[{"damage":0.0,"enemies":"Cultist","floor":1.0,"turns":2.0},{"damage":12.0,"enemies":"Small Slimes","floor":3.0,"turns":2.0},{"damage":0.0,"enemies":"2 Louse","floor":5.0,"turns":2.0},{"damage":0.0,"enemies":"Red Slaver","floor":7.0,"turns":1.0},{"damage":0.0,"enemies":"Lagavulin","floor":11.0,"turns":3.0},{"damage":0.0,"enemies":"3 Sentries","floor":14.0,"turns":2.0},{"damage":0.0,"enemies":"Slime Boss","floor":16.0,"turns":4.0},{"damage":0.0,"enemies":"Shell Parasite","floor":18.0,"turns":1.0},{"damage":0.0,"enemies":"Shell Parasite","floor":18.0,"turns":1.0},{"damage":0.0,"enemies":"2 Louse","floor":1.0,"turns":4.0},{"damage":0.0,"enemies":"Cultist","floor":4.0,"turns":2.0},{"damage":0.0,"enemies":"Jaw Worm","floor":5.0,"turns":2.0},{"damage":47.0,"enemies":"3 Sentries","floor":11.0,"turns":2.0},{"damage":0,"enemies":"Small Slimes","floor":1,"turns":4},{"damage":0,"enemies":"2 Louse","floor":4,"turns":1},{"damage":0,"enemies":"Cultist","floor":8,"turns":5},{"damage":0,"enemies":"Gremlin Nob","floor":13,"turns":2},{"damage":0,"enemies":"3 Louse","floor":14,"turns":5},{"damage":0,"enemies":"Fading Forest","floor":16,"turns":9},{"damage":0,"enemies":"Malkuth","floor":17,"turns":4},{"damage":20,"enemies":"Yesod","floor":17,"turns":7},{"damage":125,"enemies":"Tiphereth","floor":17,"turns":16},{"damage":0,"enemies":"Hokma","floor":17,"turns":16},{"damage":56,"enemies":"Angela","floor":17,"turns":12}],"seed_played":"8495734897684485669","potions_obtained":[{"floor":11.0,"key":"GamblersBrew"},{"floor":1.0,"key":"BlessingOfTheForge"},{"floor":3.0,"key":"Venom Potion"},{"floor":16,"key":"Toxic Potion"}],"is_trial":false,"path_per_floor":["M","?","M","$","M","?","M","?","T","R","E","R","?","E","R","B",null,"M","M","T","?","M","M","R","$","R","T","R","E","M","?","?","M","$","R","$","M","T","M","$","R","E","M","R","B",null],"character_chosen":"Librarian","items_purchased":["Orrery","Iron Hammer","ReplayTheSpireMod:CursedCoin","Pen Nib","UnforgettableMelody","DALC_TWO"],"campfire_rested":1,"item_purchase_floors":[4,7,5,5,5,11],"current_hp_per_floor":[54,54,45,45,45,45,45,45,45,45,45,45,45,48,84,87,112,111,111,111,113,115,115,115,115,115,115,127,127,127,128,128,128,128,129,129,79,79,129,130,131,131,132],"gold":487,"neow_bonus":"","is_daily":false,"chose_seed":false,"campfire_upgraded":8,"win_rate":0.0,"timestamp":1613310522,"path_taken":["M","?","M","$","M","?","M","?","T","R","E","R","?","E","R","BOSS","M","M","?","?","M","?","R","$","R","T","R","E","M","?","?","M","$","R","$","M","T","M","$","R","E","M","R","BOSS"],"items_purchased_type":["Relic","Relic","Relic","Relic","Card","Relic"],"build_version":"2020-12-22","purchased_purges":1,"victory":true,"max_hp_per_floor":[90,90,90,90,90,120,120,120,120,120,120,120,120,120,120,120,120,123,123,123,124,125,125,125,125,125,125,127,127,127,128,128,128,128,129,129,129,129,129,130,131,131,132],"relic_stats":{"counters":[26,107],"Pen Nib":[13],"obtain_stats":[{"RabbitCall":0,"Divine Protection":13,"PageOfTheQueenOfHatred":9,"HonorFeather":11,"AT_ATBox":0,"reliquary:PartyBalloon":9,"Blue Doll":11,"Incense Burner":14,"testmod-NegativeEmotionEnhancer":17,"AdjustmentMirror":8,"CogitoBucket":0,"LaetitiaHeart":18,"PageOfTheKnightOfDespair":13,"Iron Hammer":7,"testmod-TestBox":0,"ReplayTheSpireMod:CursedCoin":5,"Pen Nib":5,"reliquary:RosewoodLute":2,"testmod-IndustrialRevolution":9,"PageOfLibrarian":0,"DALC_TWO":11,"testmod-Acrobat":0,"Orrery":4,"LetterFromLob":1,"REME_ComplimentaryCards":0},{"RabbitCall":0,"Divine Protection":5,"PageOfTheQueenOfHatred":18,"HonorFeather":14,"AT_ATBox":0,"reliquary:PartyBalloon":4,"Blue Doll":5,"Incense Burner":6,"testmod-NegativeEmotionEnhancer":7,"AdjustmentMirror":18,"CogitoBucket":0,"LaetitiaHeart":7,"PageOfTheKnightOfDespair":19,"Iron Hammer":13,"testmod-TestBox":0,"ReplayTheSpireMod:CursedCoin":16,"Pen Nib":16,"reliquary:RosewoodLute":11,"testmod-IndustrialRevolution":13,"PageOfLibrarian":0,"DALC_TWO":18,"testmod-Acrobat":0,"Orrery":2,"LetterFromLob":1,"REME_ComplimentaryCards":0},{"RabbitCall":0,"Divine Protection":9,"PageOfTheQueenOfHatred":37,"HonorFeather":26,"AT_ATBox":0,"reliquary:PartyBalloon":7,"Blue Doll":9,"Incense Burner":11,"testmod-NegativeEmotionEnhancer":15,"AdjustmentMirror":37,"CogitoBucket":0,"LaetitiaHeart":15,"PageOfTheKnightOfDespair":39,"Iron Hammer":24,"testmod-TestBox":0,"ReplayTheSpireMod:CursedCoin":31,"Pen Nib":31,"reliquary:RosewoodLute":21,"testmod-IndustrialRevolution":24,"PageOfLibrarian":0,"DALC_TWO":37,"testmod-Acrobat":0,"Orrery":4,"LetterFromLob":2,"REME_ComplimentaryCards":0}]},"card_choices":[{"not_picked":["ViolentFlame","SunsetBlade","InkOver"],"picked":"TendonChords","floor":1.0},{"not_picked":["MultiBlock","MultiHit","TieShanKao","DefenseOrder"],"picked":"SKIP","floor":3.0},{"not_picked":["CutIn","UpbeatPerformance","ViolentFlame"],"picked":"QuickAttack","floor":4.0},{"not_picked":["IllEndYou","ViolentFlame","QuickAttack"],"picked":"FrontalAssault","floor":4.0},{"not_picked":["EmotionalTurbulence","DefenseOrder","ShockingBlow"],"picked":"GutHarvesting","floor":4.0},{"not_picked":["GuidanceOfTheGears","IllEndYou","DesperateStruggle","Crush"],"picked":"SKIP","floor":5.0},{"not_picked":["GuidanceOfTheGears","IllEndYou","DesperateStruggle","Crush"],"picked":"SKIP","floor":5.0},{"not_picked":["EndlessBattle","SteelKnuckles","ShockingBlow","RatsGuideToSurvival"],"picked":"SKIP","floor":7.0},{"not_picked":["DestructiveImpact","FierceCharge","SilentMist"],"picked":"FrontalAssault","floor":11.0},{"not_picked":["ForTheFamily","HighKick","FlowOfTheSword","GuardingStance"],"picked":"SKIP","floor":14.0},{"not_picked":["Suppress","Tttonst"],"picked":"UnforgettableMelody","floor":16.0},{"not_picked":["LuminousBraceletRelic","BehaviorAdjustmentRelic","FleshIdolRelic"],"picked":"Singing Bowl","floor":1.0},{"not_picked":["LoosenUp","StrongStrike","SuppressingShot"],"picked":"FrontalAssault","floor":1.0},{"not_picked":["FierceCharge","GuardingStance","SuppressingShot","GaleKick"],"picked":"SKIP","floor":4.0},{"not_picked":["QuickAttack","Bvapour","ButterflySlash","GuidanceOfTheGears"],"picked":"SKIP","floor":5.0},{"not_picked":["ShockingBlow","Bvapour","SuppressingShot","Riposte"],"picked":"SKIP","floor":1},{"not_picked":["StrongStrike","ShockRound","CombatPreparation","SummaryJudgment"],"picked":"SKIP","floor":4},{"not_picked":["YourShield","MultiHit","FleetEdge","DirtyBlow"],"picked":"SKIP","floor":8},{"not_picked":["DesperateStruggle","FrontalAssault","MultiBlock","DarkCloud"],"picked":"SKIP","floor":13},{"not_picked":["HandleRequest","SuppressingShot","DesperateStruggle","BoundaryOfDeath"],"picked":"SKIP","floor":14},{"not_picked":["UniverseFragment","QueenBee","OldLady"],"picked":"Singing Bowl","floor":16}],"player_experience":119634,"relics_obtained":[{"floor":1.0,"key":"LetterFromLob"},{"floor":9.0,"key":"reliquary:PartyBalloon"},{"floor":11.0,"key":"Blue Doll"},{"floor":14.0,"key":"Incense Burner"},{"floor":1.0,"key":"LetterFromLob"},{"floor":2.0,"key":"reliquary:RosewoodLute"},{"floor":9.0,"key":"testmod-IndustrialRevolution"},{"floor":1,"key":"LetterFromLob"},{"floor":9,"key":"PageOfTheQueenOfHatred"},{"floor":13,"key":"PageOfTheKnightOfDespair"}],"event_choices":[{"cards_removed":["DegradedFairy"],"damage_healed":0.0,"max_hp_gain":0.0,"max_hp_loss":0.0,"gold_gain":0.0,"event_name":"The Cleric","player_choice":"Card Removal","floor":2.0,"gold_loss":50.0,"damage_taken":0.0},{"damage_healed":0.0,"max_hp_gain":0.0,"max_hp_loss":0.0,"gold_gain":0.0,"event_name":"给自己的盒子","player_choice":"Swap Relic","floor":6.0,"relics_lost":["AT_ATBox"],"gold_loss":0.0,"damage_taken":0.0,"relics_obtained":["AT_ATBox"]},{"damage_healed":0.0,"max_hp_gain":0.0,"max_hp_loss":0.0,"gold_gain":0.0,"event_name":"Living Wall","player_choice":"Grow","floor":8.0,"gold_loss":0.0,"damage_taken":0.0,"cards_upgraded":["GutHarvesting"]},{"cards_removed":["FrontalAssault"],"damage_healed":0.0,"max_hp_gain":0.0,"max_hp_loss":0.0,"gold_gain":0.0,"event_name":"WeMeetAgain","player_choice":"Gave Card","floor":13.0,"gold_loss":0.0,"damage_taken":0.0,"relics_obtained":["Divine Protection"]},{"damage_healed":0.0,"max_hp_gain":0.0,"max_hp_loss":0.0,"gold_gain":0.0,"event_name":"Lab","player_choice":"Got Potions","floor":3.0,"gold_loss":0.0,"damage_taken":0.0},{"damage_healed":0,"gold_gain":0,"cards_transformed":["FrontalAssault"],"player_choice":"Change","damage_taken":0,"max_hp_gain":0,"max_hp_loss":0,"event_name":"Living Wall","floor":2,"gold_loss":0,"cards_obtained":["MultiHit"]}],"is_beta":false,"boss_relics":[{"not_picked":["Sozu","testmod-TimeTraveler"],"picked":"testmod-NegativeEmotionEnhancer"}],"items_purged_floors":[5],"is_endless":false,"potions_floor_spawned":[3,11,14,18,1,11,4,8,16],"ascension_level":10}}