{"host":"ex9ev9v5sog028vn","time":1613298481,"event":{"mods":["Act Like it!","BaseMod","Block Reminder","Hallownest","Minty Spire (QoL Compilation)","Quick Restart","Relic Stats","StSLib","The Bug Knight"],"gold_per_floor":[115,131,131,144,35,60,76,76,76,76,86,86,86,115,115,115,115],"floor_reached":16,"language":"ENG","playtime":1167,"items_purged":["Doubt"],"score":128,"play_id":"996398ae-1068-4e19-a43c-2e2703383f09","local_time":"20210214072801","is_ascension_mode":true,"campfire_choices":[{"data":"HollowMod:GreatSlash","floor":8,"key":"SMITH"},{"data":"HollowMod:DesolateDive","floor":10,"key":"SMITH"},{"data":"HollowMod:HowlingWraiths","floor":15,"key":"SMITH"}],"circlet_count":0,"master_deck":["HollowMod:NailStrikeStart","HollowMod:NailStrikeStart","HollowMod:NailStrikeStart","HollowMod:QuickDashStart","HollowMod:QuickDashStart","HollowMod:QuickDashStart","HollowMod:QuickDashStart","HollowMod:FocusHealStart","HollowMod:PogoStrike","HollowMod:HowlingWraiths+1","HollowMod:DoubleDash","HollowMod:BrokenVessel","HollowMod:DesolateDive+1","HollowMod:Hiveblood+1","HollowMod:GreatSlash+1","HollowMod:DoubleDash+1","HollowMod:CrystalDash+1","HollowMod:CloakDash+1"],"relics":["HollowMod:VesselMask","Thread and Needle","Hallownest:DreamNailRelic","Toxic Egg 2","Letter Opener","Pantograph"],"acts_visited":["Exordium"],"potions_floor_usage":[16],"damage_taken":[{"damage":6,"enemies":"Hallownest:2_Tiktiks_and_1_Crawlid","floor":1,"turns":6},{"damage":0,"enemies":"Hallownest:monsterHuskGuard","floor":2,"turns":4},{"damage":0,"enemies":"2_ Uuma","floor":4,"turns":5},{"damage":27,"enemies":"Hallownest:eliteVengeflyKing","floor":6,"turns":9},{"damage":41,"enemies":"Hallownest:1_Baldur_1_Crawlid_1_Warrior","floor":7,"turns":7},{"damage":14,"enemies":"Hallownest:monsterMossCharger","floor":11,"turns":9},{"damage":21,"enemies":"Hallownest:eliteMossKnight","floor":14,"turns":11},{"damage":114,"enemies":"Hallownest:BossHornet","floor":16,"turns":15}],"seed_played":"-1827561486273954067","potions_obtained":[{"floor":4,"key":"Fire Potion"},{"floor":7,"key":"Energy Potion"},{"floor":11,"key":"Swift Potion"}],"is_trial":false,"path_per_floor":["M","M","?","M","$","E","M","R","T","R","M","?","?","E","R","B"],"character_chosen":"THE_BUGKNIGHT","items_purchased":["HollowMod:DesolateDive"],"campfire_rested":0,"item_purchase_floors":[5],"current_hp_per_floor":[74,75,75,75,75,54,48,48,48,48,72,63,63,75,75,0,0],"gold":115,"neow_bonus":"ONE_RARE_RELIC","is_daily":false,"chose_seed":false,"campfire_upgraded":3,"win_rate":0.0,"timestamp":1613298481,"path_taken":["M","M","?","M","$","E","M","R","T","R","?","?","?","E","R","BOSS"],"items_purchased_type":["Card"],"build_version":"2020-12-22","purchased_purges":1,"victory":false,"max_hp_per_floor":[75,75,75,75,75,75,75,75,75,75,75,75,75,75,75,75,75],"relic_stats":{"counters":[8,66],"Pantograph":0,"Letter Opener":[5],"obtain_stats":[{"Pantograph":14,"HollowMod:VesselMask":0,"Thread and Needle":0,"Hallownest:DreamNailRelic":3,"Letter Opener":9,"Toxic Egg 2":6},{"Pantograph":7,"HollowMod:VesselMask":0,"Thread and Needle":0,"Hallownest:DreamNailRelic":2,"Letter Opener":5,"Toxic Egg 2":4},{"Pantograph":51,"HollowMod:VesselMask":0,"Thread and Needle":0,"Hallownest:DreamNailRelic":10,"Letter Opener":31,"Toxic Egg 2":24}]},"card_choices":[{"not_picked":["HollowMod:BlackTendrils","HollowMod:TaintedHusks"],"picked":"HollowMod:HowlingWraiths","floor":1},{"not_picked":["HollowMod:CornifersMapStart","HollowMod:LifebloodCocoon"],"picked":"HollowMod:DoubleDash","floor":2},{"not_picked":["HollowMod:WraithStrike","HollowMod:ShapeofUnn"],"picked":"HollowMod:BrokenVessel","floor":4},{"not_picked":["HollowMod:theNailsmith+1","HollowMod:PureNailStrike"],"picked":"HollowMod:Hiveblood+1","floor":6},{"not_picked":["HollowMod:FallenFury","HollowMod:SiblingsShadow+1"],"picked":"HollowMod:GreatSlash","floor":7},{"not_picked":["HollowMod:ShapeofUnn","HollowMod:SiblingsShadow+1"],"picked":"HollowMod:DoubleDash+1","floor":11},{"not_picked":["HollowMod:DesolateDive","HollowMod:AbyssShriek"],"picked":"HollowMod:CloakDash+1","floor":14}],"player_experience":738423,"relics_obtained":[{"floor":6,"key":"Toxic Egg 2"},{"floor":9,"key":"Letter Opener"},{"floor":14,"key":"Pantograph"}],"event_choices":[],"is_beta":false,"boss_relics":[],"items_purged_floors":[5],"is_endless":false,"potions_floor_spawned":[4,7,11],"killed_by":"Hallownest:BossHornet","ascension_level":4}}