{"host":"mhzgc0zma59jtmoj","time":1613275727,"event":{"mods":["BaseMod","BetterRewards","Custom Start","Glutton Mod","Ironclad Rager","Minty Spire (QoL Compilation)","Replay The Spire","Somnambulant","StSLib","The Cursed","The Hierophant","The Jungle","Treasure Hunter"],"gold_per_floor":[242,307,351,399,422,422,449,500,500,500,559,559,616,657,657,657,657],"floor_reached":16,"language":"ENG","playtime":581,"items_purged":[],"score":123,"play_id":"8385fc9c-96e7-4254-ae2a-238ec352bd5e","local_time":"20210213230847","is_ascension_mode":false,"campfire_choices":[{"floor":6,"key":"REST"},{"floor":10,"key":"REST"},{"data":"hierophant:Charity","floor":15,"key":"SMITH"}],"circlet_count":0,"master_deck":["hierophant:Strike_Hierophant","hierophant:Strike_Hierophant","hierophant:Strike_Hierophant","hierophant:Strike_Hierophant","hierophant:Punish","hierophant:Defend_Hierophant","hierophant:Defend_Hierophant","hierophant:Defend_Hierophant","hierophant:Defend_Hierophant","hierophant:ChurchCoffers","hierophant:RustyCrate","hierophant:Doubloon","hierophant:Doubloon","hierophant:Doubloon","hierophant:Charity+1","hierophant:Endure","hierophant:Doubloon","hierophant:Remorse","TH:ElvenBoots","hierophant:Doubloon","hierophant:Refuge","hierophant:Repentance"],"relics":["hierophant:PropheticMaskRelic","NeowsBlessing","Meat on the Bone","SsserpentHead"],"acts_visited":["Exordium"],"potions_floor_usage":[11],"damage_taken":[{"damage":0,"enemies":"Cultist","floor":1,"turns":1},{"damage":0,"enemies":"2 Louse","floor":3,"turns":1},{"damage":0,"enemies":"Small Slimes","floor":4,"turns":1},{"damage":30,"enemies":"Red Slaver","floor":5,"turns":5},{"damage":28,"enemies":"Exordium Thugs","floor":7,"turns":4},{"damage":11,"enemies":"3 Louse","floor":8,"turns":2},{"damage":21,"enemies":"Large Slime","floor":11,"turns":6},{"damage":18,"enemies":"Looter","floor":13,"turns":5},{"damage":14,"enemies":"2 Fungi Beasts","floor":14,"turns":3},{"damage":22,"enemies":"The Guardian","floor":16,"turns":2}],"seed_played":"1123755433470005437","potions_obtained":[{"floor":2,"key":"Venom Potion"},{"floor":2,"key":"SneckoOil"},{"floor":2,"key":"LiquidBronze"},{"floor":13,"key":"Explosive Potion"}],"is_trial":false,"path_per_floor":["M","?","M","M","M","R","M","M","T","R","M","?","M","M","R","B"],"character_chosen":"HIEROPHANT","items_purchased":[],"campfire_rested":2,"item_purchase_floors":[],"current_hp_per_floor":[75,57,57,57,27,49,21,10,10,32,23,23,17,15,15,0,0],"gold":657,"neow_bonus":"THREE_ENEMY_KILL","is_daily":false,"chose_seed":false,"campfire_upgraded":1,"win_rate":0.0,"timestamp":1613275727,"path_taken":["M","?","M","?","M","R","M","?","T","R","?","?","?","M","R","BOSS"],"items_purchased_type":[],"build_version":"2020-12-22","purchased_purges":0,"victory":false,"max_hp_per_floor":[75,75,75,75,75,75,75,75,75,75,75,75,75,75,75,75,75],"card_choices":[{"not_picked":["hierophant:HolyVerse","hierophant:Shelter"],"picked":"hierophant:RustyCrate","floor":1},{"not_picked":["hierophant:ThreeLashes","hierophant:AuricBeam"],"picked":"hierophant:Charity","floor":2},{"not_picked":["hierophant:HolyVerse","hierophant:AuricShield"],"picked":"hierophant:Endure","floor":3},{"not_picked":["hierophant:Blessing","hierophant:FlamingChariot","hierophant:DisplayOfPower"],"picked":"SKIP","floor":4},{"not_picked":["hierophant:Sermon","hierophant:Martyrdom"],"picked":"hierophant:Remorse","floor":5},{"not_picked":["hierophant:Exaltation","hierophant:SolarFlare","hierophant:Shelter"],"picked":"SKIP","floor":7},{"not_picked":["hierophant:Mercenaries","hierophant:MorningPrayer","hierophant:Encroach"],"picked":"SKIP","floor":8},{"not_picked":["TH:BikiniMail"],"picked":"TH:ElvenBoots","floor":9},{"not_picked":["hierophant:Encroach","hierophant:DisplayOfPower"],"picked":"hierophant:Refuge","floor":11},{"not_picked":["hierophant:ArchangelShield","hierophant:ThreeLashes"],"picked":"hierophant:Repentance","floor":13},{"not_picked":["hierophant:Encroach","hierophant:OrnateBuckler","hierophant:MorningPrayer"],"picked":"SKIP","floor":14}],"player_experience":283504,"relics_obtained":[{"floor":9,"key":"Meat on the Bone"}],"event_choices":[{"damage_healed":0,"gold_gain":0,"player_choice":"Trade","damage_taken":0,"relics_obtained":["SsserpentHead"],"max_hp_gain":0,"max_hp_loss":0,"event_name":"FaceTrader","floor":12,"gold_loss":0}],"is_beta":false,"boss_relics":[],"items_purged_floors":[],"is_endless":false,"potions_floor_spawned":[3,8,13,14],"killed_by":"The Guardian","ascension_level":0}}