{"host":"ndpbn7fqb3wjbd7p","time":1613340282,"event":{"mods":["AchievementEnabler","Act Like it!","AlwaysNeverKeys","BaseMod","Better Vampires","Block Reminder","Colored Powertips","DeckTracker","Defuse TimeMaze Blight","Friendly Minions","Hermit","Highlight Path","MarisaÅiñ∂âJÅ@ñÇóùçπÅj","Minty Spire (QoL Compilation)","Permanent Neow","Shade Mod","StSLib","SuperFastMode","Synergy Search","The Mystic","Unceasing Turn Reminder","Wandering Minibosses"],"gold_per_floor":[113,125,125,139,151,151,151,168,168,180,217,4,4,15,15,91,91,103,103,103,118,128,128,128,154,154,154,206,237,237,252,252,326,326,341,694,499,509,529,249,280,280,280,280,296,296,296],"floor_reached":46,"language":"ENG","playtime":2543,"items_purged":["Strike_B","Defend_B","Defend_B"],"score":871,"play_id":"9aa90a06-ff6d-470b-b447-29689ac764b1","local_time":"20210214230442","is_ascension_mode":true,"campfire_choices":[{"data":"Genetic Algorithm","floor":6,"key":"SMITH"},{"data":"Multi-Cast","floor":10,"key":"SMITH"},{"data":"Zap","floor":13,"key":"SMITH"},{"floor":15,"key":"REST"},{"floor":23,"key":"REST"},{"data":"Turbo","floor":32,"key":"SMITH"},{"data":"Biased Cognition","floor":42,"key":"SMITH"}],"circlet_count":0,"master_deck":["AscendersBane","Defend_B","Defend_B","Zap+1","Multi-Cast+1","Genetic Algorithm+1","BootSequence","Capacitor","Amplify","Ball Lightning+1","Force Field","Barrage","Ball Lightning+1","Hologram+1","Ghostly","Ghostly","Ghostly","Ghostly","Ghostly","Turbo+1","Meteor Strike+1","Undo","Biased Cognition+1","Reinforced Body","Good Instincts","Madness","Madness","Steam+1"],"relics":["Cracked Core","Bag of Preparation","MawBank","Cables","Chemical X","Inserter","Juzu Bracelet","DataDisk","Pear","Nunchaku","PreservedInsect","Busted Crown","Old Coin","Whetstone","Potion Belt","Oddly Smooth Stone"],"acts_visited":["Exordium","TheCity","TheBeyond"],"potions_floor_usage":[11,16,16,21,33,33,46],"damage_taken":[{"damage":5,"enemies":"Small Slimes","floor":1,"turns":4},{"damage":1,"enemies":"Cultist","floor":2,"turns":3},{"damage":2,"enemies":"2 Louse","floor":4,"turns":3},{"damage":7,"enemies":"2 Fungi Beasts","floor":5,"turns":5},{"damage":2,"enemies":"3 Louse","floor":8,"turns":4},{"damage":13,"enemies":"Lagavulin","floor":11,"turns":7},{"damage":0,"enemies":"Blue Slaver","floor":14,"turns":2},{"damage":39,"enemies":"Slime Boss","floor":16,"turns":7},{"damage":0,"enemies":"Spheric Guardian","floor":18,"turns":3},{"damage":0,"enemies":"3 Byrds","floor":21,"turns":2},{"damage":33,"enemies":"Centurion and Healer","floor":22,"turns":6},{"damage":3,"enemies":"Book of Stabbing","floor":25,"turns":6},{"damage":3,"enemies":"Gremlin Leader","floor":29,"turns":8},{"damage":2,"enemies":"Snecko","floor":31,"turns":6},{"damage":13,"enemies":"Collector","floor":33,"turns":8},{"damage":0,"enemies":"3 Shapes","floor":35,"turns":5},{"damage":5,"enemies":"2 Orb Walkers","floor":36,"turns":6},{"damage":0,"enemies":"Orb Walker","floor":38,"turns":3},{"damage":3,"enemies":"3 Darklings","floor":39,"turns":5},{"damage":0,"enemies":"Reptomancer","floor":41,"turns":6},{"damage":0,"enemies":"Transient","floor":45,"turns":5},{"damage":31,"enemies":"Giant Head","floor":46,"turns":5}],"seed_played":"-8277114892227024113","potions_obtained":[{"floor":8,"key":"Block Potion"},{"floor":11,"key":"SkillPotion"},{"floor":14,"key":"SteroidPotion"},{"floor":18,"key":"Explosive Potion"},{"floor":29,"key":"EssenceOfSteel"},{"floor":31,"key":"EssenceOfSteel"},{"floor":36,"key":"EssenceOfSteel"},{"floor":38,"key":"SneckoOil"},{"floor":39,"key":"EssenceOfDarkness"},{"floor":45,"key":"LiquidBronze"}],"is_trial":false,"path_per_floor":["M","M","?","M","M","R","?","M","T","R","E","$","R","M","R","B",null,"M","?","?","M","M","R","?","E","T","T","T","E","$","M","R","B",null,"M","?","$","M","M","$","E","R","T","?","M","E"],"character_chosen":"DEFECT","items_purchased":["Chemical X","Good Instincts","Whetstone"],"campfire_rested":2,"item_purchase_floors":[12,37,40],"current_hp_per_floor":[63,62,62,60,53,53,53,51,51,51,38,38,38,38,60,21,62,62,62,62,62,29,51,37,34,34,44,44,41,41,39,39,26,42,42,37,37,37,34,34,34,34,34,28,28,0,0],"gold":296,"neow_bonus":"ONE_RANDOM_RARE_CARD","is_daily":false,"chose_seed":false,"campfire_upgraded":5,"win_rate":0.0,"timestamp":1613340282,"path_taken":["M","M","?","?","M","R","?","M","T","R","E","$","R","M","R","BOSS","M","?","?","M","M","R","?","E","T","?","?","E","$","M","R","BOSS","M","?","$","M","M","$","E","R","T","?","M","E"],"items_purchased_type":["Relic","Card","Relic"],"build_version":"2020-12-22","purchased_purges":3,"victory":false,"max_hp_per_floor":[75,75,75,75,75,75,75,75,75,75,75,75,75,75,75,75,75,75,75,75,75,75,75,37,37,37,47,47,47,47,47,47,47,47,47,47,47,47,47,47,47,47,47,47,47,47,47],"card_choices":[{"not_picked":["Beam Cell","Steam"],"picked":"Gash","floor":1},{"not_picked":["Sweeping Beam","Self Repair"],"picked":"Genetic Algorithm","floor":2},{"not_picked":["Doom and Gloom","Beam Cell","Compile Driver"],"picked":"SKIP","floor":4},{"not_picked":["Stack","Go for the Eyes"],"picked":"BootSequence","floor":5},{"not_picked":["Barrage","Steam"],"picked":"Capacitor","floor":8},{"not_picked":["Sweeping Beam","Doom and Gloom","Cold Snap"],"picked":"SKIP","floor":11},{"not_picked":["Steam Power","Rebound","Barrage"],"picked":"SKIP","floor":14},{"not_picked":["Creative AI","Thunder Strike"],"picked":"Amplify","floor":16},{"not_picked":["Capacitor","Leap"],"picked":"Ball Lightning","floor":18},{"not_picked":["Go for the Eyes","Stack"],"picked":"Ball Lightning+1","floor":21},{"not_picked":["Cold Snap","Rebound"],"picked":"Hologram+1","floor":22},{"not_picked":["Auto Shields","Gash"],"picked":"Turbo","floor":25},{"not_picked":["Rip and Tear","Go for the Eyes"],"picked":"Meteor Strike","floor":29},{"not_picked":["Conserve Battery","Redo"],"picked":"Undo","floor":31},{"not_picked":["Seek","All For One"],"picked":"Biased Cognition","floor":33},{"not_picked":["Cold Snap"],"picked":"SKIP","floor":35},{"not_picked":[],"picked":"Reinforced Body","floor":36},{"not_picked":["Blizzard"],"picked":"SKIP","floor":38},{"not_picked":["Reinforced Body"],"picked":"SKIP","floor":39},{"not_picked":["Streamline"],"picked":"SKIP","floor":41},{"not_picked":[],"picked":"Steam+1","floor":45}],"player_experience":1227407,"relics_obtained":[{"floor":9,"key":"MawBank"},{"floor":11,"key":"Cables"},{"floor":25,"key":"Juzu Bracelet"},{"floor":26,"key":"DataDisk"},{"floor":27,"key":"Pear"},{"floor":28,"key":"Nunchaku"},{"floor":29,"key":"PreservedInsect"},{"floor":36,"key":"Old Coin"},{"floor":41,"key":"Potion Belt"},{"floor":43,"key":"Oddly Smooth Stone"}],"event_choices":[{"cards_removed":["Gash"],"damage_healed":0,"gold_gain":0,"player_choice":"Gave Card","damage_taken":0,"relics_obtained":["Bag of Preparation"],"max_hp_gain":0,"max_hp_loss":0,"event_name":"WeMeetAgain","floor":3,"gold_loss":0},{"cards_removed":["Strike_B"],"damage_healed":0,"gold_gain":0,"player_choice":"Forget","damage_taken":0,"max_hp_gain":0,"max_hp_loss":0,"event_name":"Living Wall","floor":7,"gold_loss":0},{"cards_removed":["Strike_B"],"damage_healed":0,"gold_gain":0,"player_choice":"Elegance","damage_taken":0,"max_hp_gain":0,"max_hp_loss":0,"event_name":"Back to Basics","floor":19,"gold_loss":0},{"damage_healed":0,"gold_gain":0,"cards_transformed":["Strike_B","Dualcast"],"player_choice":"Became Test Subject","damage_taken":0,"max_hp_gain":0,"max_hp_loss":0,"event_name":"Drug Dealer","floor":20,"gold_loss":0,"cards_obtained":["Force Field","Barrage"]},{"damage_healed":0,"gold_gain":0,"player_choice":"Became a Ghost","damage_taken":0,"max_hp_gain":0,"max_hp_loss":38,"event_name":"Ghosts","floor":24,"gold_loss":0,"cards_obtained":["Ghostly","Ghostly","Ghostly","Ghostly","Ghostly"]},{"damage_healed":0,"gold_gain":0,"player_choice":"Fight","damage_taken":0,"max_hp_gain":0,"max_hp_loss":0,"event_name":"Mysterious Sphere","floor":36,"gold_loss":0},{"damage_healed":0,"gold_gain":0,"player_choice":"Embrace Madness","damage_taken":6,"max_hp_gain":0,"max_hp_loss":0,"event_name":"Winding Halls","floor":44,"gold_loss":0,"cards_obtained":["Madness","Madness"]}],"is_beta":false,"boss_relics":[{"not_picked":["Philosopher\u0027s Stone","Snecko Eye"],"picked":"Inserter"},{"not_picked":["SacredBark","Runic Dome"],"picked":"Busted Crown"}],"items_purged_floors":[12,37,40],"is_endless":false,"potions_floor_spawned":[8,11,14,18,29,31,36,38,39,45],"killed_by":"Giant Head","ascension_level":13}}