{"host":"cd8sh5n6ebstnq0m","time":1613301092,"event":{"mods":["BaseMod","BetterRewards","Colored Map","Dota2Spire","Downfall","Ekko","Friendly Minions","Gold Saver","GungeonMod","Hubris","Infinite Spire","Jedi Mod","Kratos Character Expansion","Magitek Elite","Marisa????????","Minty Spire (QoL Compilation)","Replay The Spire","Shade Mod","Spicy Shops","StSLib","The Animator","The Blackbeard","The Forsaken","The Gatherer","The Mystic","The Necromancer","The Runesmith","TheVacant","Uncapped"],"gold_per_floor":[109,125,125,225,225,225,225,225,225,225,225,225,225,225,225,225,225,225,225,225,225,225,225,225,225,225,225,225,225,225],"floor_reached":29,"language":"ENG","playtime":1352,"items_purged":[],"score":507,"play_id":"534b2e05-ce57-4095-ab6d-dfc083ed8fa8","local_time":"20210214121132","is_ascension_mode":true,"campfire_choices":[{"data":"ReplayTheSpireMod:Faulty Equipment","floor":6,"key":"SMITH"},{"floor":8,"key":"REST"},{"floor":15,"key":"RECALL"}],"circlet_count":0,"master_deck":["ekkoTheBoyWhoShatteredTime:Strike","ekkoTheBoyWhoShatteredTime:Strike","ekkoTheBoyWhoShatteredTime:Strike","ekkoTheBoyWhoShatteredTime:Strike","ekkoTheBoyWhoShatteredTime:Strike","ekkoTheBoyWhoShatteredTime:Defend","ekkoTheBoyWhoShatteredTime:Defend","ekkoTheBoyWhoShatteredTime:Defend+1","ekkoTheBoyWhoShatteredTime:Defend","ekkoTheBoyWhoShatteredTime:Powered","ekkoTheBoyWhoShatteredTime:NeedlesslyLargeRod","Transmutation","hubris:Fate","ekkoTheBoyWhoShatteredTime:BansheesVeil","ekkoTheBoyWhoShatteredTime:NeedlesslyLargeRod","ekkoTheBoyWhoShatteredTime:NeedlesslyLargeRod","ekkoTheBoyWhoShatteredTime:Timewinder","ekkoTheBoyWhoShatteredTime:MicCheck","ekkoTheBoyWhoShatteredTime:FeelIt","ekkoTheBoyWhoShatteredTime:Chronobreak","ekkoTheBoyWhoShatteredTime:FluidEnergy+1","ekkoTheBoyWhoShatteredTime:NeedlesslyLargeRod","ekkoTheBoyWhoShatteredTime:PlayTheBeat","ekkoTheBoyWhoShatteredTime:NeedlesslyLargeRod","ekkoTheBoyWhoShatteredTime:AcademyAttraction","ekkoTheBoyWhoShatteredTime:Dash","GremboGang"],"relics":["ekkoTheBoyWhoShatteredTime:zDriveResonance","hubris:SlimyHat","hubris:EmptyBottle","hubris:CuriousFeather","hubris:FunFungus","hubris:KleinBottle","ReplayTheSpireMod:CursedCoin","jedi:ominousloannote","Dota2Spire:BattleFury","Mythril_Glove","DemoMod:GlassGuonStoneRelic","Dota2Spire:Vanguard","Blood Vial","hubris:PeanutButter","bronze:MakeshiftBattery","hubris:BottledHeart","KratosMod:amulet","White Beast Statue"],"acts_visited":["Exordium","TheCity"],"potions_floor_usage":[12,12,16,16,21,21,25,27,29,29],"damage_taken":[{"damage":0,"enemies":"infinitespire:Voidling","floor":1,"turns":3},{"damage":6,"enemies":"Jaw Worm","floor":2,"turns":3},{"damage":17,"enemies":"3 Sentries","floor":7,"turns":3},{"damage":0,"enemies":"Small Slimes","floor":10,"turns":2},{"damage":0,"enemies":"Exordium Wildlife","floor":11,"turns":1},{"damage":0,"enemies":"Replay:BlueRogue","floor":12,"turns":3},{"damage":0,"enemies":"2 Fungi Beasts","floor":13,"turns":2},{"damage":0,"enemies":"Large Slime","floor":14,"turns":3},{"damage":0,"enemies":"Hexaghost","floor":16,"turns":4},{"damage":0,"enemies":"3 Byrds","floor":18,"turns":3},{"damage":0,"enemies":"Chosen","floor":20,"turns":4},{"damage":0,"enemies":"Snecko","floor":21,"turns":2},{"damage":0,"enemies":"Shelled Parasite and Fungi","floor":22,"turns":4},{"damage":0,"enemies":"Book of Stabbing","floor":23,"turns":4},{"damage":0,"enemies":"Cultist and Chosen","floor":25,"turns":1},{"damage":0,"enemies":"Centurion and Healer","floor":27,"turns":5},{"damage":5,"enemies":"Nightmare","floor":29,"turns":6}],"seed_played":"-8699865062615068829","potions_obtained":[{"floor":2,"key":"EssenceOfSteel"},{"floor":7,"key":"ekkoTheBoyWhoShatteredTime:BottledSheen"},{"floor":10,"key":"LiquidMemories"},{"floor":14,"key":"Ancient Potion"},{"floor":16,"key":"jedi:mysterypotion"},{"floor":18,"key":"Venom Potion"},{"floor":23,"key":"BlessingOfTheForge"},{"floor":27,"key":"Explosive Potion"}],"is_trial":false,"path_per_floor":["M","M","?","$","?","R","E","R","T","M","M","E","M","M","R","B",null,"M","?","M","M","M","E","?","M","T","M","?","NM"],"character_chosen":"EKKO_THE_BOY_WHO_SHATTERED_TIME","items_purchased":["hubris:SlimyHat","Gremlin Food","hubris:EmptyBottle","hubris:CuriousFeather","ekkoTheBoyWhoShatteredTime:NeedlesslyLargeRod","ReplayTheSpireMod:CursedCoin","jedi:ominousloannote","Dota2Spire:BattleFury","ekkoTheBoyWhoShatteredTime:NeedlesslyLargeRod","Mythril_Glove"],"campfire_rested":1,"item_purchase_floors":[0,0,0,0,0,4,4,4,4,4],"current_hp_per_floor":[61,55,60,60,60,60,43,67,67,83,83,83,83,83,83,83,83,83,1,1,1,1,1,1,1,1,1,1,0,0],"gold":225,"neow_bonus":"","is_daily":false,"chose_seed":false,"campfire_upgraded":1,"win_rate":0.0,"timestamp":1613301092,"path_taken":["M","?","?","?","?","R","E","R","T","M","M","E","M","?","R","BOSS","M","?","M","M","M","E","?","?","T","M","?","NM"],"items_purchased_type":["Relic","Relic","Relic","Relic","Card","Relic","Relic","Relic","Card","Relic"],"build_version":"2020-12-22","purchased_purges":0,"victory":false,"max_hp_per_floor":[78,78,83,83,83,83,83,83,83,83,83,83,83,83,83,83,83,83,1,1,1,1,1,1,1,1,1,1,1,1],"card_choices":[{"not_picked":["ReplayTheSpireMod:Haul","infinitespire:Punishment"],"picked":"hubris:Fate","floor":0},{"not_picked":["ekkoTheBoyWhoShatteredTime:LichBane","ekkoTheBoyWhoShatteredTime:NaggingBlow","ekkoTheBoyWhoShatteredTime:DodgeTraining"],"picked":"SKIP","floor":1},{"not_picked":["ekkoTheBoyWhoShatteredTime:Backtrack","ekkoTheBoyWhoShatteredTime:AfterimageHit"],"picked":"ekkoTheBoyWhoShatteredTime:BansheesVeil","floor":2},{"not_picked":["ekkoTheBoyWhoShatteredTime:PlayTheBeat","ekkoTheBoyWhoShatteredTime:Process"],"picked":"ekkoTheBoyWhoShatteredTime:NeedlesslyLargeRod","floor":7},{"not_picked":["ekkoTheBoyWhoShatteredTime:TimeRecall","ekkoTheBoyWhoShatteredTime:SpHit"],"picked":"ekkoTheBoyWhoShatteredTime:Timewinder","floor":10},{"not_picked":["ekkoTheBoyWhoShatteredTime:Acceleration","ekkoTheBoyWhoShatteredTime:PhaseDive","ekkoTheBoyWhoShatteredTime:IceBreak"],"picked":"SKIP","floor":11},{"not_picked":["ekkoTheBoyWhoShatteredTime:WideSlice","ekkoTheBoyWhoShatteredTime:NaggingBlow"],"picked":"ekkoTheBoyWhoShatteredTime:MicCheck","floor":12},{"not_picked":["ekkoTheBoyWhoShatteredTime:HauntedAfterimage","ekkoTheBoyWhoShatteredTime:Resocharge","ekkoTheBoyWhoShatteredTime:NaggingBlow"],"picked":"SKIP","floor":13},{"not_picked":["ekkoTheBoyWhoShatteredTime:Greed","ekkoTheBoyWhoShatteredTime:Confident"],"picked":"ekkoTheBoyWhoShatteredTime:FeelIt","floor":14},{"not_picked":["ekkoTheBoyWhoShatteredTime:CatchUpTime","ekkoTheBoyWhoShatteredTime:DuplicateTimelines"],"picked":"ekkoTheBoyWhoShatteredTime:Chronobreak","floor":16},{"not_picked":["ekkoTheBoyWhoShatteredTime:Resocharge","ekkoTheBoyWhoShatteredTime:AfterimageTimeWrap"],"picked":"ekkoTheBoyWhoShatteredTime:FluidEnergy+1","floor":18},{"not_picked":["ekkoTheBoyWhoShatteredTime:PhaseDive+1","ekkoTheBoyWhoShatteredTime:Leap"],"picked":"ekkoTheBoyWhoShatteredTime:NeedlesslyLargeRod","floor":20},{"not_picked":["ekkoTheBoyWhoShatteredTime:Overflow","ekkoTheBoyWhoShatteredTime:NaggingBlow"],"picked":"ekkoTheBoyWhoShatteredTime:PlayTheBeat","floor":21},{"not_picked":["ekkoTheBoyWhoShatteredTime:TimeRecall+1","ekkoTheBoyWhoShatteredTime:WaitForKeyTiming+1"],"picked":"ekkoTheBoyWhoShatteredTime:NeedlesslyLargeRod","floor":22},{"not_picked":["ekkoTheBoyWhoShatteredTime:IcebornGauntlet","ekkoTheBoyWhoShatteredTime:AfterimageBait"],"picked":"ekkoTheBoyWhoShatteredTime:AcademyAttraction","floor":23},{"not_picked":["ekkoTheBoyWhoShatteredTime:PhaseDive","ekkoTheBoyWhoShatteredTime:AfterimageHit+1"],"picked":"ekkoTheBoyWhoShatteredTime:Dash","floor":25},{"not_picked":["ekkoTheBoyWhoShatteredTime:AfterimageHit","ekkoTheBoyWhoShatteredTime:ComeAtMe+1","ekkoTheBoyWhoShatteredTime:TimeRecall"],"picked":"SKIP","floor":27}],"player_experience":452727,"relics_obtained":[{"floor":7,"key":"Dota2Spire:Vanguard"},{"floor":9,"key":"Blood Vial"},{"floor":12,"key":"hubris:PeanutButter"},{"floor":23,"key":"KratosMod:amulet"},{"floor":26,"key":"White Beast Statue"}],"event_choices":[{"damage_healed":0,"gold_gain":0,"player_choice":"Donut","damage_taken":0,"max_hp_gain":5,"max_hp_loss":0,"event_name":"Big Fish","floor":3,"gold_loss":0},{"cards_removed":["ekkoTheBoyWhoShatteredTime:TimeMaster"],"damage_healed":0,"gold_gain":0,"player_choice":"Forget","damage_taken":0,"max_hp_gain":0,"max_hp_loss":0,"event_name":"Living Wall","floor":5,"gold_loss":0},{"damage_healed":0,"gold_gain":100,"player_choice":"Pray","damage_taken":0,"max_hp_gain":0,"max_hp_loss":0,"event_name":"Golden Shrine","floor":24,"gold_loss":0}],"is_beta":false,"boss_relics":[{"not_picked":["Runic Pyramid","jedi:battlestandard"],"picked":"bronze:MakeshiftBattery"}],"items_purged_floors":[],"is_endless":false,"potions_floor_spawned":[2,7,10,14,16,18,20,23,25,27],"killed_by":"Nightmare","ascension_level":1}}