{"host":"pgm1p3lvdjflie30","time":1613274717,"event":{"mods":["AchievementEnabler","Alarm Clock","Aspiration","BaseMod","Challenge The Spire","Colored Map","Colored Powertips","Conspire","Dark Map","Energized Spire","GungeonMod","Hermit","HornydragonMod","Minty Spire (QoL Compilation)","Quarter Circle Forward PUNCH!","Quick Restart","Reimu（博???）","Relic Stats","Reliquary","Replay The Spire","Robot Space Explorer","Spicy Shops","StSLib","The Blackbeard","The Bug Knight","The Cursed","The Hayseed","The IronCluck","The Runesmith","Waifu the Spire","Yakumo Yukari mod","【功能Mod】混沌之?修复?丁","篝火指南"],"gold_per_floor":[114,189,189,189,189,189,189,189,189,21,35,35,51,61,61,61,61],"floor_reached":16,"language":"ZHS","playtime":480,"items_purged":[],"score":88,"play_id":"8aafab0b-415c-4551-80ba-1cdac25de799","local_time":"20210214115157","is_ascension_mode":false,"campfire_choices":[{"data":"Neutralize","floor":6,"key":"SMITH"},{"data":"Survivor","floor":8,"key":"SMITH"},{"data":"Quick Slash","floor":12,"key":"SMITH"},{"data":"ReplayTheSpireMod:From All Sides","floor":15,"key":"SMITH"}],"circlet_count":0,"master_deck":["Strike_G","Strike_G","Strike_G","Strike_G","Defend_G","Defend_G","Defend_G","Defend_G","Defend_G","Survivor+1","Neutralize+1","PiercingWail+1","Quick Slash+1","Underhanded Strike","Acrobatics","Hidden Blade","ReplayTheSpireMod:From All Sides+1","Prepared"],"relics":["Honey Jar"],"acts_visited":["Exordium"],"potions_floor_usage":[16],"damage_taken":[{"damage":11,"enemies":"Jaw Worm","floor":1,"turns":4},{"damage":0,"enemies":"2 Louse","floor":11,"turns":2},{"damage":0,"enemies":"Small Slimes","floor":13,"turns":2},{"damage":15,"enemies":"2 Fungi Beasts","floor":14,"turns":3},{"damage":32,"enemies":"Hexaghost","floor":16,"turns":7}],"seed_played":"8026137747918259744","potions_obtained":[{"floor":1,"key":"Strength Potion"}],"is_trial":false,"path_per_floor":["M","?","?","?","?","R","?","R","T","$","M","R","M","M","R","B"],"character_chosen":"THE_SILENT","items_purchased":["Quick Slash","Underhanded Strike","Acrobatics"],"campfire_rested":0,"item_purchase_floors":[10,10,10],"current_hp_per_floor":[59,48,41,46,46,46,46,46,46,46,46,46,46,31,31,0,0],"gold":61,"neow_bonus":"BOSS_RELIC","is_daily":false,"chose_seed":false,"campfire_upgraded":4,"win_rate":0.0,"timestamp":1613274717,"path_taken":["M","?","?","?","?","R","?","R","T","$","M","R","M","M","R","BOSS"],"items_purchased_type":["Card","Card","Card"],"build_version":"2020-12-22","purchased_purges":0,"victory":false,"max_hp_per_floor":[70,70,70,75,75,75,75,75,75,75,75,75,75,75,75,75,75],"relic_stats":{"counters":[5,18],"obtain_stats":[{"Honey Jar":0,"DemoMod:GlassGuonStoneRelic":1,"Ring of the Snake":0},{"Honey Jar":0,"DemoMod:GlassGuonStoneRelic":1,"Ring of the Snake":0},{"Honey Jar":0,"DemoMod:GlassGuonStoneRelic":4,"Ring of the Snake":0}]},"card_choices":[{"not_picked":["Dodge and Roll","Escape Plan","Backflip"],"picked":"PiercingWail","floor":1},{"not_picked":["Sucker Punch","Flying Knee","Flechettes"],"picked":"Hidden Blade","floor":11},{"not_picked":["Backflip","Footwork","Hidden Blade"],"picked":"ReplayTheSpireMod:From All Sides","floor":13},{"not_picked":["Underhanded Strike","Bane","Backflip"],"picked":"Prepared","floor":14}],"player_experience":496747,"relics_obtained":[],"event_choices":[{"damage_healed":0,"gold_gain":75,"player_choice":"Gather Gold","damage_taken":11,"max_hp_gain":0,"max_hp_loss":0,"event_name":"World of Goop","floor":2,"gold_loss":0},{"cards_removed":["Strike_G"],"damage_healed":0,"gold_gain":0,"player_choice":"Card Removal","damage_taken":7,"max_hp_gain":0,"max_hp_loss":0,"event_name":"Golden Wing","floor":3,"gold_loss":0},{"damage_healed":0,"gold_gain":0,"player_choice":"Donut","damage_taken":0,"max_hp_gain":5,"max_hp_loss":0,"event_name":"Big Fish","floor":4,"gold_loss":0},{"damage_healed":0,"gold_gain":0,"player_choice":"Grow","damage_taken":0,"max_hp_gain":0,"max_hp_loss":0,"event_name":"Living Wall","floor":5,"gold_loss":0,"cards_upgraded":["PiercingWail"]}],"is_beta":false,"boss_relics":[],"items_purged_floors":[],"is_endless":false,"potions_floor_spawned":[1],"killed_by":"Hexaghost","ascension_level":0}}