{"host":"l7ku00cw7dmofayg","time":1613279091,"event":{"mods":["ATMod(°¢èªMod)","BaseMod","Dota2Spire","Marisa£¨ìFÓê¡¡Ä§ÀíÉ³£©","Minty Spire (QoL Compilation)","StSLib","The Invoker Mod"],"gold_per_floor":[111,111,141,141,216,216,257,257,257,284,332,332,22,62,62,187,187,206,20,38,38,94,94,94,129,155,217,217,237,264,5,5,146,146,313,433,433,433,71,217,325,402,447,447,298,501,9,187,187,312],"floor_reached":51,"language":"ZHS","playtime":1963,"items_purged":["Defend_MRS+1","Strike_MRS+1"],"score":1394,"play_id":"e9c2b961-1307-4cb8-b4ed-e16325a49409","local_time":"20210214130451","is_ascension_mode":true,"campfire_choices":[{"floor":6.0,"key":"REST"},{"floor":8.0,"key":"REST"},{"floor":15.0,"key":"REST"},{"data":"CollectingQuirk","floor":23.0,"key":"SMITH"},{"data":"OortCloud","floor":28.0,"key":"SMITH"},{"data":"OneTimeOff","floor":32.0,"key":"SMITH"},{"data":"1","floor":44.0,"key":"LIFT"},{"data":"2","floor":49.0,"key":"LIFT"}],"circlet_count":0,"master_deck":["AscendersBane","Strike_MRS+1","Strike_MRS+1","Strike_MRS+1","Defend_MRS+1","Defend_MRS+1","Defend_MRS+1","MasterSpark+1","UpSweep+1","NonDirectionalLaser","AT_ChampionStep","WitchOfGreed","Regret","NonDirectionalLaser","ShootingEcho","ManaRampage+1","OneTimeOff+1","UltimateShortwave","CollectingQuirk+1","IllusionStar","OortCloud+1","GravityBeat","Acceleration","MysteriousBeam","Orbital+1","Acceleration","AsteroidBelt+1","CollectingQuirk","Robbery","Robbery","ChargingUp","MilkyWay+1","Parasite","Parasite","AsteroidBelt+1","ShootTheMoon+1"],"relics":["MiniHakkero","AT_ATBox","Dota2Spire:BlackKingBar","Dota2Spire:Satanic","Pantograph","Juzu Bracelet","Dota2Spire:AghanimScepter","Black Star","Whetstone","Toy Ornithopter","Eternal Feather","MagicBroom","Ornamental Fan","AT_MibuBalloonWealth","Dota2Spire:EtherealBlade","Busted Crown","AT_GoldPhoenixTree","Bag of Preparation","Dota2Spire:MagicBottle","Girya","AT_TimeSand","ShroomBag","Dota2Spire:Vanguard","Happy Flower","AT_ChloranthyRing","Anchor","CaptainsWheel","Oddly Smooth Stone"],"acts_visited":["Exordium","TheCity","TheBeyond"],"potions_floor_usage":[50],"damage_taken":[{"damage":6.0,"enemies":"2 Louse","floor":1.0,"turns":2.0},{"damage":16.0,"enemies":"Jaw Worm","floor":3.0,"turns":3.0},{"damage":47.0,"enemies":"Lagavulin","floor":7.0,"turns":6.0},{"damage":0.0,"enemies":"Small Slimes","floor":10.0,"turns":3.0},{"damage":14.0,"enemies":"3 Sentries","floor":11.0,"turns":4.0},{"damage":1.0,"enemies":"Exordium Thugs","floor":14.0,"turns":3.0},{"damage":40.0,"enemies":"Hexaghost","floor":16.0,"turns":5.0},{"damage":2.0,"enemies":"Shell Parasite","floor":18.0,"turns":2.0},{"damage":0.0,"enemies":"Spheric Guardian","floor":20.0,"turns":3.0},{"damage":30.0,"enemies":"Chosen and Byrds","floor":22.0,"turns":4.0},{"damage":7.0,"enemies":"Centurion and Healer","floor":25.0,"turns":5.0},{"damage":25.0,"enemies":"Book of Stabbing","floor":27.0,"turns":4.0},{"damage":0.0,"enemies":"Snecko","floor":29.0,"turns":2.0},{"damage":12.0,"enemies":"Gremlin Leader","floor":30.0,"turns":4.0},{"damage":16.0,"enemies":"Champ","floor":33.0,"turns":9.0},{"damage":20.0,"enemies":"3 Darklings","floor":35.0,"turns":4.0},{"damage":7.0,"enemies":"3 Shapes","floor":36.0,"turns":3.0},{"damage":55.0,"enemies":"Giant Head","floor":40.0,"turns":8.0},{"damage":14.0,"enemies":"Mind Bloom Boss Battle","floor":41.0,"turns":3.0},{"damage":3.0,"enemies":"Nemesis","floor":42.0,"turns":3.0},{"damage":6.0,"enemies":"3 Darklings","floor":46.0,"turns":3.0},{"damage":4.0,"enemies":"Reptomancer","floor":48.0,"turns":3.0},{"damage":9,"enemies":"Awakened One","floor":50,"turns":6}],"seed_played":"-2973337908687089230","potions_obtained":[{"floor":3.0,"key":"LiquidMemories"},{"floor":3.0,"key":"Regen Potion"},{"floor":7.0,"key":"Swift Potion"},{"floor":10.0,"key":"Fire Potion"},{"floor":10.0,"key":"BlessingOfTheForge"},{"floor":11.0,"key":"SmokeBomb"},{"floor":14.0,"key":"Energy Potion"},{"floor":16.0,"key":"BottledSpark"},{"floor":20.0,"key":"DuplicationPotion"},{"floor":22.0,"key":"Strength Potion"},{"floor":22.0,"key":"Weak Potion"},{"floor":22.0,"key":"ShroomBrew"},{"floor":22.0,"key":"BlessingOfTheForge"},{"floor":25.0,"key":"Dexterity Potion"},{"floor":27.0,"key":"BlessingOfTheForge"},{"floor":27.0,"key":"SteroidPotion"},{"floor":29.0,"key":"Strength Potion"},{"floor":30.0,"key":"SkillPotion"},{"floor":33.0,"key":"EssenceOfSteel"},{"floor":35.0,"key":"LiquidBronze"},{"floor":35.0,"key":"SkillPotion"},{"floor":36.0,"key":"SpeedPotion"},{"floor":36.0,"key":"BottledSpark"},{"floor":40.0,"key":"StarNLove"},{"floor":40.0,"key":"LiquidBronze"},{"floor":41.0,"key":"AttackPotion"},{"floor":42.0,"key":"Dexterity Potion"},{"floor":48.0,"key":"BlessingOfTheForge"}],"is_trial":false,"path_per_floor":["M","?","M","?","?","R","E","R","T","M","E","?","$","M","R","B",null,"M","$","M","?","M","R","?","M","T","E","R","M","E","$","R","B",null,"M","M","?","?","$","E","?","E","T","R","$","M","$","E","R","B",null],"character_chosen":"MARISA","items_purchased":["Dota2Spire:AghanimScepter","PowerPotion","Whetstone","OortCloud","Dota2Spire:EtherealBlade","AT_GoldPhoenixTree","Happy Flower","AT_ChloranthyRing","Anchor","StarNLove"],"campfire_rested":3,"item_purchase_floors":[13,13,19,19,31,39,45,47,47,47],"current_hp_per_floor":[62,62,46,31,20,42,9,31,31,31,17,17,17,16,38,23,62,69,69,69,69,39,39,39,32,32,21,36,41,71,71,75,64,72,52,55,55,55,55,27,56,58,58,75,75,69,69,73,75,75],"gold":312,"neow_bonus":"THREE_CARDS","is_daily":false,"chose_seed":false,"campfire_upgraded":3,"win_rate":0.0,"timestamp":1613279091,"path_taken":["M","?","M","?","?","R","E","R","T","?","E","?","?","M","R","BOSS","M","?","M","?","M","R","?","M","T","E","R","M","E","$","R","BOSS","M","M","?","?","$","E","?","E","T","R","?","M","$","E","R","BOSS"],"items_purchased_type":["Relic","Potion","Relic","Card","Relic","Relic","Relic","Relic","Relic","Potion"],"build_version":"2020-12-22","purchased_purges":2,"victory":true,"max_hp_per_floor":[75,75,75,75,75,75,75,75,75,75,75,75,75,75,75,75,75,75,75,75,75,75,75,75,75,75,75,75,75,75,75,75,75,75,75,75,75,75,75,75,75,75,75,75,75,75,75,75,75,75],"card_choices":[{"not_picked":["DragonMeteor","GravityBeat"],"picked":"NonDirectionalLaser","floor":0.0},{"not_picked":["UnstableBomb","DarkMatter"],"picked":"WitchOfGreed","floor":1.0},{"not_picked":["SporeBomb","Singularity"],"picked":"NonDirectionalLaser","floor":3.0},{"not_picked":["MeteoricShower","GalacticHalo"],"picked":"ShootingEcho","floor":7.0},{"not_picked":["Acceleration","6A"],"picked":"ManaRampage","floor":10.0},{"not_picked":["AlicesGift","GalacticHalo"],"picked":"OneTimeOff","floor":11.0},{"not_picked":["WitchLeyline","ShootingEcho"],"picked":"UltimateShortwave","floor":14.0},{"not_picked":["UltimateShortwave","TreasureHunter"],"picked":"CollectingQuirk","floor":16.0},{"not_picked":["RefractionSpark","6A+1"],"picked":"IllusionStar","floor":18.0},{"not_picked":["FairyDestructionRay","NonDirectionalLaser"],"picked":"GravityBeat","floor":20.0},{"not_picked":["SporeBomb","DragonMeteor+1"],"picked":"MysteriousBeam","floor":22.0},{"not_picked":["GravityBeat","GalacticHalo"],"picked":"Orbital","floor":25.0},{"not_picked":["DragonMeteor+1","ShootingEcho"],"picked":"Orbital+1","floor":27.0},{"not_picked":["NonDirectionalLaser+1","LuminesStrike"],"picked":"Acceleration","floor":29.0},{"not_picked":["MysteriousBeam","DC+1"],"picked":"AsteroidBelt+1","floor":30.0},{"not_picked":["BlazingStar","TreasureHunter"],"picked":"CollectingQuirk","floor":33.0},{"not_picked":[],"picked":"Robbery","floor":35.0},{"not_picked":[],"picked":"Robbery","floor":36.0},{"not_picked":[],"picked":"ChargingUp","floor":40.0},{"not_picked":[],"picked":"MilkyWay+1","floor":41.0},{"not_picked":[],"picked":"AsteroidBelt+1","floor":42.0},{"not_picked":["UnstableBomb"],"picked":"SKIP","floor":46.0},{"not_picked":[],"picked":"ShootTheMoon+1","floor":48.0}],"player_experience":47338,"relics_obtained":[{"floor":7.0,"key":"Dota2Spire:Satanic"},{"floor":9.0,"key":"Pantograph"},{"floor":11.0,"key":"Juzu Bracelet"},{"floor":26.0,"key":"Toy Ornithopter"},{"floor":27.0,"key":"Eternal Feather"},{"floor":27.0,"key":"MagicBroom"},{"floor":30.0,"key":"Ornamental Fan"},{"floor":30.0,"key":"AT_MibuBalloonWealth"},{"floor":40.0,"key":"Bag of Preparation"},{"floor":40.0,"key":"Dota2Spire:MagicBottle"},{"floor":41.0,"key":"Girya"},{"floor":42.0,"key":"AT_TimeSand"},{"floor":42.0,"key":"ShroomBag"},{"floor":43.0,"key":"Dota2Spire:Vanguard"},{"floor":48.0,"key":"CaptainsWheel"},{"floor":48.0,"key":"Oddly Smooth Stone"}],"event_choices":[{"damage_healed":0.0,"max_hp_gain":0.0,"max_hp_loss":0.0,"gold_gain":0.0,"event_name":"Big Fish","player_choice":"Box","floor":2.0,"gold_loss":0.0,"damage_taken":0.0,"relics_obtained":["Dota2Spire:BlackKingBar"],"cards_obtained":["Regret"]},{"damage_healed":0.0,"max_hp_gain":0.0,"max_hp_loss":0.0,"gold_gain":0.0,"event_name":"Shining Light","player_choice":"Entered Light","floor":4.0,"gold_loss":0.0,"damage_taken":15.0,"cards_upgraded":["MasterSpark","Defend_MRS"]},{"damage_healed":0.0,"max_hp_gain":0.0,"max_hp_loss":0.0,"gold_gain":75.0,"event_name":"World of Goop","player_choice":"Gather Gold","floor":5.0,"gold_loss":0.0,"damage_taken":11.0},{"damage_healed":0.0,"max_hp_gain":0.0,"max_hp_loss":0.0,"gold_gain":0.0,"event_name":"Upgrade Shrine","player_choice":"Upgraded","floor":12.0,"gold_loss":0.0,"damage_taken":0.0,"cards_upgraded":["ManaRampage"]},{"damage_healed":0.0,"max_hp_gain":0.0,"max_hp_loss":0.0,"gold_gain":0.0,"event_name":"The Library","player_choice":"Read","floor":21.0,"gold_loss":0.0,"damage_taken":0.0,"cards_obtained":["Acceleration"]},{"damage_healed":0.0,"max_hp_gain":0.0,"max_hp_loss":0.0,"gold_gain":0.0,"event_name":"Back to Basics","player_choice":"Simplicity","floor":24.0,"gold_loss":0.0,"damage_taken":0.0,"cards_upgraded":["Strike_MRS","Strike_MRS","Strike_MRS","Defend_MRS","Defend_MRS","Defend_MRS"]},{"damage_healed":0.0,"max_hp_gain":0.0,"max_hp_loss":0.0,"gold_gain":0.0,"event_name":"Tomb of Lord Red Mask","player_choice":"Ignored","floor":37.0,"gold_loss":0.0,"damage_taken":0.0},{"cards_removed":["Orbital"],"damage_healed":0.0,"max_hp_gain":0.0,"max_hp_loss":0.0,"gold_gain":0.0,"event_name":"Falling","player_choice":"Removed Skill","floor":38.0,"gold_loss":0.0,"damage_taken":0.0},{"damage_healed":0.0,"max_hp_gain":0.0,"max_hp_loss":0.0,"gold_gain":0.0,"event_name":"MindBloom","player_choice":"Fight","floor":41.0,"gold_loss":0.0,"damage_taken":0.0}],"is_beta":false,"boss_relics":[{"not_picked":["Coffee Dripper","Tiny House"],"picked":"Black Star"},{"not_picked":["Empty Cage","Velvet Choker"],"picked":"Busted Crown"}],"items_purged_floors":[39,47],"is_endless":false,"potions_floor_spawned":[3,10,20,22,29,30,42,48],"ascension_level":10}}