{"host":"1ie89x0glpq08u84","time":1613334299,"event":{"mods":["AchievementEnabler","BaseMod","Highlight Path","Minty Spire (QoL Compilation)","StSLib","Unceasing Turn Reminder"],"gold_per_floor":[118,129,129,145,63,63,76,76,76],"floor_reached":8,"language":"ENG","playtime":203,"items_purged":[],"score":74,"play_id":"d3a720ec-f601-4a9e-874e-583aa6da3467","local_time":"20210214152459","is_ascension_mode":true,"campfire_choices":[{"data":"Ragnarok","floor":6,"key":"SMITH"}],"circlet_count":0,"master_deck":["AscendersBane","Eruption","Vigilance","MentalFortress","Study+1","MentalFortress","Pray","Pray","Ragnarok+1","Omniscience","FearNoEvil+1","Tantrum","FlyingSleeves","WindmillStrike","WaveOfTheHand","EmptyFist","ReachHeaven"],"relics":["Pandora\u0027s Box"],"acts_visited":["Exordium"],"potions_floor_usage":[7],"damage_taken":[{"damage":2,"enemies":"Small Slimes","floor":1,"turns":3},{"damage":4,"enemies":"Jaw Worm","floor":2,"turns":3},{"damage":8,"enemies":"2 Louse","floor":4,"turns":3},{"damage":22,"enemies":"Exordium Thugs","floor":7,"turns":4},{"damage":32,"enemies":"Gremlin Nob","floor":8,"turns":2}],"seed_played":"-7099249603221597372","potions_obtained":[{"floor":1,"key":"SpeedPotion"},{"floor":4,"key":"SkillPotion"}],"is_trial":false,"path_per_floor":["M","M","?","M","$","R","M","E"],"character_chosen":"WATCHER","items_purchased":["WaveOfTheHand","EmptyFist"],"campfire_rested":0,"item_purchase_floors":[5,5],"current_hp_per_floor":[63,59,45,37,37,37,15,0,0],"gold":76,"neow_bonus":"BOSS_RELIC","is_daily":false,"chose_seed":false,"campfire_upgraded":1,"win_rate":0.0,"timestamp":1613334299,"path_taken":["M","M","?","M","$","R","M","E"],"items_purchased_type":["Card","Card"],"build_version":"2020-12-22","purchased_purges":0,"victory":false,"max_hp_per_floor":[72,72,72,72,72,72,72,72,72],"card_choices":[{"not_picked":["WindmillStrike","Conclude"],"picked":"Tantrum","floor":1},{"not_picked":["Evaluate","Consecrate"],"picked":"FlyingSleeves","floor":2},{"not_picked":["Vengeance","BowlingBash"],"picked":"WindmillStrike","floor":4},{"not_picked":["PathToVictory","Indignation"],"picked":"ReachHeaven","floor":7}],"player_experience":413416,"relics_obtained":[],"event_choices":[{"damage_healed":0,"gold_gain":0,"player_choice":"Entered Light","damage_taken":14,"max_hp_gain":0,"max_hp_loss":0,"event_name":"Shining Light","floor":3,"gold_loss":0,"cards_upgraded":["Study","FearNoEvil"]}],"is_beta":false,"boss_relics":[],"items_purged_floors":[],"is_endless":false,"potions_floor_spawned":[1,4],"killed_by":"Gremlin Nob","ascension_level":11}}