{"host":"k5fgrtcqzqosfxt0","time":1613282568,"event":{"mods":["Act Like it!","Aspiration","BaseMod","Downfall","Gensokyo","Minty Spire (QoL Compilation)","StSLib","TestMod","UnlockEverythingMod"],"gold_per_floor":[110,128,147,147,165,165,193,193,193,228,255,277,277,311,311,397,397,423,423,423],"floor_reached":19,"language":"ZHS","playtime":857,"items_purged":[],"score":374,"play_id":"1b6cbf5d-aba4-4343-ad2d-c4814756e1c2","local_time":"20210214140248","is_ascension_mode":true,"campfire_choices":[{"data":"Eruption","floor":6.0,"key":"SMITH"},{"floor":8.0,"key":"REST"},{"floor":13.0,"key":"REST"},{"data":"MentalFortress","floor":15.0,"key":"SMITH"}],"circlet_count":0,"master_deck":["AscendersBane","Strike_P","Strike_P","Strike_P","Defend_P","Defend_P","Defend_P","Eruption+1","Vigilance","ClearTheMind","Adaptation","downfall:Haunted","downfall:Haunted","MentalFortress+1","PiercingWail","Strike_G","Acrobatics","BattleHymn","FlurryOfBlows","Devotion","Evaluate+1"],"relics":["testmod-TestBox","testmod-PortableAltar","aspiration:FutureDiary","Darkstone Periapt","CeramicFish","Kunai","Mummified Hand","Pen Nib","testmod-TimeTraveler"],"acts_visited":["Exordium","TheCity"],"potions_floor_usage":[19],"damage_taken":[{"damage":5.0,"enemies":"2 Louse","floor":1.0,"turns":5.0},{"damage":9.0,"enemies":"Cultist","floor":2.0,"turns":4.0},{"damage":14.0,"enemies":"Small Slimes","floor":3.0,"turns":5.0},{"damage":27.0,"enemies":"Exordium Wildlife","floor":5.0,"turns":9.0},{"damage":14.0,"enemies":"Lagavulin","floor":7.0,"turns":6.0},{"damage":30.0,"enemies":"3 Sentries","floor":10.0,"turns":5.0},{"damage":2.0,"enemies":"2 Fungi Beasts","floor":12.0,"turns":3.0},{"damage":4.0,"enemies":"Gremlin Nob","floor":14.0,"turns":3.0},{"damage":15.0,"enemies":"The Guardian","floor":16.0,"turns":10.0},{"damage":40,"enemies":"Shell Parasite","floor":18,"turns":4},{"damage":10,"enemies":"3 Byrds","floor":19,"turns":2}],"seed_played":"463249739378662284","potions_obtained":[{"floor":2.0,"key":"BlessingOfTheForge"},{"floor":5.0,"key":"Regen Potion"},{"floor":12.0,"key":"AttackPotion"},{"floor":16.0,"key":"FearPotion"},{"floor":18,"key":"ColorlessPotion"}],"is_trial":false,"path_per_floor":["M","M","M","?","M","R","E","R","T","E","?","M","R","E","R","B",null,"M","M"],"character_chosen":"WATCHER","items_purchased":[],"campfire_rested":2,"item_purchase_floors":[],"current_hp_per_floor":[56,47,33,45,18,18,19,40,40,10,10,8,28,24,24,9,50,10,0,0],"gold":423,"neow_bonus":"BOSS_RELIC","is_daily":false,"chose_seed":false,"campfire_upgraded":2,"win_rate":0.0,"timestamp":1613282568,"path_taken":["M","M","M","?","M","R","E","R","T","E","?","?","R","E","R","BOSS","M","M"],"items_purchased_type":[],"build_version":"2020-12-22","purchased_purges":0,"victory":false,"max_hp_per_floor":[67,66,65,76,75,74,73,72,71,70,69,68,67,66,65,64,63,62,61,61],"card_choices":[{"not_picked":["Consecrate","Crescendo"],"picked":"Halt","floor":1.0},{"not_picked":["FlyingSleeves","WindmillStrike"],"picked":"ClearTheMind","floor":2.0},{"not_picked":["Nirvana","FollowUp"],"picked":"Adaptation","floor":3.0},{"not_picked":["Halt","ForeignInfluence","FlyingSleeves"],"picked":"SKIP","floor":5.0},{"not_picked":["Consecrate","EmptyFist","ClearTheMind"],"picked":"SKIP","floor":7.0},{"not_picked":["Wireheading","Prostrate"],"picked":"MentalFortress","floor":10.0},{"not_picked":["WreathOfFlame","Protect"],"picked":"BattleHymn","floor":12.0},{"not_picked":["Consecrate","Alpha"],"picked":"FlurryOfBlows","floor":14.0},{"not_picked":["Wish","ConjureBlade"],"picked":"Devotion","floor":16.0},{"not_picked":["Swivel+1","Conclude"],"picked":"Evaluate+1","floor":18}],"player_experience":655820,"relics_obtained":[{"floor":7.0,"key":"CeramicFish"},{"floor":9.0,"key":"Kunai"},{"floor":10.0,"key":"Mummified Hand"},{"floor":14.0,"key":"Pen Nib"}],"event_choices":[],"is_beta":false,"boss_relics":[{"not_picked":["Calling Bell","aspiration:SecretTechniqueScroll"],"picked":"testmod-TimeTraveler"}],"items_purged_floors":[],"is_endless":false,"potions_floor_spawned":[2,5,12,16,18],"killed_by":"3 Byrds","ascension_level":20}}