{"host":"adt9pv9dmmkchns7","time":1613320113,"event":{"mods":["AchievementEnabler","Aspiration","BaseMod","Beaked The Cultist","Better Third Choice","Curses Come First","Energized Spire","Minty Spire (QoL Compilation)","Permanent Neow","Potionbrewer","Quick Restart","Reliquary","Replay The Spire","Robot Space Explorer","Shade Mod","Spicy Shops","StSLib","The Blackbeard","The Cursed","The Forsaken","The Gatherer","The Necromancer","Wandering Minibosses"],"gold_per_floor":[117,153,194,234,234,291,31,31,31,31,162,217,240,297,297,418,418,455,633,177,196,237,301,301,352,352,378,425,425,165,193,193,320,320,345,622,682,700,743,797,797,826,826,826,861,904,942,1042,1042,1072,1072,1072,488,548,558],"floor_reached":56,"language":"ENG","playtime":6271,"items_purged":["Delirium"],"score":1770,"play_id":"e48faf4a-89f3-44f9-a846-b8cccbde3c0a","local_time":"20210214172833","is_ascension_mode":true,"campfire_choices":[{"floor":8,"key":"REST"},{"floor":15,"key":"RECALL"},{"data":"Apotheosis","floor":24,"key":"SMITH"},{"floor":32,"key":"DIG"},{"floor":41,"key":"DIG"},{"floor":44,"key":"DIG"},{"data":"Barricade","floor":49,"key":"SMITH"},{"floor":52,"key":"DIG"}],"circlet_count":0,"master_deck":["blackbeard:BlackbeardStrike","blackbeard:BlackbeardStrike","blackbeard:BlackbeardStrike","blackbeard:BlackbeardStrike","blackbeard:IntimidatingStrike","blackbeard:BlackbeardDefend","blackbeard:BlackbeardDefend","blackbeard:BlackbeardDefend","blackbeard:BlackbeardDefend","blackbeard:Cutlass","Apotheosis+1","blackbeard:Bandana","blackbeard:Spear","blackbeard:CannonballSupply","blackbeard:FieryDefense","blackbeard:DangerousBlow","blackbeard:Provisioning","blackbeard:BlindAttacks","blackbeard:GoldenCannonball","blackbeard:CaptainsHat+1","blackbeard:BrownPants+1","blackbeard:Rum","blackbeard:Halberd+1","Power Through","blackbeard:FinalBarrage","blackbeard:DoubleBottom","blackbeard:RearmingStrike","Metallicize","Dark Embrace+1","blackbeard:Lifeboat","blackbeard:BeatUp+1","ReplayTheSpireMod:Corrosion Curse+1","blackbeard:RearmingStrike+1","blackbeard:GoldenDefense","Spot Weakness+1","Feel No Pain+1","Disarm+1","Barricade+1","Replay:Sssssssssstrike","Feel No Pain","blackbeard:Provisioning+1"],"relics":["blackbeard:LoadTheCannons","Nunchaku","Divine Protection","Darkstone Periapt","Centennial Puzzle","aspiration:IroncladSkillbook","Lantern","Shovel","reliquary:BoilingFlask","Ring of Fangs","Ring of Searing","Guide Book","BranchBurnRelic","blackbeard:WhitePearl","SacredBark","wanderingMiniBosses:LockLocket","Turnip","aspiration:HiddenCompartment","Lizard Tail","Eternal Feather","reliquary:FeatherDuster","Replay:Baseball","Strawberry","Bottled Tornado","reliquary:Bookmark","Lee\u0027s Waffle","ReplayFunnel","Torii"],"acts_visited":["Exordium","TheCity","TheBeyond","TheEnding"],"potions_floor_usage":[6,13,14,16,16,18,19,21,21,22,22,25,27,27,28,28,33,33,36,36,40,47,47,50,50,54,55,55,55],"damage_taken":[{"damage":10,"enemies":"Small Slimes","floor":1,"turns":4},{"damage":6,"enemies":"Cultist","floor":2,"turns":4},{"damage":0,"enemies":"2 Louse","floor":3,"turns":2},{"damage":0,"enemies":"Blue Slaver","floor":4,"turns":3},{"damage":26,"enemies":"3 Sentries","floor":6,"turns":6},{"damage":0,"enemies":"3 Louse","floor":11,"turns":6},{"damage":8,"enemies":"Lagavulin","floor":12,"turns":6},{"damage":0,"enemies":"Red Slaver","floor":13,"turns":3},{"damage":2,"enemies":"3 Sentries","floor":14,"turns":6},{"damage":5,"enemies":"Hexaghost","floor":16,"turns":6},{"damage":12,"enemies":"Shell Parasite","floor":18,"turns":4},{"damage":4,"enemies":"3 Byrds","floor":19,"turns":7},{"damage":6,"enemies":"Snecko","floor":21,"turns":5},{"damage":7,"enemies":"Shelled Parasite and Fungi","floor":22,"turns":3},{"damage":29,"enemies":"Book of Stabbing","floor":23,"turns":5},{"damage":0,"enemies":"Replay:Snechameleon","floor":25,"turns":4},{"damage":0,"enemies":"Centurion and Healer","floor":27,"turns":5},{"damage":6,"enemies":"Book of Stabbing","floor":28,"turns":5},{"damage":0,"enemies":"Snecko","floor":31,"turns":3},{"damage":8,"enemies":"Champ","floor":33,"turns":7},{"damage":11,"enemies":"3 Shapes","floor":35,"turns":5},{"damage":6,"enemies":"3 Darklings","floor":36,"turns":12},{"damage":8,"enemies":"Mind Bloom Boss Battle","floor":37,"turns":3},{"damage":0,"enemies":"Spire Growth","floor":38,"turns":3},{"damage":5,"enemies":"4 Shapes","floor":39,"turns":4},{"damage":9,"enemies":"Reptomancer","floor":40,"turns":7},{"damage":2,"enemies":"Nemesis","floor":42,"turns":3},{"damage":5,"enemies":"Transient","floor":45,"turns":5},{"damage":2,"enemies":"3 Darklings","floor":46,"turns":3},{"damage":14,"enemies":"beaked:SuperParasite","floor":47,"turns":5},{"damage":27,"enemies":"Awakened One","floor":50,"turns":11},{"damage":87,"enemies":"Shield and Spear","floor":54,"turns":10},{"damage":2,"enemies":"The Heart","floor":55,"turns":9}],"seed_played":"1241632470315406205","potions_obtained":[{"floor":3,"key":"Swift Potion"},{"floor":4,"key":"potionbrewer:AcidPotion"},{"floor":5,"key":"FairyPotion"},{"floor":5,"key":"Ancient Potion"},{"floor":11,"key":"Energy Potion"},{"floor":19,"key":"potionbrewer:AcidPotion"},{"floor":25,"key":"potionbrewer:EndurancePotion"},{"floor":27,"key":"ColorlessPotion"},{"floor":31,"key":"LiquidMemories"},{"floor":39,"key":"SpeedPotion"}],"is_trial":false,"path_per_floor":["M","M","M","M","?","E","$","R","T","$","M","E","M","E","R","B",null,"M","M","$","M","M","E","R","E","T","M","E","?","$","M","R","B",null,"M","M","?","M","M","E","R","E","T","R","M","M","E","?","R","B",null,"R","$","E","B",null],"character_chosen":"BLACKBEARD_CLASS","items_purchased":["Divine Protection","blackbeard:Rum","blackbeard:Halberd","Metallicize","Guide Book","reliquary:Bookmark","Replay:Sssssssssstrike","Lee\u0027s Waffle","ReplayFunnel","Feel No Pain"],"campfire_rested":1,"item_purchase_floors":[7,20,20,30,30,53,53,53,53,53],"current_hp_per_floor":[44,38,38,38,38,12,12,34,34,34,34,26,26,24,24,19,61,53,53,53,51,48,23,23,27,27,31,29,35,35,39,39,50,73,66,64,60,64,63,58,58,69,69,81,81,81,78,78,88,68,83,88,95,19,21],"gold":558,"neow_bonus":"RANDOM_COLORLESS_2","is_daily":false,"chose_seed":false,"campfire_upgraded":2,"win_rate":0.0,"timestamp":1613320113,"path_taken":["M","M","M","M","?","E","$","R","T","$","M","E","M","E","R","BOSS","M","M","?","M","M","E","R","E","T","M","E","?","$","M","R","BOSS","M","M","?","M","M","E","R","E","T","R","M","M","E","?","R","BOSS","R","$","E","BOSS"],"items_purchased_type":["Relic","Card","Card","Card","Relic","Relic","Card","Relic","Relic","Card"],"build_version":"2020-12-22","purchased_purges":1,"victory":true,"max_hp_per_floor":[75,75,75,75,75,75,75,75,75,75,75,75,75,75,75,75,75,75,75,75,75,75,75,75,75,75,75,75,81,81,81,81,81,81,81,81,81,81,81,81,81,81,81,81,81,81,88,88,88,88,88,88,95,95,95],"card_choices":[{"not_picked":["HandOfGreed","Metamorphosis"],"picked":"Apotheosis","floor":0},{"not_picked":["blackbeard:Spear","blackbeard:CloakAndCannonball"],"picked":"blackbeard:Bandana","floor":1},{"not_picked":["blackbeard:Fencing","blackbeard:Upgrade"],"picked":"blackbeard:Spear","floor":2},{"not_picked":["blackbeard:CloakAndCannonball","blackbeard:Toast"],"picked":"blackbeard:CannonballSupply","floor":3},{"not_picked":["blackbeard:Dagger","blackbeard:Fencing"],"picked":"blackbeard:FieryDefense","floor":4},{"not_picked":["blackbeard:VengefulSpirit","blackbeard:WeaponProficiency"],"picked":"blackbeard:DangerousBlow","floor":6},{"not_picked":["blackbeard:FieryDefense","blackbeard:Shrapnel","blackbeard:Scrap"],"picked":"SKIP","floor":11},{"not_picked":["blackbeard:CannonballSupply","blackbeard:Intoxication"],"picked":"blackbeard:Provisioning","floor":12},{"not_picked":["blackbeard:DoubleCannonball","blackbeard:Fencing"],"picked":"blackbeard:BlindAttacks","floor":13},{"not_picked":["blackbeard:Sharpening","blackbeard:Boarding"],"picked":"blackbeard:GoldenCannonball","floor":14},{"not_picked":["blackbeard:Halberd","blackbeard:Lifeboat"],"picked":"blackbeard:CaptainsHat","floor":16},{"not_picked":["blackbeard:CannonBarrage","blackbeard:WoodenLeg","blackbeard:AgileStrike","Perfected Strike"],"picked":"SKIP","floor":18},{"not_picked":["Metallicize","blackbeard:Sword","blackbeard:Spear"],"picked":"blackbeard:BrownPants+1","floor":19},{"not_picked":["blackbeard:Dagger","ReplayTheSpireMod:Muscle Training+1","blackbeard:DeadlyArsenal"],"picked":"Power Through","floor":21},{"not_picked":["blackbeard:WiseDefense","blackbeard:TerrorOfTheSeas","Flex","blackbeard:GhostInTheRum+1"],"picked":"SKIP","floor":22},{"not_picked":["Pommel Strike","Combust","Armaments+1","ReplayTheSpireMod:Strike From Hell"],"picked":"SKIP","floor":23},{"not_picked":["Perfected Strike+1","blackbeard:PiratesWill","Twin Strike"],"picked":"blackbeard:FinalBarrage","floor":25},{"not_picked":["blackbeard:CannonballSupply+1","ReplayTheSpireMod:Strike From Hell","blackbeard:Shrapnel"],"picked":"blackbeard:DoubleBottom","floor":27},{"not_picked":["blackbeard:InfiniteBarrage","blackbeard:Shrapnel+1","blackbeard:WiseDefense"],"picked":"blackbeard:RearmingStrike","floor":28},{"not_picked":["blackbeard:Shrapnel","Perfected Strike","Heavy Blade"],"picked":"Dark Embrace+1","floor":31},{"not_picked":["Bludgeon","blackbeard:PowerHungry","Fiend Fire"],"picked":"blackbeard:Lifeboat","floor":33},{"not_picked":["Headbutt+1","Clothesline+1","blackbeard:CloakAndCannonball+1"],"picked":"blackbeard:BeatUp+1","floor":35},{"not_picked":["Shrug It Off","blackbeard:Recklessness+1","blackbeard:Anchor"],"picked":"ReplayTheSpireMod:Corrosion Curse+1","floor":36},{"not_picked":["blackbeard:Dagger","Warcry","blackbeard:WoodenLeg"],"picked":"blackbeard:RearmingStrike+1","floor":37},{"not_picked":["Twin Strike+1","blackbeard:Sharpening+1","True Grit","Run Through"],"picked":"SKIP","floor":38},{"not_picked":["blackbeard:WeaponMastery","blackbeard:PiratesWill","blackbeard:RearmingStrike"],"picked":"blackbeard:GoldenDefense","floor":39},{"not_picked":["Bloodletting","blackbeard:FishingNets+1","blackbeard:WiseDefense"],"picked":"Spot Weakness+1","floor":40},{"not_picked":["Perfected Strike+1","Hemogenesis","Massacre"],"picked":"Feel No Pain+1","floor":42},{"not_picked":["Rampage+1","ReplayTheSpireMod:Strike From Hell","blackbeard:GhostInTheRum","Spot Weakness"],"picked":"SKIP","floor":45},{"not_picked":["blackbeard:BuriedTreasure","blackbeard:BlindAttacks","Clash"],"picked":"Disarm+1","floor":46},{"not_picked":["Run Through","Pommel Strike+1","blackbeard:Sharpening"],"picked":"Barricade","floor":47},{"not_picked":["Perfected Strike","Dual Wield","blackbeard:Fencing"],"picked":"blackbeard:Provisioning+1","floor":54}],"player_experience":952042,"relics_obtained":[{"floor":6,"key":"Nunchaku"},{"floor":12,"key":"Darkstone Periapt"},{"floor":14,"key":"Centennial Puzzle"},{"floor":23,"key":"Lantern"},{"floor":25,"key":"Shovel"},{"floor":26,"key":"reliquary:BoilingFlask"},{"floor":28,"key":"Dead Branch"},{"floor":29,"key":"Ring of Fangs"},{"floor":29,"key":"Ring of Searing"},{"floor":32,"key":"blackbeard:WhitePearl"},{"floor":36,"key":"wanderingMiniBosses:LockLocket"},{"floor":37,"key":"Turnip"},{"floor":40,"key":"aspiration:HiddenCompartment"},{"floor":41,"key":"Lizard Tail"},{"floor":42,"key":"Eternal Feather"},{"floor":43,"key":"reliquary:FeatherDuster"},{"floor":44,"key":"Replay:Baseball"},{"floor":47,"key":"Strawberry"},{"floor":52,"key":"Bottled Tornado"},{"floor":54,"key":"Torii"}],"event_choices":[{"damage_healed":0,"gold_gain":0,"player_choice":"Got Potions","damage_taken":0,"max_hp_gain":0,"max_hp_loss":0,"event_name":"Lab","floor":5,"gold_loss":0},{"damage_healed":0,"gold_gain":0,"player_choice":"Fight","damage_taken":0,"max_hp_gain":0,"max_hp_loss":0,"event_name":"MindBloom","floor":37,"gold_loss":0},{"damage_healed":0,"gold_gain":100,"player_choice":"Pray","damage_taken":0,"max_hp_gain":0,"max_hp_loss":0,"event_name":"Golden Shrine","floor":48,"gold_loss":0}],"is_beta":false,"boss_relics":[{"not_picked":["blackbeard:Karategi","Calling Bell"],"picked":"aspiration:IroncladSkillbook"},{"not_picked":["Snecko Eye","Busted Crown"],"picked":"SacredBark"}],"items_purged_floors":[30],"is_endless":false,"potions_floor_spawned":[3,4,11,12,19,25,27,31,35,39,40,45,47],"ascension_level":5}}