{"host":"yg1n0qads92lo9wl","time":1613310589,"event":{"mods":["BaseMod","Downfall","Luminous","Minty Spire (QoL Compilation)","StSLib","Warlord Emblem"],"gold_per_floor":[99,113,213,213,213,223,223,223,223,239,253,253,264,296,311,311,311,311],"floor_reached":16,"language":"ZHS","playtime":773,"items_purged":[],"score":140,"play_id":"db22b375-2e38-432d-9be0-f102cb148422","local_time":"20210214214949","is_ascension_mode":true,"campfire_choices":[{"data":"champ:Taunt","floor":1,"key":"SMITH"},{"floor":9,"key":"REST"},{"data":"champ:UltimateStance","floor":12,"key":"SMITH"}],"circlet_count":0,"master_deck":["champ:Strike","champ:Strike","champ:Strike","champ:Strike","champ:Defend","champ:Defend","champ:Defend","champ:Defend+1","champ:Execute","champ:Taunt+1","champ:BerserkersShout+1","champ:RapidStrikes","champ:EnchantSword","Discovery","champ:FocusedBerserking","champ:DefensiveShout","champ:UltimateStance+1","champ:GutPunch","champ:ArenaPreparation","champ:Lariat"],"relics":["champ:ChampionCrown","Champion Belt","War Paint","Omamori","Happy Flower"],"acts_visited":["Exordium"],"potions_floor_usage":[3,14,14,16],"damage_taken":[{"damage":21,"enemies":"Small Slimes","floor":2,"turns":3},{"damage":90,"enemies":"Small Slimes","floor":3,"turns":6},{"damage":16,"enemies":"2 Louse","floor":6,"turns":2},{"damage":5,"enemies":"Cultist","floor":10,"turns":2},{"damage":28,"enemies":"2 Fungi Beasts","floor":11,"turns":4},{"damage":75,"enemies":"Lots of Slimes","floor":13,"turns":6},{"damage":29,"enemies":"Lagavulin","floor":14,"turns":2},{"damage":26,"enemies":"3 Louse","floor":15,"turns":2},{"damage":63,"enemies":"DF_ARCHETYPE_STREAMLINE","floor":16,"turns":5}],"seed_played":"7770368796593769040","potions_obtained":[{"floor":2,"key":"SkillPotion"},{"floor":8,"key":"Explosive Potion"},{"floor":8,"key":"champ:TechniquePotion"},{"floor":8,"key":"DistilledChaos"},{"floor":14,"key":"AttackPotion"}],"is_trial":false,"path_per_floor":["R","M","?","?","?","M","T","?","R","M","M","R","M","E","M","B"],"character_chosen":"THE_CHAMP","items_purchased":[],"campfire_rested":1,"item_purchase_floors":[],"current_hp_per_floor":[99,98,43,40,40,39,39,39,68,68,65,65,30,30,24,0,0,0],"gold":311,"neow_bonus":"TEN_PERCENT_HP_BONUS","is_daily":false,"chose_seed":false,"campfire_upgraded":2,"win_rate":0.0,"timestamp":1613310589,"path_taken":["R","M","?","?","?","?","T","?","R","M","M","R","M","E","M","BOSS"],"items_purchased_type":[],"build_version":"2020-12-22","purchased_purges":0,"victory":false,"max_hp_per_floor":[99,99,99,99,99,99,99,99,99,99,99,99,99,99,99,99,99,99],"card_choices":[{"not_picked":["champ:Shatter","champ:FancyFootwork"],"picked":"champ:BerserkersShout","floor":2},{"not_picked":["champ:CrownThrow","champ:PerfectedStrike"],"picked":"champ:RapidStrikes","floor":3},{"not_picked":["champ:PerfectedStrike","champ:FlashCut"],"picked":"champ:FocusedBerserking","floor":6},{"not_picked":["champ:Haymaker","champ:DeathBlow"],"picked":"champ:DefensiveShout","floor":10},{"not_picked":["champ:Haymaker","champ:Encircle"],"picked":"champ:UltimateStance","floor":11},{"not_picked":["champ:DefensiveShout","champ:TornadoPunch"],"picked":"champ:GutPunch","floor":13},{"not_picked":["champ:PreciseThrust","champ:ShieldThrow"],"picked":"champ:ArenaPreparation","floor":14},{"not_picked":["champ:HeartStrike","champ:CrownThrow"],"picked":"champ:Lariat","floor":15}],"player_experience":542056,"relics_obtained":[{"floor":3,"key":"Champion Belt"},{"floor":7,"key":"Omamori"},{"floor":14,"key":"Happy Flower"}],"event_choices":[{"damage_healed":0,"gold_gain":0,"player_choice":"Success","damage_taken":3,"relics_obtained":["War Paint"],"max_hp_gain":0,"max_hp_loss":0,"event_name":"Scrap Ooze","floor":4,"gold_loss":0},{"damage_healed":0,"gold_gain":0,"player_choice":"Got Potions","damage_taken":0,"max_hp_gain":0,"max_hp_loss":0,"event_name":"Lab","floor":8,"gold_loss":0}],"is_beta":false,"boss_relics":[],"items_purged_floors":[],"is_endless":false,"potions_floor_spawned":[2,10,13,14],"killed_by":"DF_ARCHETYPE_STREAMLINE","ascension_level":2}}