{"host":"0fm1w3v00gid44jl","time":1613339600,"event":{"mods":["AchievementEnabler","BaseMod","Colored Map","Colored Powertips","Displayed Cursed Tome","Googly Eyes","Highlight Path","Minty Spire (QoL Compilation)","Permanent Neow","Relic Stats","StSLib","SuperFastMode","slay the spire mod where everything is the same but ironclad has a cowboy hat"],"gold_per_floor":[113,132,142,161,180,208,219,219,219],"floor_reached":8,"language":"ENG","playtime":488,"items_purged":[],"score":65,"play_id":"99e676a6-83c7-41a1-9660-aaf29e2480c5","local_time":"20210214155320","is_ascension_mode":true,"campfire_choices":[],"circlet_count":0,"master_deck":["Strike_G","Strike_G","Strike_G","Strike_G","Strike_G","Defend_G","Defend_G","Defend_G","Defend_G","Defend_G","Survivor","Neutralize","Crippling Poison","Leg Sweep","Blade Dance","Blade Dance","Footwork","Crippling Poison"],"relics":["Ring of the Snake","The Specimen","Eternal Feather"],"acts_visited":["Exordium"],"potions_floor_usage":[],"damage_taken":[{"damage":1,"enemies":"Cultist","floor":1,"turns":4},{"damage":7,"enemies":"Jaw Worm","floor":2,"turns":6},{"damage":0,"enemies":"Small Slimes","floor":3,"turns":3},{"damage":7,"enemies":"Red Slaver","floor":4,"turns":6},{"damage":12,"enemies":"Large Slime","floor":5,"turns":10},{"damage":27,"enemies":"Gremlin Nob","floor":6,"turns":5},{"damage":6,"enemies":"Lots of Slimes","floor":7,"turns":4},{"damage":18,"enemies":"Lagavulin","floor":8,"turns":2}],"seed_played":"-7724267467282180698","potions_obtained":[{"floor":1,"key":"Ancient Potion"},{"floor":5,"key":"Energy Potion"},{"floor":7,"key":"Strength Potion"}],"is_trial":false,"path_per_floor":["M","M","M","M","M","E","M","E"],"character_chosen":"THE_SILENT","items_purchased":[],"campfire_rested":0,"item_purchase_floors":[],"current_hp_per_floor":[62,55,55,48,36,9,3,0,0],"gold":219,"neow_bonus":"ONE_RARE_RELIC","is_daily":false,"chose_seed":false,"campfire_upgraded":0,"win_rate":0.0,"timestamp":1613339600,"path_taken":["M","M","M","M","M","E","?","E"],"items_purchased_type":[],"build_version":"2020-12-22","purchased_purges":0,"victory":false,"max_hp_per_floor":[63,63,63,63,63,63,63,63,63],"relic_stats":{"counters":[8,40],"Eternal Feather":0,"obtain_stats":[{"The Specimen":0,"Eternal Feather":6,"Ring of the Snake":0},{"The Specimen":0,"Eternal Feather":6,"Ring of the Snake":0},{"The Specimen":0,"Eternal Feather":34,"Ring of the Snake":0}],"Ring of the Snake":[16]},"card_choices":[{"not_picked":["Reflex","Flying Knee","Quick Slash"],"picked":"SKIP","floor":1},{"not_picked":["Endless Agony","Dodge and Roll"],"picked":"Crippling Poison","floor":2},{"not_picked":["Eviscerate","Sucker Punch"],"picked":"Leg Sweep","floor":3},{"not_picked":["Dodge and Roll","Well Laid Plans"],"picked":"Blade Dance","floor":4},{"not_picked":["Doppelganger","Dagger Spray"],"picked":"Blade Dance","floor":5},{"not_picked":["Prepared","Eviscerate"],"picked":"Footwork","floor":6},{"not_picked":["Bane","Dagger Spray"],"picked":"Crippling Poison","floor":7}],"player_experience":1118084,"relics_obtained":[{"floor":6,"key":"Eternal Feather"}],"event_choices":[],"is_beta":false,"boss_relics":[],"items_purged_floors":[],"is_endless":false,"potions_floor_spawned":[1,5,7],"killed_by":"Lagavulin","ascension_level":1}}