{"host":"684z1xpuwaoqmmh1","time":1613325031,"event":{"mods":["A Magickal Journey","BaseMod","Downfall","Hermit","Jorbs\u0027s Wanderer Trilogy","Marisa????????","Minty Spire (QoL Compilation)","Robot Space Explorer","Shade Mod","StSLib","The Bug Knight","The Dragon Tamer","The Elementalist","The Hayseed","The Hierophant","The Marked","The Mystic","The Runesmith","The Saiyan","The Senshi","The Spell Scribe","The Vixen","TheBandit","TheFirefly"],"gold_per_floor":[118,138,138,288,13,13,48,66,90,90,123,38,38,72,72,144,144,159,172,184,184,202,202,234,65,90,125,125,125,125],"floor_reached":29,"language":"ENG","playtime":1079,"items_purged":["Doubt"],"score":593,"play_id":"897db352-2b27-4f18-8319-9602336ef988","local_time":"20210214195031","is_ascension_mode":true,"campfire_choices":[{"data":"theSenshi:UranusStrength","floor":6.0,"key":"SMITH"},{"floor":10.0,"key":"REST"},{"data":"theSenshi:MoonCosmicPowerMakeUp","floor":15.0,"key":"SMITH"},{"data":"theSenshi:MoonPrincessHalation","floor":23,"key":"SMITH"},{"floor":28,"key":"REST"}],"circlet_count":0,"master_deck":["AscendersBane","theSenshi:SailorKick","theSenshi:SailorKick","theSenshi:SailorKick","theSenshi:SailorBlock","theSenshi:SailorBlock","theSenshi:SailorBlock","theSenshi:SailorBlock","theSenshi:RoseThrow","theSenshi:MoonPrismPowerMakeUp+1","theSenshi:SailorMarsAssists","theSenshi:UranusStrength+1","theSenshi:MoonCosmicPowerMakeUp+1","theSenshi:MoonTwilightFlash","theSenshi:MoonPrincessHalation+1","theSenshi:SaturnsMystery","theSenshi:InTheNameOfTheMoon","theSenshi:SailorVenusAssists","theSenshi:StarlightHoneymoonTherapyKiss","theSenshi:SailorUranusAssists","theSenshi:SailorPlanetAttack+1","theSenshi:KlutzyLuck","theSenshi:SailorStarHealerAssists","theSenshi:MoonCosmicPowerMakeUp"],"relics":["theSenshi:TransformationBroochRelic","Akabeko","PreservedInsect","theSenshi:CrystalStarRelic","Tiny Chest","Pen Nib","Sozu","HollowMod:PaleOreRelic","TheAbacus","Centennial Puzzle","bronze:BronzeIdol"],"acts_visited":["Exordium","TheCity"],"potions_floor_usage":[],"damage_taken":[{"damage":0.0,"enemies":"Jaw Worm","floor":1.0,"turns":4.0},{"damage":10.0,"enemies":"Small Slimes","floor":2.0,"turns":3.0},{"damage":27.0,"enemies":"Lagavulin","floor":7.0,"turns":9.0},{"damage":0.0,"enemies":"2 Louse","floor":8.0,"turns":3.0},{"damage":0.0,"enemies":"Gremlin Nob","floor":11.0,"turns":3.0},{"damage":25.0,"enemies":"Lagavulin","floor":14.0,"turns":6.0},{"damage":36.0,"enemies":"Hexaghost","floor":16.0,"turns":10.0},{"damage":24.0,"enemies":"Shell Parasite","floor":18.0,"turns":5.0},{"damage":11.0,"enemies":"Spheric Guardian","floor":19.0,"turns":3.0},{"damage":23.0,"enemies":"Snake Plant","floor":20.0,"turns":3.0},{"damage":24,"enemies":"Centurion and Healer","floor":22,"turns":5},{"damage":31,"enemies":"Book of Stabbing","floor":24,"turns":4},{"damage":48,"enemies":"Gremlin Leader","floor":27,"turns":8},{"damage":49,"enemies":"Book of Stabbing","floor":29,"turns":4}],"seed_played":"6741104819142215384","potions_obtained":[{"floor":7.0,"key":"AttackPotion"}],"is_trial":false,"path_per_floor":["M","M","?","?","$","R","E","M","T","R","E","$","?","E","R","B",null,"M","M","M","?","M","R","E","$","T","E","R","E"],"character_chosen":"THE_SENSHI","items_purchased":["theSenshi:MoonCosmicPowerMakeUp","Akabeko","theSenshi:InTheNameOfTheMoon","TheAbacus"],"campfire_rested":2,"item_purchase_floors":[5,5,12,25],"current_hp_per_floor":[68,58,51,51,51,51,24,24,24,46,50,50,50,50,50,30,64,68,61,66,62,60,60,43,43,43,16,38,0,0],"gold":125,"neow_bonus":"UPGRADE_CARD","is_daily":false,"chose_seed":false,"campfire_upgraded":3,"win_rate":0.0,"timestamp":1613325031,"path_taken":["M","M","?","?","$","R","E","M","T","R","E","$","?","E","R","BOSS","M","M","M","?","?","R","E","$","T","E","R","E"],"items_purchased_type":["Card","Relic","Card","Relic"],"build_version":"2020-12-22","purchased_purges":1,"victory":false,"max_hp_per_floor":[75,75,75,75,75,75,75,75,75,75,75,75,75,75,75,75,75,75,75,75,75,75,75,75,75,75,75,75,75,75],"card_choices":[{"not_picked":["theSenshi:EncouragingSpeech","theSenshi:MoonPrincessHalation"],"picked":"theSenshi:SailorMarsAssists","floor":1.0},{"not_picked":["theSenshi:Sidestep","theSenshi:YouCanTalk"],"picked":"theSenshi:UranusStrength","floor":2.0},{"not_picked":["theSenshi:UranusStrength","theSenshi:MoonPrincessHalation"],"picked":"theSenshi:MoonTwilightFlash","floor":7.0},{"not_picked":["theSenshi:SchoolBag","theSenshi:LunasBite"],"picked":"theSenshi:MoonPrincessHalation","floor":8.0},{"not_picked":["theSenshi:SailorVenusAssists","theSenshi:Sidestep"],"picked":"theSenshi:SaturnsMystery","floor":11.0},{"not_picked":["theSenshi:GatheringStrength","theSenshi:Sidestep"],"picked":"theSenshi:SailorVenusAssists","floor":14.0},{"not_picked":["theSenshi:SilverMoonCrystalPowerKiss","theSenshi:ChibiMoonsLove"],"picked":"theSenshi:StarlightHoneymoonTherapyKiss","floor":16.0},{"not_picked":["theSenshi:LateForSchool","theSenshi:TuxedoSmokingBomber"],"picked":"theSenshi:SailorUranusAssists","floor":18.0},{"not_picked":["theSenshi:CrisisMakeUp","theSenshi:Overload"],"picked":"theSenshi:SailorPlanetAttack+1","floor":19.0},{"not_picked":["theSenshi:SailorMarsAssists","theSenshi:TuxedoMaskAssists","theSenshi:LateForSchool"],"picked":"SKIP","floor":20.0},{"not_picked":["theSenshi:LunasBite","theSenshi:SailorPlanetPower"],"picked":"theSenshi:KlutzyLuck","floor":22},{"not_picked":["theSenshi:MoonKick","theSenshi:GatheringStrength"],"picked":"theSenshi:SailorStarHealerAssists","floor":24},{"not_picked":["theSenshi:TuxedoMaskAssists","theSenshi:SchoolBag+1"],"picked":"theSenshi:MoonCosmicPowerMakeUp","floor":27}],"player_experience":3292498,"relics_obtained":[{"floor":7.0,"key":"PreservedInsect"},{"floor":9.0,"key":"theSenshi:CrystalStarRelic"},{"floor":11.0,"key":"Tiny Chest"},{"floor":14.0,"key":"Pen Nib"},{"floor":24,"key":"HollowMod:PaleOreRelic"},{"floor":26,"key":"Centennial Puzzle"},{"floor":27,"key":"bronze:BronzeIdol"}],"event_choices":[{"cards_removed":["theSenshi:SailorKick"],"damage_healed":0.0,"max_hp_gain":0.0,"max_hp_loss":0.0,"gold_gain":0.0,"event_name":"Golden Wing","player_choice":"Card Removal","floor":3.0,"gold_loss":0.0,"damage_taken":7.0},{"damage_healed":0.0,"max_hp_gain":0.0,"max_hp_loss":0.0,"gold_gain":150.0,"event_name":"Liars Game","player_choice":"AGREE","floor":4.0,"gold_loss":0.0,"damage_taken":0.0,"cards_obtained":["Doubt"]},{"damage_healed":0.0,"max_hp_gain":0.0,"max_hp_loss":0.0,"gold_gain":0.0,"event_name":"The Woman in Blue","player_choice":"Bought 0 Potions","floor":21.0,"gold_loss":0.0,"damage_taken":0.0}],"is_beta":false,"boss_relics":[{"not_picked":["bronze:MakeshiftBattery","Calling Bell"],"picked":"Sozu"}],"items_purged_floors":[5],"is_endless":false,"potions_floor_spawned":[7,19,27],"killed_by":"Book of Stabbing","ascension_level":19}}