{"host":"5m2js577gj4e7pak","time":1613294462,"event":{"mods":["AchievementEnabler","BaseMod","Better Match","Better Note","Better Third Choice","BetterRewards","Colored Map","Colored Powertips","Highlight Path","Infinite Spire","Lobotomy","LobotomyExtend","Minty Spire (QoL Compilation)","Quick Restart","Relic Filter","Spicy Shops","StSLib"],"gold_per_floor":[116,116,126,102,102,102,138,63,86,86,109,153,173,198,198,326,326,341,20,20,35,35,35,69,69,93,117,136,174,174,194,194,314,314,333,349,474,105,0,43,43,64,64,64,88,88,101,107,107,238,301,311,21,21,21,26,40,40,56,56,56,331,331,365,375,375,477,477,489,414,414,475,475,475,512,524,524,576,576,576,588,83,83,201,201,211,247,247,1,1,1,36,36,36,65,77,97,5,5,5,2,2],"floor_reached":101,"language":"ENG","playtime":3797,"items_purged":["MeltingLove","Wellcheers","QueenOfHatred","infinitespire:SealOfDarkness+"],"score":1654,"play_id":"243f6bb9-1a62-4c88-bca1-c4e36e4cd4f2","local_time":"20210214102102","is_ascension_mode":true,"campfire_choices":[{"floor":23,"key":"RECALL"},{"floor":30,"key":"DIG"},{"data":"1","floor":41,"key":"LIFT"},{"data":"2","floor":49,"key":"LIFT"},{"data":"3","floor":58,"key":"LIFT"}],"circlet_count":1,"master_deck":["Mercenary","WhiteNight","BigBird","SpecialBullet","SpecialBullet","SpecialBullet","SpecialBullet","SpecialBullet","SpecialBullet","InformationCode","Logging","infinitespire:Gouge","BeautyBeast","WristCuter","RapturousDream","GrinderMk4","Noise","Wingbeat","CUTE+1","RedEyes","CENSORED_ego","Horn+1","CUTE","TrainingCode","TheSmile","SomewhereSpear","OSAHOGD","RapturousDream","Christmas","PunishingBird","Twilight","BloodyDesire+1","SwordSharpenedByTears+1","RecordCode","Beak+1","infinitespire:Collect","DisciplinaryCode","DaCapo","infinitespire:FutureSight","Clumsy","Injury","ExtractionCode","Hornet+1","Ecstasy+1","HereticApostle","Ghostly Armor+1","Normality","infinitespire:Gouge","BlackArmy","infinitespire:Pacifist","TT2Protocol","Clumsy","SummonCall"],"relics":["CogitoBucket","Lizard Tail","LetterFromLob","Golden Idol","infinitespire:Lucky Rock","infinitespire:Satchel","Shovel","Logging_r","InTheNameOfLoveAndHate_r","Cursed Key","Membership Card","Strange Spoon","WingedGreaves","Anchor","Blood Vial","AspirationHeart","Lamp_r","Toy Ornithopter","Potion Belt","RedMistMask","Empty Cage","Adoration_r","BackwardClock","Girya","Toolbox","Oddly Smooth Stone","PreservedInsect","infinitespire:Beetle Shell","Bronze Scales","ClockworkSouvenir","Red Mask","Strawberry","infinitespire:Midas Blood","Lantern","Philosopher\u0027s Stone","DeathAngel","Tiny House","Chemical X","Ancient Tea Set","Sling","Happy Flower","Centennial Puzzle","SolemnVow_r","Orichalcum","Juzu Bracelet","Incense Burner","TheSmile_r","Coffee Dripper","Circlet","Bag of Preparation","infinitespire:ShieldingShard","Boot","Black Star","HornCleat","Bottled Lightning","Bag of Marbles","Nunchaku","infinitespire:Bottled Soul","PrismaticShard","Medical Kit","Astrolabe","Gambling Chip","Mummified Hand","MealTicket","infinitespire:PuzzleCube","WantedRequest","infinitespire:WardingShard","Mercury Hourglass","Kunai","Bird Faced Urn","MawBank","Pen Nib","Vajra"],"acts_visited":["Exordium","TheCity","TheBeyond","Exordium","TheCity","TheBeyond"],"potions_floor_usage":[11,13,13,16,27,33,33,50,101,101,101,101,101,101],"damage_taken":[{"damage":8,"enemies":"Small Slimes","floor":1,"turns":2},{"damage":6,"enemies":"Cultist","floor":3,"turns":3},{"damage":20,"enemies":"3 Sentries","floor":7,"turns":4},{"damage":11,"enemies":"Jaw Worm","floor":11,"turns":2},{"damage":0,"enemies":"Lagavulin","floor":12,"turns":3},{"damage":29,"enemies":"Lots of Slimes","floor":13,"turns":6},{"damage":10,"enemies":"Exordium Thugs","floor":14,"turns":2},{"damage":50,"enemies":"The Guardian","floor":16,"turns":9},{"damage":39,"enemies":"3 Byrds","floor":18,"turns":4},{"damage":11,"enemies":"Shell Parasite","floor":21,"turns":2},{"damage":7,"enemies":"Book of Stabbing","floor":24,"turns":5},{"damage":34,"enemies":"Cultist and Chosen","floor":27,"turns":8},{"damage":46,"enemies":"Shelled Parasite and Fungi","floor":28,"turns":5},{"damage":3,"enemies":"Nightmare","floor":29,"turns":5},{"damage":26,"enemies":"Snake Plant","floor":31,"turns":3},{"damage":53,"enemies":"Champ","floor":33,"turns":4},{"damage":151,"enemies":"Orb Walker","floor":35,"turns":11},{"damage":16,"enemies":"3 Darklings","floor":36,"turns":5},{"damage":19,"enemies":"infinitespire:Three Voidlings","floor":37,"turns":5},{"damage":51,"enemies":"Nightmare_Alpha","floor":37,"turns":7},{"damage":18,"enemies":"Nemesis","floor":40,"turns":3},{"damage":54,"enemies":"4 Shapes","floor":42,"turns":4},{"damage":0,"enemies":"Jaw Worm Horde","floor":45,"turns":2},{"damage":0,"enemies":"Spire Growth","floor":47,"turns":2},{"damage":26,"enemies":"Writhing Mass","floor":48,"turns":9},{"damage":0,"enemies":"FixerMidnight","floor":50,"turns":2},{"damage":0,"enemies":"Small Slimes","floor":52,"turns":1},{"damage":0,"enemies":"Jaw Worm","floor":56,"turns":1},{"damage":0,"enemies":"Nightmare","floor":57,"turns":5},{"damage":0,"enemies":"2 Louse","floor":59,"turns":2},{"damage":0,"enemies":"3 Sentries","floor":64,"turns":1},{"damage":0,"enemies":"Exordium Thugs","floor":65,"turns":3},{"damage":6,"enemies":"Hexaghost","floor":67,"turns":4},{"damage":3,"enemies":"Chosen","floor":69,"turns":2},{"damage":0,"enemies":"Masked Bandits","floor":72,"turns":1},{"damage":0,"enemies":"Gremlin Leader","floor":75,"turns":1},{"damage":0,"enemies":"Shell Parasite","floor":76,"turns":1},{"damage":0,"enemies":"Book of Stabbing","floor":78,"turns":2},{"damage":0,"enemies":"Cultist and Chosen","floor":81,"turns":2},{"damage":0,"enemies":"Automaton","floor":84,"turns":1},{"damage":0,"enemies":"Orb Walker","floor":86,"turns":1},{"damage":0,"enemies":"2 Orb Walkers","floor":87,"turns":4},{"damage":4,"enemies":"Reptomancer","floor":92,"turns":1},{"damage":0,"enemies":"Giant Head","floor":95,"turns":2},{"damage":0,"enemies":"3 Darklings","floor":97,"turns":2},{"damage":46,"enemies":"FixerMidnight","floor":101,"turns":2}],"seed_played":"-1558111116980381045","potions_obtained":[{"floor":3,"key":"Dexterity Potion"},{"floor":7,"key":"AttackPotion"},{"floor":11,"key":"DistilledChaos"},{"floor":14,"key":"CultistPotion"},{"floor":24,"key":"Fire Potion"},{"floor":28,"key":"Explosive Potion"},{"floor":29,"key":"Explosive Potion"},{"floor":40,"key":"Dexterity Potion"},{"floor":45,"key":"BlessingOfTheForge"},{"floor":48,"key":"Block Potion"},{"floor":50,"key":"FearPotion"},{"floor":51,"key":"ColorlessPotion"},{"floor":56,"key":"FearPotion"},{"floor":59,"key":"Block Potion"}],"is_trial":false,"path_per_floor":["M","?","M","$","?","R","E","?","T","$","M","E","M","M","R","B",null,"M","$","?","M","?","R","E","?","T","M","M","NM","R","M","R","B",null,"M","M","?","$","?","E","R","M","T","?","M","AVR","M","M","R","B",null,"M","$","?","?","M","NM","R","M","T","R","?","R","E","M","R","B",null,"M","?","?","?","?","R","E","M","T","E","AVR","?","M","$","R","B",null,"M","?","?","$","?","R","E","R","T","E","R","M","$","?","R","B"],"character_chosen":"Angela","items_purchased":["RapturousDream","Membership Card","Strange Spoon","WingedGreaves","CUTE","Toolbox","Oddly Smooth Stone","PreservedInsect","infinitespire:Beetle Shell","Bronze Scales","ClockworkSouvenir","Chemical X","Ancient Tea Set","Sling","Happy Flower","Bottled Lightning","Bag of Marbles","Nunchaku","infinitespire:Bottled Soul","PrismaticShard","Medical Kit","Mummified Hand","MealTicket","infinitespire:PuzzleCube","Pen Nib","Vajra"],"campfire_rested":0,"item_purchase_floors":[4,19,19,19,19,38,38,38,38,38,38,53,53,53,53,82,82,82,82,82,82,89,89,89,98,98],"current_hp_per_floor":[49,49,51,51,51,51,46,46,46,46,53,70,59,70,70,38,70,67,67,67,67,67,67,67,55,55,82,82,82,82,82,82,60,82,82,82,46,46,46,70,70,64,64,64,89,89,89,89,89,44,44,49,49,49,49,49,49,49,49,49,49,49,49,49,49,49,49,49,49,49,49,49,49,49,49,49,49,49,49,49,49,49,49,24,24,24,24,24,24,24,24,24,24,24,24,24,24,24,24,24,0,0],"gold":2,"neow_bonus":"ONE_RARE_RELIC","is_daily":false,"chose_seed":false,"campfire_upgraded":0,"win_rate":0.0,"timestamp":1613294462,"path_taken":["M","?","M","$","?","R","E","?","T","?","M","E","?","M","R","BOSS","M","$","?","M","?","R","E","?","T","M","M","NM","R","M","R","BOSS","M","M","?","$","?","E","R","M","T","?","M","AVR","M","M","R","BOSS","M","$","?","?","M","NM","R","?","T","R","?","R","E","M","R","BOSS","M","?","?","?","?","R","E","M","T","E","AVR","?","M","$","R","BOSS","M","?","?","?","?","R","E","R","T","E","R","M","$","?","R","BOSS"],"items_purchased_type":["Card","Relic","Relic","Relic","Card","Relic","Relic","Relic","Relic","Relic","Relic","Relic","Relic","Relic","Relic","Relic","Relic","Relic","Relic","Relic","Relic","Relic","Relic","Relic","Relic","Relic"],"build_version":"2020-12-22","purchased_purges":4,"victory":false,"max_hp_per_floor":[70,70,70,70,70,70,70,70,70,70,70,70,70,70,70,70,70,67,67,67,67,67,67,67,72,72,82,82,82,82,82,82,82,82,82,82,82,82,82,89,89,89,89,89,89,89,89,89,89,44,49,49,49,49,49,49,49,49,49,49,49,49,49,49,49,49,49,49,49,49,49,49,49,49,49,49,49,49,49,49,49,49,49,24,24,24,24,24,24,24,24,24,24,24,24,24,24,24,24,24,24,24],"card_choices":[{"not_picked":["FairyFestival","CrumblingArmor"],"picked":"QueenOfHatred","floor":1},{"not_picked":["TodaysExpression"],"picked":"Logging","floor":1},{"not_picked":["infinitespire:TheBestDefense","infinitespire:NeuralNetwork"],"picked":"infinitespire:Gouge","floor":2},{"not_picked":["UniverseFragment","Rudolta"],"picked":"BeautyBeast","floor":3},{"not_picked":["CUTE"],"picked":"WristCuter","floor":3},{"not_picked":["Noise"],"picked":"GrinderMk4","floor":7},{"not_picked":["Christmas"],"picked":"Noise","floor":11},{"not_picked":["RedEyes"],"picked":"Wingbeat","floor":12},{"not_picked":["Murderer","Bloodbath"],"picked":"Woodsman","floor":13},{"not_picked":["Lantern"],"picked":"CUTE","floor":13},{"not_picked":["MHz","Alriune"],"picked":"SnowQueen","floor":14},{"not_picked":["Horn"],"picked":"RedEyes","floor":14},{"not_picked":["GoldRush"],"picked":"CENSORED_ego","floor":16},{"not_picked":["CherryBlossom"],"picked":"Horn+1","floor":18},{"not_picked":["FairyFestival","DreamingCurrent"],"picked":"Murderer","floor":21},{"not_picked":["Lantern"],"picked":"TheSmile","floor":21},{"not_picked":["GreenStem"],"picked":"SomewhereSpear","floor":24},{"not_picked":["MeltingLove","QueenBee"],"picked":"BigBird","floor":27},{"not_picked":["Pleasure+1","Loneliness"],"picked":"SKIP","floor":27},{"not_picked":["Variant","PunishingBird"],"picked":"OSAHOGD","floor":28},{"not_picked":["Tough"],"picked":"RapturousDream","floor":28},{"not_picked":["HappyTeddy","UniverseFragment"],"picked":"MeltingLove","floor":29},{"not_picked":["Moonlight"],"picked":"Christmas","floor":29},{"not_picked":["Variant","LittleHelper"],"picked":"Wellcheers","floor":31},{"not_picked":["Galaxy","Laetitia_ego+1"],"picked":"SKIP","floor":31},{"not_picked":["LittleHelper","Rudolta"],"picked":"PunishingBird","floor":33},{"not_picked":["TheSmile"],"picked":"Twilight","floor":33},{"not_picked":["RedEyes+1"],"picked":"Diffraction","floor":35},{"not_picked":["SpiderBud","BlackArmy"],"picked":"ShyLook","floor":36},{"not_picked":["Lantern+1"],"picked":"BloodyDesire+1","floor":36},{"not_picked":["infinitespire:SevenWalls","infinitespire:Fortify"],"picked":"infinitespire:UltimateForm","floor":37},{"not_picked":["FourthMatchFlame+1"],"picked":"Soda+1","floor":37},{"not_picked":["FourthMatchFlame"],"picked":"SwordSharpenedByTears+1","floor":40},{"not_picked":["Variant","GalaxyChild"],"picked":"DespairKnight","floor":42},{"not_picked":["GrinderMk4+1"],"picked":"BlueScar+1","floor":42},{"not_picked":["Amita+1","TodaysExpression+1"],"picked":"SKIP","floor":45},{"not_picked":["BlueStar","BigBadWolf"],"picked":"WhiteNight","floor":47},{"not_picked":["FourthMatchFlame","Mimicry"],"picked":"SKIP","floor":47},{"not_picked":["Scarecrow","VoidDream"],"picked":"Mercenary","floor":48},{"not_picked":["Diffraction+1"],"picked":"Beak+1","floor":48},{"not_picked":["DaCapo"],"picked":"Twilight","floor":50},{"not_picked":["MagicBullet"],"picked":"Gaze","floor":51},{"not_picked":["FourthMatchFlame","Hypocrisy"],"picked":"SKIP","floor":52},{"not_picked":["BlackSwan","Scarecrow"],"picked":"Funeral","floor":56},{"not_picked":["CUTE","RedEyes"],"picked":"SKIP","floor":56},{"not_picked":["MeltingLove","HeroicMonk"],"picked":"BodiesMountain","floor":57},{"not_picked":["infinitespire:Fortify","infinitespire:Punishment"],"picked":"infinitespire:Collect","floor":57},{"not_picked":["Penitence","Lamp"],"picked":"SKIP","floor":57},{"not_picked":["Horn","RedEyes"],"picked":"SKIP","floor":59},{"not_picked":["BigBadWolf","HappyTeddy"],"picked":"NothingThere","floor":64},{"not_picked":["TodaysExpression","Tough"],"picked":"SKIP","floor":64},{"not_picked":["RedEyes","SoundOfStar"],"picked":"SKIP","floor":64},{"not_picked":["CrimsonScar","Penitence"],"picked":"SKIP","floor":65},{"not_picked":["Regret_ego","Penitence"],"picked":"SKIP","floor":65},{"not_picked":["GoldRush"],"picked":"DaCapo","floor":67},{"not_picked":["infinitespire:Collect","infinitespire:Starlight"],"picked":"infinitespire:FutureSight","floor":69},{"not_picked":["Lantern","Logging+1"],"picked":"SKIP","floor":69},{"not_picked":["Christmas","Lantern"],"picked":"SKIP","floor":69},{"not_picked":["BlackSwan_ego","Wingbeat"],"picked":"SKIP","floor":75},{"not_picked":["FourthMatchFlame","CUTE+1"],"picked":"SKIP","floor":75},{"not_picked":["LittlePrince","BigBadWolf"],"picked":"Mercenary","floor":76},{"not_picked":["Galaxy","Loneliness"],"picked":"SKIP","floor":76},{"not_picked":["ScreamingWedge","SoundOfStar"],"picked":"SKIP","floor":76},{"not_picked":["FourthMatchFlame","Lamp"],"picked":"SKIP","floor":78},{"not_picked":["Tough","TodaysExpression+1"],"picked":"SKIP","floor":78},{"not_picked":["SolemnVow+1","Regret_ego+1"],"picked":"SKIP","floor":81},{"not_picked":["SomewhereSpear","Lamp"],"picked":"SKIP","floor":81},{"not_picked":["CarveReality+1","Sweeping Beam+1","Chaos+1"],"picked":"SKIP","floor":86},{"not_picked":["Pommel Strike+1","Vengeance+1","Auto Shields"],"picked":"SKIP","floor":86},{"not_picked":["Freischutz","BlackArmy"],"picked":"BlueStar","floor":87},{"not_picked":["Rage","Beam Cell"],"picked":"Ghostly Armor+1","floor":87},{"not_picked":["CENSORED","SingingMachine"],"picked":"BlackArmy","floor":92},{"not_picked":["White Noise","EmptyBody","Creative AI"],"picked":"SKIP","floor":92},{"not_picked":["Harvest+1","Whirlwind+1","Static Discharge"],"picked":"SKIP","floor":92},{"not_picked":["MeltingLove","SilentOrchestra","SingingMachine"],"picked":"Singing Bowl","floor":95},{"not_picked":["Streamline+1","Bouncing Flask+1","Quick Slash+1"],"picked":"SKIP","floor":95},{"not_picked":["Galaxy+1","Reflex+1","Whirlwind+1"],"picked":"SKIP","floor":95},{"not_picked":["Streamline+1","Bouncing Flask+1","Quick Slash+1"],"picked":"SKIP","floor":95},{"not_picked":["Galaxy+1","Reflex+1","Whirlwind+1"],"picked":"SKIP","floor":95},{"not_picked":["CENSORED","BodiesMountain","MeltingLove"],"picked":"Singing Bowl","floor":97},{"not_picked":["Sword Boomerang+1","Slice+1","Electrodynamics+1"],"picked":"SKIP","floor":97},{"not_picked":["SignatureMove+1","BlackSwan_ego+1","FollowUp+1"],"picked":"SKIP","floor":97}],"player_experience":77186,"relics_obtained":[{"floor":1,"key":"LetterFromLob"},{"floor":7,"key":"infinitespire:Lucky Rock"},{"floor":9,"key":"infinitespire:Satchel"},{"floor":12,"key":"Shovel"},{"floor":24,"key":"Anchor"},{"floor":26,"key":"Blood Vial"},{"floor":29,"key":"Toy Ornithopter"},{"floor":30,"key":"Potion Belt"},{"floor":31,"key":"RedMistMask"},{"floor":37,"key":"Girya"},{"floor":40,"key":"Strawberry"},{"floor":43,"key":"infinitespire:Midas Blood"},{"floor":48,"key":"DeathAngel"},{"floor":57,"key":"Orichalcum"},{"floor":60,"key":"Juzu Bracelet"},{"floor":64,"key":"Incense Burner"},{"floor":72,"key":"Circlet"},{"floor":75,"key":"Bag of Preparation"},{"floor":77,"key":"infinitespire:ShieldingShard"},{"floor":78,"key":"Boot"},{"floor":87,"key":"Gambling Chip"},{"floor":92,"key":"infinitespire:WardingShard"},{"floor":92,"key":"Mercury Hourglass"},{"floor":94,"key":"Kunai"},{"floor":95,"key":"Bird Faced Urn"},{"floor":95,"key":"MawBank"}],"event_choices":[{"damage_healed":0,"gold_gain":0,"player_choice":"Take Wound","damage_taken":0,"relics_obtained":["Golden Idol"],"max_hp_gain":0,"max_hp_loss":0,"event_name":"Golden Idol","floor":5,"gold_loss":0,"cards_obtained":["Injury"]},{"damage_healed":0,"gold_gain":0,"player_choice":"3","damage_taken":0,"max_hp_gain":0,"max_hp_loss":0,"event_name":"betterMatch:BetterMatch","floor":8,"gold_loss":0,"cards_obtained":[]},{"cards_removed":["infinitespire:Gouge"],"damage_healed":0,"gold_gain":0,"player_choice":"Take \u0026 Give","damage_taken":0,"max_hp_gain":0,"max_hp_loss":0,"event_name":"betterNote:BetterNote","floor":20,"gold_loss":0,"cards_obtained":["infinitespire:TheBestDefense"]},{"damage_healed":0,"gold_gain":0,"player_choice":"Ignored","damage_taken":0,"max_hp_gain":0,"max_hp_loss":0,"event_name":"Vampires","floor":22,"gold_loss":0},{"damage_healed":0,"gold_gain":0,"player_choice":"Shed Blood","damage_taken":17,"max_hp_gain":5,"max_hp_loss":0,"event_name":"Forgotten Altar","floor":25,"gold_loss":0},{"damage_healed":0,"gold_gain":0,"player_choice":"Paid","damage_taken":0,"relics_obtained":["Red Mask"],"max_hp_gain":0,"max_hp_loss":0,"event_name":"Tomb of Lord Red Mask","floor":39,"gold_loss":105},{"cards_removed":["SpecialBullet"],"damage_healed":0,"gold_gain":0,"player_choice":"Removed Attack","damage_taken":0,"max_hp_gain":0,"max_hp_loss":0,"event_name":"Falling","floor":44,"gold_loss":0},{"damage_healed":0,"gold_gain":0,"player_choice":"Box","damage_taken":0,"relics_obtained":["Centennial Puzzle"],"max_hp_gain":0,"max_hp_loss":0,"event_name":"Big Fish","floor":54,"gold_loss":0,"cards_obtained":["Regret"]},{"cards_removed":["Regret","Pride"],"damage_healed":0,"gold_gain":0,"player_choice":"Removed Curses","damage_taken":0,"max_hp_gain":0,"max_hp_loss":0,"event_name":"Fountain of Cleansing","floor":55,"gold_loss":0},{"damage_healed":0,"gold_gain":275,"player_choice":"Desecrate","damage_taken":0,"max_hp_gain":0,"max_hp_loss":0,"event_name":"Golden Shrine","floor":62,"gold_loss":0,"cards_obtained":["Regret"]},{"damage_healed":0,"gold_gain":0,"player_choice":"1","damage_taken":0,"max_hp_gain":0,"max_hp_loss":0,"event_name":"betterMatch:BetterMatch","floor":70,"gold_loss":0,"cards_obtained":["betterMatch:CommonCard","betterMatch:RareCard"]},{"damage_healed":0,"gold_gain":0,"player_choice":"Ignored","damage_taken":0,"max_hp_gain":0,"max_hp_loss":0,"event_name":"Ghosts","floor":71,"gold_loss":0},{"damage_healed":0,"gold_gain":0,"player_choice":"Fought Bandits","damage_taken":0,"max_hp_gain":0,"max_hp_loss":0,"event_name":"Masked Bandits","floor":72,"gold_loss":0},{"cards_removed":["BodiesMountain"],"damage_healed":0,"gold_gain":0,"player_choice":"Elegance","damage_taken":0,"max_hp_gain":0,"max_hp_loss":0,"event_name":"betterThird:BetterWriting","floor":80,"gold_loss":0},{"damage_healed":0,"gold_gain":0,"player_choice":"Fight","damage_taken":0,"max_hp_gain":0,"max_hp_loss":0,"event_name":"Mysterious Sphere","floor":87,"gold_loss":0},{"damage_healed":0,"gold_gain":0,"player_choice":"Memory 1","damage_taken":0,"max_hp_gain":0,"max_hp_loss":0,"event_name":"SensoryStone","floor":88,"gold_loss":0},{"cards_removed":["SwordSharpenedByTears"],"damage_healed":0,"gold_gain":0,"player_choice":"Take \u0026 Give","damage_taken":0,"max_hp_gain":0,"max_hp_loss":0,"event_name":"betterNote:BetterNote","floor":90,"gold_loss":0,"cards_obtained":["infinitespire:Gouge"]},{"damage_healed":0,"gold_gain":0,"player_choice":"Ignored","damage_taken":0,"max_hp_gain":0,"max_hp_loss":0,"event_name":"The Moai Head","floor":99,"gold_loss":0}],"is_beta":false,"boss_relics":[{"not_picked":["Ectoplasm","Fusion Hammer"],"picked":"Cursed Key"},{"not_picked":["Runic Dome","Sozu"],"picked":"Empty Cage"},{"not_picked":["Velvet Choker","Runic Pyramid"],"picked":"Tiny House"},{"not_picked":["Busted Crown","Sozu"],"picked":"Coffee Dripper"},{"not_picked":["Fusion Hammer","Runic Dome"],"picked":"Astrolabe"}],"items_purged_floors":[46,53,79,89],"is_endless":true,"potions_floor_spawned":[3,7,11,14,24,28,29,37,40,45,48,50,56,59,64,76,84,92,95,97],"killed_by":"FixerMidnight","ascension_level":1}}