{"host":"w4b7hmige5bnqipq","time":1613299562,"event":{"mods":["2.2 Compatiblity","BaseMod","Colored Map","DeckTracker","Keyboard Shortcuts","Minty Spire (QoL Compilation)","Permanent Neow","Rare Cards Sparkle","SuperFastMode","everything is the same but u backflip on backflip","slay the spire mod where everything is the same but ironclad has a cowboy hat"],"gold_per_floor":[109,122,139,214,224,224,257,257,281,281,298,298,298,298],"floor_reached":13,"language":"KOR","playtime":380,"items_purged":[],"score":170,"play_id":"ef9513ad-a261-48d0-afd9-3434eefa9860","local_time":"20210214184602","is_ascension_mode":true,"campfire_choices":[{"data":"Neutralize","floor":6,"key":"SMITH"},{"floor":8,"key":"REST"},{"data":"Footwork","floor":10,"key":"SMITH"}],"circlet_count":0,"master_deck":["AscendersBane","Strike_G","Strike_G","Strike_G","Strike_G","Strike_G","Defend_G","Defend_G","Defend_G","Defend_G","Defend_G","Survivor","Neutralize+1","Night Terror","Footwork+1","PiercingWail","Predator","Backflip","Die Die Die"],"relics":["Ring of the Snake","Lantern","Snake Skull"],"acts_visited":["Exordium"],"potions_floor_usage":[5,7,13],"damage_taken":[{"damage":2.0,"enemies":"Jaw Worm","floor":1.0,"turns":6.0},{"damage":0.0,"enemies":"2 Louse","floor":2.0,"turns":7.0},{"damage":1.0,"enemies":"Cultist","floor":3.0,"turns":6.0},{"damage":9,"enemies":"Large Slime","floor":5,"turns":8},{"damage":42,"enemies":"3 Sentries","floor":7,"turns":14},{"damage":0,"enemies":"2 Fungi Beasts","floor":11,"turns":4},{"damage":31,"enemies":"Gremlin Nob","floor":13,"turns":3}],"seed_played":"7324863450902476000","potions_obtained":[{"floor":1.0,"key":"Regen Potion"},{"floor":2.0,"key":"AttackPotion"},{"floor":11,"key":"CunningPotion"}],"is_trial":false,"path_per_floor":["M","M","M","?","M","R","E","R","T","R","M","?","E"],"character_chosen":"THE_SILENT","items_purchased":[],"campfire_rested":1,"item_purchase_floors":[],"current_hp_per_floor":[57,57,56,45,36,36,9,28,28,28,28,28,0,0],"gold":298,"neow_bonus":"ONE_RANDOM_RARE_CARD","is_daily":false,"chose_seed":false,"campfire_upgraded":2,"win_rate":0.0,"timestamp":1613299562,"path_taken":["M","M","M","?","M","R","E","R","T","R","M","?","E"],"items_purchased_type":[],"build_version":"2020-12-22","purchased_purges":0,"victory":false,"max_hp_per_floor":[66,66,66,66,66,66,66,66,66,66,66,66,66,66],"card_choices":[{"not_picked":["Concentrate","Skewer"],"picked":"Footwork","floor":1.0},{"not_picked":["Outmaneuver","Underhanded Strike"],"picked":"PiercingWail","floor":2.0},{"not_picked":["Heel Hook","Accuracy"],"picked":"Predator","floor":3.0},{"not_picked":["Predator","PiercingWail"],"picked":"Backflip","floor":5},{"not_picked":["Distraction","Bane"],"picked":"Die Die Die","floor":7},{"not_picked":["Underhanded Strike","Backflip","Endless Agony"],"picked":"SKIP","floor":11}],"player_experience":745151,"relics_obtained":[{"floor":7,"key":"Lantern"},{"floor":9,"key":"Snake Skull"}],"event_choices":[{"damage_healed":0.0,"max_hp_gain":0.0,"max_hp_loss":0.0,"gold_gain":75.0,"event_name":"World of Goop","player_choice":"Gather Gold","floor":4.0,"gold_loss":0.0,"damage_taken":11.0},{"damage_healed":0,"gold_gain":0,"player_choice":"Ignored","damage_taken":0,"max_hp_gain":0,"max_hp_loss":0,"event_name":"Shining Light","floor":12,"gold_loss":0}],"is_beta":false,"boss_relics":[],"items_purged_floors":[],"is_endless":false,"potions_floor_spawned":[1,2,11],"killed_by":"Gremlin Nob","ascension_level":20}}