{"host":"vyjryxuuuxkt43k4","time":1613308134,"event":{"mods":["AchievementEnabler","BaseMod","Colored Map","DeckTracker","Keyboard Shortcuts","Minty Spire (QoL Compilation)","Permanent Neow","Quick Restart","StSLib","SuperFastMode","everything is the same but u backflip on backflip"],"gold_per_floor":[13,13,13,63,74,74,86,96,119,134,144,144,157,183,183,256,256,276,276,115,135,135,135],"floor_reached":22,"language":"KOR","playtime":845,"items_purged":["Pain"],"score":376,"play_id":"6e4f3c7c-e616-4919-be89-42858ebf17e3","local_time":"20210214220854","is_ascension_mode":true,"campfire_choices":[{"data":"Neutralize","floor":6.0,"key":"SMITH"},{"data":"Catalyst","floor":12.0,"key":"SMITH"},{"floor":15.0,"key":"REST"}],"circlet_count":0,"master_deck":["AscendersBane","Strike_G","Strike_G","Strike_G","Strike_G","Defend_G","Defend_G","Defend_G","Defend_G","Defend_G","Survivor","Neutralize+1","Dash","Quick Slash","Backflip","Bouncing Flask","Cloak And Dagger","Catalyst+1","Masterful Stab","Crippling Poison","Wraith Form v2","Calculated Gamble"],"relics":["Ring of the Snake","Tingsha","Strawberry","Akabeko","Runic Pyramid","WarpedTongs"],"acts_visited":["Exordium","TheCity"],"potions_floor_usage":[21],"damage_taken":[{"damage":3.0,"enemies":"Jaw Worm","floor":1.0,"turns":6.0},{"damage":0.0,"enemies":"Cultist","floor":5.0,"turns":3.0},{"damage":3.0,"enemies":"Small Slimes","floor":7.0,"turns":4.0},{"damage":0.0,"enemies":"Red Slaver","floor":8.0,"turns":5.0},{"damage":0.0,"enemies":"Looter","floor":10.0,"turns":3.0},{"damage":4.0,"enemies":"Lots of Slimes","floor":11.0,"turns":4.0},{"damage":2.0,"enemies":"Red Slaver","floor":13.0,"turns":5.0},{"damage":42.0,"enemies":"3 Sentries","floor":14.0,"turns":11.0},{"damage":12.0,"enemies":"The Guardian","floor":16.0,"turns":8.0},{"damage":14.0,"enemies":"3 Byrds","floor":18.0,"turns":9.0},{"damage":11,"enemies":"Spheric Guardian","floor":21,"turns":4},{"damage":43,"enemies":"3 Cultists","floor":22,"turns":5}],"seed_played":"2313739546925330605","potions_obtained":[{"floor":5.0,"key":"Fire Potion"},{"floor":10.0,"key":"FearPotion"},{"floor":11.0,"key":"SpeedPotion"},{"floor":16.0,"key":"GamblersBrew"},{"floor":18.0,"key":"DuplicationPotion"}],"is_trial":false,"path_per_floor":["M","?","$","?","M","R","M","M","T","M","M","R","M","E","R","B",null,"M","?","$","M","M"],"character_chosen":"THE_SILENT","items_purchased":["Calculated Gamble"],"campfire_rested":1,"item_purchase_floors":[20],"current_hp_per_floor":[56,56,56,56,56,56,53,53,60,60,56,56,54,12,33,21,60,46,46,46,35,0,0],"gold":135,"neow_bonus":"ONE_RARE_RELIC","is_daily":false,"chose_seed":false,"campfire_upgraded":2,"win_rate":0.0,"timestamp":1613308134,"path_taken":["M","?","?","?","M","R","M","M","T","M","M","R","?","E","R","BOSS","M","?","$","M","M"],"items_purchased_type":["Card"],"build_version":"2020-12-22","purchased_purges":1,"victory":false,"max_hp_per_floor":[66,66,66,66,66,66,66,66,73,73,73,73,73,73,73,73,73,73,73,73,73,73,73],"card_choices":[{"not_picked":["Blade Dance","Skewer"],"picked":"Dash","floor":1.0},{"not_picked":["Blade Dance","Bane"],"picked":"Backflip","floor":5.0},{"not_picked":["Quick Slash","Riddle With Holes","Bane"],"picked":"SKIP","floor":7.0},{"not_picked":["Backflip","Escape Plan"],"picked":"Bouncing Flask","floor":8.0},{"not_picked":["Doppelganger","Bane"],"picked":"Cloak And Dagger","floor":10.0},{"not_picked":["Bouncing Flask","Eviscerate"],"picked":"Catalyst","floor":11.0},{"not_picked":["Outmaneuver","Infinite Blades"],"picked":"Masterful Stab","floor":13.0},{"not_picked":["Flechettes","Escape Plan"],"picked":"Crippling Poison","floor":14.0},{"not_picked":["Storm of Steel","Phantasmal Killer"],"picked":"Wraith Form v2","floor":16.0},{"not_picked":["Cloak And Dagger","Poisoned Stab","Eviscerate"],"picked":"SKIP","floor":18.0},{"not_picked":["Outmaneuver","Bane","Slice"],"picked":"SKIP","floor":21}],"player_experience":983870,"relics_obtained":[{"floor":9.0,"key":"Strawberry"},{"floor":14.0,"key":"Akabeko"}],"event_choices":[{"damage_healed":0.0,"max_hp_gain":0.0,"max_hp_loss":0.0,"gold_gain":0.0,"cards_transformed":["Strike_G"],"event_name":"Transmorgrifier","player_choice":"Transformed","floor":2.0,"gold_loss":0.0,"damage_taken":0.0,"cards_obtained":["Quick Slash"]},{"damage_healed":0.0,"max_hp_gain":0.0,"max_hp_loss":0.0,"gold_gain":50.0,"event_name":"Golden Shrine","player_choice":"Pray","floor":4.0,"gold_loss":0.0,"damage_taken":0.0},{"damage_healed":0.0,"max_hp_gain":0.0,"max_hp_loss":0.0,"gold_gain":0.0,"event_name":"Accursed Blacksmith","player_choice":"Rummage","floor":19.0,"gold_loss":0.0,"damage_taken":0.0,"relics_obtained":["WarpedTongs"],"cards_obtained":["Pain"]}],"is_beta":false,"boss_relics":[{"not_picked":["Fusion Hammer","Busted Crown"],"picked":"Runic Pyramid"}],"items_purged_floors":[20],"is_endless":false,"potions_floor_spawned":[5,10,11,16,18],"killed_by":"3 Cultists","ascension_level":20}}