{"host":"4eao2pkwlmv012cz","time":1613296046,"event":{"mods":["BaseMod","Bestiary","Bossed Relics","Colored Powertips","Minty Spire (QoL Compilation)","Permanent Neow","Quick Restart","Random Character Button","StSLib"],"gold_per_floor":[212,212,0,20,170,170,199,199,222,249,249,249,83,96,96,168,168,178,191,201,201,201,201],"floor_reached":22,"language":"ENG","playtime":602,"items_purged":["Strike_B"],"score":384,"play_id":"b7c3ba4d-fe74-4880-9413-63cfd6932f05","local_time":"20210214044726","is_ascension_mode":true,"campfire_choices":[{"data":"Streamline","floor":6,"key":"SMITH"},{"floor":8,"key":"REST"},{"data":"Lockon","floor":15,"key":"SMITH"}],"circlet_count":0,"master_deck":["AscendersBane","Strike_B","Strike_B","Strike_B","Defend_B","Defend_B","Defend_B","Defend_B","Zap+1","Dualcast","Streamline+1","Lockon+1","Conserve Battery","Sweeping Beam","Doubt","Defragment","Defragment","BootSequence","Creative AI","Force Field","Compile Driver"],"relics":["Cracked Core","Omamori","Akabeko","Bottled Lightning","Lee\u0027s Waffle","Busted Crown"],"acts_visited":["Exordium","TheCity"],"potions_floor_usage":[7,14,16,19],"damage_taken":[{"damage":9,"enemies":"Jaw Worm","floor":1,"turns":4},{"damage":8,"enemies":"Small Slimes","floor":4,"turns":3},{"damage":13,"enemies":"Lagavulin","floor":7,"turns":5},{"damage":38,"enemies":"3 Sentries","floor":10,"turns":6},{"damage":0,"enemies":"Cultist","floor":14,"turns":2},{"damage":54,"enemies":"Hexaghost","floor":16,"turns":9},{"damage":23,"enemies":"Spheric Guardian","floor":18,"turns":4},{"damage":8,"enemies":"3 Byrds","floor":19,"turns":5},{"damage":22,"enemies":"Snecko","floor":20,"turns":5},{"damage":33,"enemies":"Shelled Parasite and Fungi","floor":22,"turns":2}],"seed_played":"-2643557378099547855","potions_obtained":[{"floor":4,"key":"Strength Potion"},{"floor":12,"key":"CultistPotion"},{"floor":12,"key":"Explosive Potion"},{"floor":16,"key":"Regen Potion"}],"is_trial":false,"path_per_floor":["M","?","$","M","?","R","E","R","T","E","?","?","$","M","R","B",null,"M","M","M","?","M"],"character_chosen":"DEFECT","items_purchased":["Lockon","Conserve Battery","Lee\u0027s Waffle"],"campfire_rested":1,"item_purchase_floors":[3,3,13],"current_hp_per_floor":[55,60,60,52,52,52,39,61,61,23,23,23,83,83,83,29,70,47,53,31,31,0,0],"gold":201,"neow_bonus":"HUNDRED_GOLD","is_daily":false,"chose_seed":false,"campfire_upgraded":2,"win_rate":0.0,"timestamp":1613296046,"path_taken":["M","?","$","M","?","R","E","R","T","E","?","?","$","?","R","BOSS","M","M","?","?","M"],"items_purchased_type":["Card","Card","Relic"],"build_version":"2020-12-22","purchased_purges":1,"victory":false,"max_hp_per_floor":[71,76,76,76,76,76,76,76,76,76,76,76,83,83,83,83,83,83,83,83,83,83,83],"card_choices":[{"not_picked":["Recycle","Self Repair"],"picked":"Streamline","floor":1},{"not_picked":["Stack","Hello World"],"picked":"Sweeping Beam","floor":4},{"not_picked":["Coolheaded","Redo"],"picked":"Defragment","floor":7},{"not_picked":["Aggregate","Auto Shields"],"picked":"Defragment","floor":10},{"not_picked":["Aggregate","Hologram"],"picked":"BootSequence","floor":14},{"not_picked":["Meteor Strike","Core Surge"],"picked":"Creative AI","floor":16},{"not_picked":[],"picked":"Force Field","floor":18},{"not_picked":["Go for the Eyes"],"picked":"SKIP","floor":19},{"not_picked":[],"picked":"Compile Driver","floor":20}],"player_experience":2936344,"relics_obtained":[{"floor":7,"key":"Omamori"},{"floor":9,"key":"Akabeko"},{"floor":10,"key":"Bottled Lightning"}],"event_choices":[{"damage_healed":0,"gold_gain":0,"player_choice":"Donut","damage_taken":0,"max_hp_gain":5,"max_hp_loss":0,"event_name":"Big Fish","floor":2,"gold_loss":0},{"damage_healed":0,"gold_gain":150,"player_choice":"AGREE","damage_taken":0,"max_hp_gain":0,"max_hp_loss":0,"event_name":"Liars Game","floor":5,"gold_loss":0,"cards_obtained":["Doubt"]},{"damage_healed":0,"gold_gain":0,"player_choice":"Grow","damage_taken":0,"max_hp_gain":0,"max_hp_loss":0,"event_name":"Living Wall","floor":11,"gold_loss":0,"cards_upgraded":["Zap"]},{"damage_healed":0,"gold_gain":0,"player_choice":"Got Potions","damage_taken":0,"max_hp_gain":0,"max_hp_loss":0,"event_name":"Lab","floor":12,"gold_loss":0},{"damage_healed":0,"gold_gain":0,"player_choice":"Ignored","damage_taken":0,"max_hp_gain":0,"max_hp_loss":0,"event_name":"Cursed Tome","floor":21,"gold_loss":0}],"is_beta":false,"boss_relics":[{"not_picked":["SlaversCollar","Runic Pyramid"],"picked":"Busted Crown"}],"items_purged_floors":[3],"is_endless":false,"potions_floor_spawned":[4,16],"killed_by":"Shelled Parasite and Fungi","ascension_level":20}}