{"host":"pqs17sqrgflf4eqa","time":1613342014,"event":{"mods":["AchievementEnabler","BaseMod","Bestiary","Better Altar","Better Match","Better Skull","Block Reminder","Bossed Relics","Colored Map","Colored Powertips","Curses Come First","Dark Map","DeckTracker","Defective Defect","Displayed Cursed Tome","Emptier Cage","Googly Eyes","Highlight Path","Minty Spire (QoL Compilation)","Quick Restart","Slay-I","StSLib","SuperFastMode","Synergy Search","Thieving Mod","Transform Curses","everything is the same but u backflip on backflip","slay the spire mod where everything is the same but ironclad has a cowboy hat"],"gold_per_floor":[117,69,79,2,12,41,57,75,75,109,120,120,80,110,110,205,205,222,232,251,265,14,14,14],"floor_reached":23,"language":"ENG","playtime":1047,"items_purged":[],"score":345,"play_id":"03850375-1540-42dc-ab48-d0e1193d7114","local_time":"20210214173334","is_ascension_mode":true,"campfire_choices":[{"floor":12,"key":"REST"},{"data":"Poisoned Stab","floor":15,"key":"SMITH"}],"circlet_count":0,"master_deck":["Strike_G","Strike_G","Strike_G","Strike_G","Strike_G","Defend_G","Defend_G","Defend_G","Defend_G","Defend_G","Survivor","Neutralize","Dagger Throw","Dagger Throw","Poisoned Stab+1","Footwork","Deadly Poison","Deadly Poison","Deadly Poison","Dash","Die Die Die","Predator+1"],"relics":["Ring of the Snake","PreservedInsect","StrikeDummy","Mummified Hand","Bottled Tornado","Tingsha","Tiny House","MealTicket"],"acts_visited":["Exordium","TheCity"],"potions_floor_usage":[3,5,6,8,10,13,14,16,18,20,21],"damage_taken":[{"damage":7,"enemies":"Small Slimes","floor":1,"turns":3},{"damage":0,"enemies":"Cultist","floor":3,"turns":3},{"damage":0,"enemies":"2 Louse","floor":5,"turns":2},{"damage":20,"enemies":"Lagavulin","floor":6,"turns":3},{"damage":18,"enemies":"Large Slime","floor":7,"turns":4},{"damage":9,"enemies":"2 Fungi Beasts","floor":8,"turns":3},{"damage":16,"enemies":"Gremlin Nob","floor":10,"turns":3},{"damage":0,"enemies":"Exordium Wildlife","floor":11,"turns":4},{"damage":2,"enemies":"Lagavulin","floor":14,"turns":5},{"damage":0,"enemies":"Slime Boss","floor":16,"turns":8},{"damage":10,"enemies":"3 Byrds","floor":18,"turns":3},{"damage":6,"enemies":"Shell Parasite","floor":19,"turns":7},{"damage":3,"enemies":"Snake Plant","floor":20,"turns":4},{"damage":21,"enemies":"Cultist and Chosen","floor":21,"turns":5},{"damage":25,"enemies":"Book of Stabbing","floor":23,"turns":4}],"seed_played":"193952678978905687","potions_obtained":[{"floor":1,"key":"FearPotion"},{"floor":7,"key":"Regen Potion"},{"floor":8,"key":"Energy Potion"},{"floor":13,"key":"LiquidBronze"},{"floor":13,"key":"Fruit Juice"},{"floor":13,"key":"Dexterity Potion"},{"floor":14,"key":"PowerPotion"},{"floor":18,"key":"GhostInAJar"},{"floor":19,"key":"CunningPotion"}],"is_trial":false,"path_per_floor":["M","$","M","$","M","E","M","M","T","E","M","R","?","E","R","B",null,"M","M","M","M","$","E"],"character_chosen":"THE_SILENT","items_purchased":["AttackPotion","LiquidMemories","MealTicket","Fire Potion","SteroidPotion"],"campfire_rested":1,"item_purchase_floors":[2,4,22,22,22],"current_hp_per_floor":[56,56,56,56,56,36,18,18,18,2,2,23,28,26,26,26,63,53,47,44,23,23,0,0],"gold":14,"neow_bonus":"RANDOM_COMMON_RELIC","is_daily":false,"chose_seed":false,"campfire_upgraded":1,"win_rate":0.0,"timestamp":1613342014,"path_taken":["M","$","M","$","M","E","M","M","T","E","M","R","?","E","R","BOSS","M","?","M","M","$","E"],"items_purchased_type":["Potion","Potion","Relic","Potion","Potion"],"build_version":"2020-12-22","purchased_purges":0,"victory":false,"max_hp_per_floor":[70,70,70,70,70,70,70,70,70,70,70,70,75,75,75,75,75,75,75,75,75,75,75,75],"card_choices":[{"not_picked":["Skewer","Flechettes"],"picked":"Dagger Throw","floor":1},{"not_picked":["Dagger Spray","Flying Knee"],"picked":"Dagger Throw","floor":3},{"not_picked":["Well Laid Plans","Crippling Poison"],"picked":"Poisoned Stab","floor":5},{"not_picked":["Dash","Blade Dance"],"picked":"Footwork","floor":6},{"not_picked":["Dodge and Roll","Caltrops"],"picked":"Deadly Poison","floor":7},{"not_picked":["Accuracy","Slice","Flechettes"],"picked":"SKIP","floor":8},{"not_picked":["Caltrops","Dash"],"picked":"Deadly Poison","floor":10},{"not_picked":["Phantasmal Killer","Reflex"],"picked":"Deadly Poison","floor":11},{"not_picked":["Crippling Poison","Deflect"],"picked":"Dash","floor":14},{"not_picked":["Phantasmal Killer","Glass Knife"],"picked":"Die Die Die","floor":16},{"not_picked":["Flying Knee","Outmaneuver","Acrobatics"],"picked":"SKIP","floor":18},{"not_picked":["Deflect","Dagger Throw","Acrobatics"],"picked":"SKIP","floor":19},{"not_picked":["Slice","Bane"],"picked":"Predator+1","floor":20},{"not_picked":["Outmaneuver","Tactician","Sucker Punch"],"picked":"SKIP","floor":21}],"player_experience":209194,"relics_obtained":[{"floor":6,"key":"StrikeDummy"},{"floor":9,"key":"Mummified Hand"},{"floor":10,"key":"Bottled Tornado"},{"floor":14,"key":"Tingsha"}],"event_choices":[{"damage_healed":0,"gold_gain":0,"player_choice":"Bought 3 Potions","damage_taken":0,"max_hp_gain":0,"max_hp_loss":0,"event_name":"The Woman in Blue","floor":13,"gold_loss":0}],"is_beta":false,"boss_relics":[{"not_picked":["Empty Cage","Ring of the Serpent"],"picked":"Tiny House"}],"items_purged_floors":[],"is_endless":false,"potions_floor_spawned":[1,7,8,14,18,19],"killed_by":"Book of Stabbing","ascension_level":6}}