{"host":"8ki4rp59nppvqwda","time":1613273338,"event":{"mods":["AlwaysNeverKeys","BaseMod","Hermit","Minty Spire (QoL Compilation)","Robot Space Explorer","SacredBarkPlus","StSLib","The Cursed","The Necromancer","The Trickster"],"gold_per_floor":[110,75,75,0,16,16,16,49,49,74,90,90,159,193,193,193,193],"floor_reached":16,"language":"ENG","playtime":694,"items_purged":["RobotSpaceExplorer:Defend"],"score":151,"play_id":"1e6d01e2-887d-4865-acba-7779dd550e5e","local_time":"20210213222858","is_ascension_mode":true,"campfire_choices":[{"data":"RobotSpaceExplorer:Calculate","floor":6.0,"key":"SMITH"},{"data":"RobotSpaceExplorer:StarLightning","floor":12.0,"key":"SMITH"},{"floor":15,"key":"REST"}],"circlet_count":0,"master_deck":["RobotSpaceExplorer:Strike","RobotSpaceExplorer:Strike","RobotSpaceExplorer:Strike","RobotSpaceExplorer:Strike","RobotSpaceExplorer:Defend","RobotSpaceExplorer:Defend","RobotSpaceExplorer:Defend","RobotSpaceExplorer:Scan","RobotSpaceExplorer:MiniLasers","RobotSpaceExplorer:Calculate+1","RobotSpaceExplorer:GearShield","RobotSpaceExplorer:DualCore","RobotSpaceExplorer:StarLightning+1","RobotSpaceExplorer:IronShell+1","RobotSpaceExplorer:Ammunition+1","RobotSpaceExplorer:Scanner"],"relics":["RobotSpaceExplorer:RoboCore","Golden Idol","Happy Flower","Toxic Egg 2","Gambling Chip","Bronze Scales"],"acts_visited":["Exordium"],"potions_floor_usage":[13,13,16],"damage_taken":[{"damage":3.0,"enemies":"Small Slimes","floor":1.0,"turns":5.0},{"damage":1.0,"enemies":"2 Louse","floor":5.0,"turns":3.0},{"damage":32.0,"enemies":"3 Sentries","floor":8.0,"turns":10.0},{"damage":1.0,"enemies":"Cultist","floor":10.0,"turns":4.0},{"damage":5.0,"enemies":"Exordium Wildlife","floor":11.0,"turns":3.0},{"damage":11,"enemies":"3 Sentries","floor":13,"turns":8},{"damage":13,"enemies":"Gremlin Nob","floor":14,"turns":5},{"damage":26,"enemies":"The Guardian","floor":16,"turns":10}],"seed_played":"1136428926504724221","potions_obtained":[{"floor":8.0,"key":"Dexterity Potion"},{"floor":11.0,"key":"SteroidPotion"},{"floor":14,"key":"EssenceOfSteel"}],"is_trial":false,"path_per_floor":["M","?","?","$","M","R","?","E","T","M","M","R","?","E","R","B"],"character_chosen":"RobotSpaceExplorer","items_purchased":[],"campfire_rested":1,"item_purchase_floors":[],"current_hp_per_floor":[47,65,85,85,84,84,63,31,31,30,25,25,14,1,26,0,0],"gold":193,"neow_bonus":"THREE_RARE_CARDS","is_daily":false,"chose_seed":false,"campfire_upgraded":2,"win_rate":0.0,"timestamp":1613273338,"path_taken":["M","?","?","$","?","R","?","E","T","M","M","R","?","E","R","BOSS"],"items_purchased_type":[],"build_version":"2020-12-22","purchased_purges":1,"victory":false,"max_hp_per_floor":[75,75,85,85,85,85,85,85,85,85,85,85,85,85,85,85,85],"card_choices":[{"not_picked":["RobotSpaceExplorer:DroneSwarm","RobotSpaceExplorer:Autoloader"],"picked":"RobotSpaceExplorer:Exploration","floor":0.0},{"not_picked":["RobotSpaceExplorer:ShovelStrike","RobotSpaceExplorer:Ammunition"],"picked":"RobotSpaceExplorer:Calculate","floor":1.0},{"not_picked":["RobotSpaceExplorer:StunGrenade","RobotSpaceExplorer:ScrapToss"],"picked":"RobotSpaceExplorer:GearShield","floor":5.0},{"not_picked":["RobotSpaceExplorer:GlueShot","RobotSpaceExplorer:Electroshield"],"picked":"RobotSpaceExplorer:DualCore","floor":8.0},{"not_picked":["RobotSpaceExplorer:Counterblock+1","RobotSpaceExplorer:ImprovisedAttack"],"picked":"RobotSpaceExplorer:StarLightning","floor":10.0},{"not_picked":["RobotSpaceExplorer:Pulsar+1","RobotSpaceExplorer:SurgingShield+1"],"picked":"RobotSpaceExplorer:IronShell+1","floor":11.0},{"not_picked":["RobotSpaceExplorer:Probe","RobotSpaceExplorer:SwiftStep+1"],"picked":"RobotSpaceExplorer:Ammunition+1","floor":13},{"not_picked":["RobotSpaceExplorer:GlueShot+1","RobotSpaceExplorer:ImprovisedAttack"],"picked":"RobotSpaceExplorer:Scanner","floor":14}],"player_experience":1318902,"relics_obtained":[{"floor":8.0,"key":"Happy Flower"},{"floor":9.0,"key":"Toxic Egg 2"},{"floor":14,"key":"Bronze Scales"}],"event_choices":[{"damage_healed":18.0,"max_hp_gain":0.0,"max_hp_loss":0.0,"gold_gain":0.0,"event_name":"The Cleric","player_choice":"Healed","floor":2.0,"gold_loss":35.0,"damage_taken":0.0},{"cards_removed":["RobotSpaceExplorer:Exploration"],"damage_healed":10.0,"max_hp_gain":10.0,"max_hp_loss":0.0,"gold_gain":0.0,"event_name":"Bonfire Elementals","player_choice":"Offered Rare","floor":3.0,"gold_loss":0.0,"damage_taken":0.0},{"damage_healed":0.0,"max_hp_gain":0.0,"max_hp_loss":0.0,"gold_gain":0.0,"event_name":"Golden Idol","player_choice":"Take Damage","floor":7.0,"gold_loss":0.0,"damage_taken":21.0,"relics_obtained":["Golden Idol"]},{"damage_healed":0,"gold_gain":30,"player_choice":"Searched \u00273\u0027 times","damage_taken":0,"relics_obtained":["Gambling Chip"],"max_hp_gain":0,"max_hp_loss":0,"event_name":"Dead Adventurer","floor":13,"gold_loss":0}],"is_beta":false,"boss_relics":[],"items_purged_floors":[4],"is_endless":false,"potions_floor_spawned":[8,11,14],"killed_by":"The Guardian","ascension_level":8}}