{"host":"pqs17sqrgflf4eqa","time":1613280503,"event":{"mods":["AchievementEnabler","BaseMod","Bestiary","Better Altar","Better Match","Better Skull","Block Reminder","Bossed Relics","Colored Map","Colored Powertips","Curses Come First","Dark Map","DeckTracker","Defective Defect","Displayed Cursed Tome","Emptier Cage","Googly Eyes","Highlight Path","Minty Spire (QoL Compilation)","Quick Restart","Slay-I","StSLib","SuperFastMode","Synergy Search","Thieving Mod","Transform Curses","everything is the same but u backflip on backflip","slay the spire mod where everything is the same but ironclad has a cowboy hat"],"gold_per_floor":[365,384,21,34,34,66,84,84,111,143,163,163,163,163,163,267,267,280,298,2,2,21,21,56,56,81,81,81],"floor_reached":27,"language":"ENG","playtime":1375,"items_purged":[],"score":313,"play_id":"d7f4da2e-e06c-4472-889f-5e2d84889515","local_time":"20210214002823","is_ascension_mode":true,"campfire_choices":[{"floor":8.0,"key":"REST"},{"floor":12.0,"key":"REST"},{"data":"Noxious Fumes","floor":15.0,"key":"SMITH"},{"data":"Corpse Explosion","floor":23,"key":"SMITH"}],"circlet_count":0,"master_deck":["Strike_G","Strike_G","Strike_G+1","Strike_G","Strike_G","Defend_G","Defend_G","Defend_G","Defend_G","Survivor","Neutralize+1","Sucker Punch","Deflect","Noxious Fumes+1","Apotheosis+1","Footwork","Dash","Corpse Explosion+1","Prepared+1","Footwork+1"],"relics":["Ring of the Snake","MealTicket","Happy Flower","Dream Catcher","Snecko Eye","The Specimen","Enchiridion","Anchor","Juzu Bracelet"],"acts_visited":["Exordium","TheCity"],"potions_floor_usage":[16,22,22,22,22,24],"damage_taken":[{"damage":16.0,"enemies":"Small Slimes","floor":1.0,"turns":6.0},{"damage":0.0,"enemies":"2 Louse","floor":2.0,"turns":2.0},{"damage":0.0,"enemies":"Jaw Worm","floor":4.0,"turns":4.0},{"damage":5.0,"enemies":"Lagavulin","floor":6.0,"turns":7.0},{"damage":0.0,"enemies":"2 Fungi Beasts","floor":7.0,"turns":5.0},{"damage":13.0,"enemies":"3 Sentries","floor":10.0,"turns":8.0},{"damage":14.0,"enemies":"Lots of Slimes","floor":11.0,"turns":5.0},{"damage":3,"enemies":"Slime Boss","floor":16,"turns":11},{"damage":16,"enemies":"Spheric Guardian","floor":18,"turns":5},{"damage":9,"enemies":"2 Thieves","floor":19,"turns":2},{"damage":3,"enemies":"Snake Plant","floor":22,"turns":4},{"damage":26,"enemies":"Book of Stabbing","floor":24,"turns":8},{"damage":3,"enemies":"Colosseum Slavers","floor":27,"turns":1}],"seed_played":"1394072257541093963","potions_obtained":[{"floor":6.0,"key":"EssenceOfSteel"},{"floor":7.0,"key":"SkillPotion"},{"floor":11.0,"key":"PowerPotion"},{"floor":16,"key":"Ancient Potion"},{"floor":18,"key":"EntropicBrew"}],"is_trial":false,"path_per_floor":["M","M","$","M","?","E","M","R","T","E","M","R","?","?","R","B",null,"M","M","$","?","M","R","E","?","T","?"],"character_chosen":"THE_SILENT","items_purchased":["Noxious Fumes","Apotheosis","Block Potion","Fire Potion","The Specimen"],"campfire_rested":2,"item_purchase_floors":[3,3,3,3,20],"current_hp_per_floor":[29,29,29,29,15,10,10,31,31,18,4,25,25,25,25,22,58,42,33,48,32,29,29,3,3,3,0,0],"gold":81,"neow_bonus":"TWO_FIFTY_GOLD","is_daily":false,"chose_seed":false,"campfire_upgraded":2,"win_rate":0.0,"timestamp":1613280503,"path_taken":["M","M","$","M","?","E","M","R","T","E","M","R","?","?","R","BOSS","M","M","$","?","M","R","E","?","T","?"],"items_purchased_type":["Card","Card","Potion","Potion","Relic"],"build_version":"2020-12-22","purchased_purges":0,"victory":false,"max_hp_per_floor":[70,70,70,70,70,70,70,70,70,70,70,70,70,70,70,70,70,70,70,70,70,70,70,70,70,70,70,70],"card_choices":[{"not_picked":["Quick Slash","Blade Dance"],"picked":"Sucker Punch","floor":1.0},{"not_picked":["Tactician","Underhanded Strike"],"picked":"Deflect","floor":2.0},{"not_picked":["Reflex","Endless Agony"],"picked":"Footwork","floor":4.0},{"not_picked":["Sucker Punch","Underhanded Strike","Blade Dance"],"picked":"SKIP","floor":6.0},{"not_picked":["Poisoned Stab","Deadly Poison"],"picked":"Dash","floor":7.0},{"not_picked":["Deflect","Slice","Envenom"],"picked":"SKIP","floor":10.0},{"not_picked":["Prepared","Bane","Dodge and Roll"],"picked":"SKIP","floor":11.0},{"not_picked":["Grand Finale","Night Terror"],"picked":"Corpse Explosion","floor":16},{"not_picked":["Slice","Sucker Punch","Prepared"],"picked":"SKIP","floor":18},{"not_picked":["Dodge and Roll","PiercingWail+1"],"picked":"Prepared+1","floor":19},{"not_picked":["Deadly Poison","Sucker Punch"],"picked":"Footwork+1","floor":22},{"not_picked":["Dodge and Roll","Corpse Explosion","Accuracy"],"picked":"SKIP","floor":24}],"player_experience":203615,"relics_obtained":[{"floor":6.0,"key":"MealTicket"},{"floor":9.0,"key":"Happy Flower"},{"floor":10.0,"key":"Dream Catcher"},{"floor":24,"key":"Anchor"},{"floor":26,"key":"Juzu Bracelet"}],"event_choices":[{"damage_healed":0.0,"max_hp_gain":0.0,"max_hp_loss":0.0,"gold_gain":0.0,"event_name":"Shining Light","player_choice":"Entered Light","floor":5.0,"gold_loss":0.0,"damage_taken":14.0,"cards_upgraded":["Strike_G","Neutralize"]},{"damage_healed":0.0,"max_hp_gain":0.0,"max_hp_loss":0.0,"gold_gain":0.0,"event_name":"Liars Game","player_choice":"Ignored","floor":13.0,"gold_loss":0.0,"damage_taken":0.0},{"damage_healed":0.0,"max_hp_gain":0.0,"max_hp_loss":0.0,"gold_gain":0.0,"event_name":"Living Wall","player_choice":"Grow","floor":14.0,"gold_loss":0.0,"damage_taken":0.0,"cards_upgraded":["Apotheosis"]},{"damage_healed":0,"gold_gain":0,"player_choice":"Obtained Book","damage_taken":16,"max_hp_gain":0,"max_hp_loss":0,"event_name":"Cursed Tome","floor":21,"gold_loss":0},{"cards_removed":["Defend_G"],"damage_healed":0,"gold_gain":0,"player_choice":"Purged","damage_taken":0,"max_hp_gain":0,"max_hp_loss":0,"event_name":"Purifier","floor":25,"gold_loss":0},{"damage_healed":0,"gold_gain":0,"player_choice":"Fight","damage_taken":0,"max_hp_gain":0,"max_hp_loss":0,"event_name":"Colosseum","floor":27,"gold_loss":0}],"is_beta":false,"boss_relics":[{"not_picked":["Ring of the Serpent","Pandora\u0027s Box"],"picked":"Snecko Eye"}],"items_purged_floors":[],"is_endless":false,"potions_floor_spawned":[6,7,11,16,18],"killed_by":"Colosseum Slavers","ascension_level":6}}