{"host":"wri98rxht4656ll8","time":1613337286,"event":{"mods":["AchievementEnabler","BaseMod","Colored Map","Colored Powertips","Minty Spire (QoL Compilation)","Permanent Neow","StSLib"],"gold_per_floor":[119,44,44,44,119,150,150,166,166,244,244,255,255,266,266,266,266],"floor_reached":16,"language":"ENG","playtime":630,"items_purged":["Bash"],"score":98,"play_id":"baf0986a-2f34-4628-a194-c128ce3607d8","local_time":"20210214221446","is_ascension_mode":false,"campfire_choices":[{"floor":7,"key":"REST"},{"floor":11,"key":"REST"},{"data":"Strike_R","floor":13,"key":"SMITH"},{"floor":15,"key":"REST"}],"circlet_count":0,"master_deck":["Strike_R","Strike_R","Strike_R+1","Defend_R","Defend_R","Defend_R","Defend_R"],"relics":["Burning Blood","Dead Branch","Molten Egg 2","Blue Candle"],"acts_visited":["Exordium"],"potions_floor_usage":[5],"damage_taken":[{"damage":1,"enemies":"Cultist","floor":1,"turns":3},{"damage":55,"enemies":"Gremlin Nob","floor":6,"turns":6},{"damage":1,"enemies":"2 Louse","floor":8,"turns":3},{"damage":5,"enemies":"Small Slimes","floor":12,"turns":4},{"damage":13,"enemies":"2 Fungi Beasts","floor":14,"turns":6},{"damage":76,"enemies":"The Guardian","floor":16,"turns":17}],"seed_played":"-1758764700335119825","potions_obtained":[{"floor":1,"key":"BloodPotion"},{"floor":12,"key":"Swift Potion"}],"is_trial":false,"path_per_floor":["M","$","?","$","?","E","R","M","T","T","R","M","R","M","R","B"],"character_chosen":"IRONCLAD","items_purchased":[],"campfire_rested":3,"item_purchase_floors":[],"current_hp_per_floor":[61,61,61,61,66,17,41,46,46,46,70,71,71,64,80,4,4],"gold":266,"neow_bonus":"REMOVE_TWO","is_daily":false,"chose_seed":false,"campfire_upgraded":1,"win_rate":0.0,"timestamp":1613337286,"path_taken":["M","?","?","$","?","E","R","M","T","?","R","M","R","M","R","BOSS"],"items_purchased_type":[],"build_version":"2020-12-22","purchased_purges":1,"victory":false,"max_hp_per_floor":[80,80,80,80,80,80,80,80,80,80,80,80,80,80,80,80,80],"card_choices":[{"not_picked":["Whirlwind","Seeing Red","Wild Strike"],"picked":"SKIP","floor":1},{"not_picked":["True Grit","Intimidate","Shockwave"],"picked":"SKIP","floor":6},{"not_picked":["Battle Trance","Anger","Twin Strike"],"picked":"SKIP","floor":8},{"not_picked":["Metallicize","Pummel+1","Hemokinesis+1"],"picked":"SKIP","floor":12},{"not_picked":["Clothesline+1","Body Slam+1","Twin Strike+1"],"picked":"SKIP","floor":14}],"player_experience":220404,"relics_obtained":[{"floor":6,"key":"Dead Branch"},{"floor":9,"key":"Molten Egg 2"},{"floor":10,"key":"Blue Candle"}],"event_choices":[{"damage_healed":0,"gold_gain":0,"player_choice":"Leave","damage_taken":0,"max_hp_gain":0,"max_hp_loss":0,"event_name":"The Cleric","floor":3,"gold_loss":0},{"damage_healed":0,"gold_gain":75,"player_choice":"Gather Gold","damage_taken":11,"max_hp_gain":0,"max_hp_loss":0,"event_name":"World of Goop","floor":5,"gold_loss":0}],"is_beta":false,"boss_relics":[],"items_purged_floors":[2],"is_endless":false,"potions_floor_spawned":[1,12],"killed_by":"The Guardian","ascension_level":0}}