{"host":"7c48c022du196gjj","time":1613346090,"event":{"mods":["BaseMod","Better Third Choice","Colored Map","Hubris","Minty Spire (QoL Compilation)","Monster B Gone","Quick Restart","Reliquary","Replay The Spire","Say the Spire","Smile Girya","Spicy Shops","StSLib"],"gold_per_floor":[114,114,131,131,131,161,174,189,258,258,59,59,76,94,94,171,171,188,188,76,26,26,61,73,73],"floor_reached":24,"language":"ENG","playtime":1153,"items_purged":["Strike_G","Strike_G"],"score":396,"play_id":"c8d2fb9a-659d-45e2-b59c-654e878e5fd5","local_time":"20210214174130","is_ascension_mode":true,"campfire_choices":[{"floor":12,"key":"REST"},{"floor":15,"key":"REST"}],"circlet_count":0,"master_deck":["AscendersBane","Strike_G","Strike_G","Strike_G","Defend_G","Defend_G","Defend_G","Defend_G","Defend_G","Survivor","Neutralize","Corpse Explosion","Bane","ReplayTheSpireMod:Scrap Shanks","Acrobatics","Prepared","Masterful Stab","ReplayTheSpireMod:Necrosis","Deadly Poison","Deadly Poison","Bouncing Flask","Caltrops","Burst","Poisoned Stab","Pride","ReplayTheSpireMod:Scrap Shanks"],"relics":["Ring of the Snake","Ring of Misfortune","Prayer Wheel","Smiling Mask","Regal Pillow","reliquary:PurpleTingedLeaf","Bronze Scales","Black Star","TwistedFunnel","MawBank","Kunai"],"acts_visited":["Exordium","TheCity"],"potions_floor_usage":[6,8,16,23],"damage_taken":[{"damage":11,"enemies":"Small Slimes","floor":1,"turns":4},{"damage":1,"enemies":"Jaw Worm","floor":3,"turns":5},{"damage":39,"enemies":"Lagavulin","floor":6,"turns":8},{"damage":0,"enemies":"Cultist","floor":7,"turns":4},{"damage":3,"enemies":"Looter","floor":8,"turns":2},{"damage":2,"enemies":"3 Louse","floor":13,"turns":3},{"damage":10,"enemies":"Red Slaver","floor":14,"turns":2},{"damage":25,"enemies":"The Guardian","floor":16,"turns":7},{"damage":14,"enemies":"Chosen","floor":18,"turns":4},{"damage":40,"enemies":"Slavers","floor":23,"turns":3},{"damage":7,"enemies":"Shell Parasite","floor":24,"turns":2}],"seed_played":"9216147458088241679","potions_obtained":[{"floor":3,"key":"Flashbang"},{"floor":7,"key":"Fire Potion"},{"floor":8,"key":"Venom Potion"},{"floor":14,"key":"Poison Potion"},{"floor":18,"key":"LiquidBronze"}],"is_trial":false,"path_per_floor":["M","?","M","T","?","E","M","M","T","?","$","R","M","M","R","B",null,"M","?","$","?","$","E","M"],"character_chosen":"THE_SILENT","items_purchased":["Bronze Scales","Deadly Poison","TwistedFunnel"],"campfire_rested":2,"item_purchase_floors":[11,11,20],"current_hp_per_floor":[48,48,47,47,47,8,8,5,5,5,5,39,38,28,62,37,59,46,46,46,46,46,7,0,0],"gold":73,"neow_bonus":"ONE_RANDOM_RARE_CARD","is_daily":false,"chose_seed":false,"campfire_upgraded":0,"win_rate":0.0,"timestamp":1613346090,"path_taken":["M","?","M","?","?","E","M","?","T","?","$","R","M","M","R","BOSS","M","?","$","?","$","E","?"],"items_purchased_type":["Relic","Card","Relic"],"build_version":"2020-12-22","purchased_purges":2,"victory":false,"max_hp_per_floor":[66,66,66,66,66,66,66,66,66,66,66,66,66,66,66,66,66,66,66,66,66,66,66,66,66],"card_choices":[{"not_picked":["Slice","Dodge and Roll"],"picked":"Bane","floor":1},{"not_picked":["hubris:SlightOfHand","Endless Agony"],"picked":"Blade Dance","floor":3},{"not_picked":["hubris:TrickCloak","Well Laid Plans"],"picked":"ReplayTheSpireMod:Scrap Shanks","floor":6},{"not_picked":["Prepared","Blade Dance"],"picked":"Acrobatics","floor":7},{"not_picked":["Flechettes","Setup"],"picked":"Prepared","floor":7},{"not_picked":["Dodge and Roll","hubris:SlightOfHand"],"picked":"Masterful Stab","floor":8},{"not_picked":["Cloak And Dagger","hubris:TrickCloak"],"picked":"ReplayTheSpireMod:Necrosis","floor":8},{"not_picked":["Flying Knee","Masterful Stab"],"picked":"Bouncing Flask","floor":13},{"not_picked":["Backflip","Infinite Blades","Choke"],"picked":"SKIP","floor":13},{"not_picked":["Skewer","Cloak And Dagger"],"picked":"Caltrops","floor":14},{"not_picked":["Finisher","Dagger Throw","Underhanded Strike"],"picked":"SKIP","floor":14},{"not_picked":["Phantasmal Killer","Atom Bomb"],"picked":"Burst","floor":16},{"not_picked":["Escape Plan","Sucker Punch"],"picked":"Poisoned Stab","floor":18},{"not_picked":["Backflip","hubris:TrickCloak","Finisher"],"picked":"SKIP","floor":18},{"not_picked":["Quick Slash","Underhanded Strike"],"picked":"ReplayTheSpireMod:Scrap Shanks","floor":23}],"player_experience":887408,"relics_obtained":[{"floor":2,"key":"Ring of Misfortune"},{"floor":4,"key":"Prayer Wheel"},{"floor":6,"key":"Regal Pillow"},{"floor":9,"key":"reliquary:PurpleTingedLeaf"},{"floor":23,"key":"MawBank"},{"floor":23,"key":"Kunai"}],"event_choices":[{"cards_removed":["Blade Dance"],"damage_healed":0,"gold_gain":0,"player_choice":"Gave Card","damage_taken":0,"relics_obtained":["Smiling Mask"],"max_hp_gain":0,"max_hp_loss":0,"event_name":"WeMeetAgain","floor":5,"gold_loss":0},{"damage_healed":0,"gold_gain":0,"player_choice":"LEAVE","damage_taken":0,"max_hp_gain":0,"max_hp_loss":0,"event_name":"betterThird:BetterScrap","floor":10,"gold_loss":0,"cards_obtained":["Berserk"]},{"damage_healed":0,"gold_gain":0,"player_choice":"Bet on Murderer","damage_taken":0,"max_hp_gain":0,"max_hp_loss":0,"event_name":"The Joust","floor":21,"gold_loss":50}],"is_beta":false,"boss_relics":[{"not_picked":["Snecko Eye","Astrolabe"],"picked":"Black Star"}],"items_purged_floors":[11,20],"is_endless":false,"potions_floor_spawned":[3,7,8,14,18],"killed_by":"Shell Parasite","ascension_level":17}}