{"host":"b5mzvg96njlg7ry9","time":1613333334,"event":{"mods":["AlwaysNeverKeys","BaseMod","Colored Map","Colored Powertips","Downfall","Highlight Path","Minty Spire (QoL Compilation)","Quick Restart","Relic Sorter","Shop Mod","StSLib","SuperFastMode","everything is the same but u backflip on backflip"],"gold_per_floor":[200,216,236,158,258,258,284,16,45,62,140,140,155,184,199,296,296,296,296,296,315,400,400,400,400,433,474,474,500,283,283,301,301,301,301],"floor_reached":33,"language":"ENG","playtime":2101,"items_purged":["champ:Strike","champ:Strike","champ:Strike","champ:Defend","champ:Strike"],"score":587,"play_id":"41b5192d-10c8-4a52-a604-be8b2eb50f6c","local_time":"20210214210854","is_ascension_mode":true,"campfire_choices":[{"data":"champ:Taunt","floor":1.0,"key":"SMITH"},{"data":"champ:RecklessLeap","floor":6.0,"key":"SMITH"},{"data":"champ:EnchantCrown","floor":12.0,"key":"SMITH"},{"data":"champ:RageSigil","floor":18.0,"key":"SMITH"},{"data":"champ:Shatter","floor":23.0,"key":"SMITH"}],"circlet_count":0,"master_deck":["champ:Defend","champ:Defend","champ:Execute+1","champ:Taunt+1","champ:Shatter+1","champ:FocusedBerserking","champ:RecklessLeap+1","champ:RageSigil+1","champ:EnchantCrown+1","champ:FanOfKnives+1","CurseOfTheBell","champ:SwordThrow+1","champ:Endure+1","champ:TripleStrike+1"],"relics":["champ:ChampionCrown","Unceasing Top","downfall:HeartBlessingBlue","downfall:HeartBlessingGreen","downfall:HeartBlessingRed","Membership Card","champ:SpectersHand","MerchantsRug","Pear","Juzu Bracelet","champ:Barbells","Sundial","Regal Pillow","Molten Egg 2","bronze:BronzeIdol","Calling Bell","champ:FightingForDummies","StrikeDummy","WingedGreaves","Nloth\u0027s Gift","champ:GladiatorsBookOfMartialProwess","Pantograph","Meat on the Bone","PreservedInsect","Akabeko","InkBottle","hexamod:BolsterEngine","Blue Candle"],"acts_visited":["Exordium","TheCity"],"potions_floor_usage":[29,33],"damage_taken":[{"damage":28.0,"enemies":"Small Slimes","floor":2.0,"turns":5.0},{"damage":10.0,"enemies":"Jaw Worm","floor":3.0,"turns":3.0},{"damage":20.0,"enemies":"downfall:FleeingMerchant","floor":4.0,"turns":4.0},{"damage":74.0,"enemies":"downfall:FleeingMerchant","floor":8.0,"turns":4.0},{"damage":56.0,"enemies":"Lagavulin","floor":9.0,"turns":5.0},{"damage":20.0,"enemies":"Cultist","floor":10.0,"turns":2.0},{"damage":25.0,"enemies":"downfall:FleeingMerchant","floor":11.0,"turns":4.0},{"damage":10.0,"enemies":"downfall:LooterAlt","floor":13.0,"turns":2.0},{"damage":58.0,"enemies":"Gremlin Nob","floor":14.0,"turns":4.0},{"damage":50.0,"enemies":"Large Slime","floor":15.0,"turns":4.0},{"damage":70.0,"enemies":"SI_SHIV_ARCHETYPE","floor":16.0,"turns":4.0},{"damage":47.0,"enemies":"downfall:LooterAlt2","floor":21.0,"turns":3.0},{"damage":65.0,"enemies":"Book of Stabbing","floor":26.0,"turns":5.0},{"damage":49.0,"enemies":"downfall:FleeingMerchant","floor":27.0,"turns":4.0},{"damage":25,"enemies":"Gremlin Leader","floor":29,"turns":2},{"damage":20,"enemies":"Shell Parasite","floor":32,"turns":2},{"damage":128,"enemies":"WA_ARCHETYPE_CALM","floor":33,"turns":6}],"seed_played":"7952204933670870453","potions_obtained":[{"floor":9.0,"key":"bronze:BurnAndBuffPotion"},{"floor":10.0,"key":"PowerPotion"},{"floor":13.0,"key":"LiquidMemories"},{"floor":21.0,"key":"Weak Potion"},{"floor":26.0,"key":"Strength Potion"},{"floor":29,"key":"champ:UltimateStancePotion"}],"is_trial":false,"path_per_floor":["R","M","M","$","?","R","T","$","E","M","$","R","M","E","M","B",null,"R","?","?","M","?","R","T","?","E","$","?","E","$","?","M","B"],"character_chosen":"THE_CHAMP","items_purchased":["Membership Card","champ:SpectersHand","MerchantsRug","champ:RecklessLeap","Pear","champ:Barbells","Sundial","champ:EnchantCrown","Molten Egg 2","champ:FanOfKnives+1","Ornamental Fan","champ:TripleStrike+1","PreservedInsect","Akabeko","hexamod:BolsterEngine","champ:UltimateStancePotion"],"campfire_rested":0,"item_purchase_floors":[4,4,4,4,4,8,8,11,11,11,11,27,27,27,30,30],"current_hp_per_floor":[100,92,92,102,102,102,102,93,82,82,82,82,82,64,64,64,110,110,110,110,93,75,75,75,75,50,62,62,74,74,120,120,0,0,0],"gold":301,"neow_bonus":"ONE_RARE_RELIC","is_daily":false,"chose_seed":false,"campfire_upgraded":5,"win_rate":0.0,"timestamp":1613333334,"path_taken":["R","M","M","$","?","R","T","$","E","M","$","R","M","E","M","BOSS","R","?","?","M","?","R","T","?","E","$","?","E","$","?","M","BOSS"],"items_purchased_type":["Relic","Relic","Relic","Card","Relic","Relic","Relic","Card","Relic","Card","Relic","Card","Relic","Relic","Relic","Potion"],"build_version":"2020-12-22","purchased_purges":5,"victory":false,"max_hp_per_floor":[100,100,100,110,110,110,110,110,110,110,110,110,110,110,110,110,110,110,110,110,110,110,110,110,110,110,110,110,110,110,120,120,120,120,120],"card_choices":[{"not_picked":["champ:EnGarde","champ:PreemptiveStrike","champ:BringItOn"],"picked":"SKIP","floor":2.0},{"not_picked":["champ:Circumvent","champ:SwordSigil"],"picked":"champ:Shatter","floor":3.0},{"not_picked":["champ:EnGarde","champ:HeartStrike"],"picked":"champ:FocusedBerserking","floor":4.0},{"not_picked":["champ:FanOfKnives","champ:DefensiveShout"],"picked":"champ:RageSigil","floor":8.0},{"not_picked":["champ:DefensiveShout","champ:DeathBlow","champ:HeartStrike"],"picked":"SKIP","floor":9.0},{"not_picked":["champ:ViciousMockery","champ:ShieldWall","champ:PreemptiveStrike"],"picked":"SKIP","floor":10.0},{"not_picked":["champ:GutPunch","champ:ShieldThrow","champ:DefensiveShout"],"picked":"SKIP","floor":11.0},{"not_picked":["champ:PerfectedStrike+1","champ:EnGarde","champ:SetATrap"],"picked":"SKIP","floor":13.0},{"not_picked":["champ:HeartStrike+1","champ:Backstep","champ:Circumvent"],"picked":"SKIP","floor":14.0},{"not_picked":["champ:PreciseThrust+1","champ:FocusedBerserking","champ:PreemptiveStrike+1"],"picked":"SKIP","floor":15.0},{"not_picked":["champ:PreciseThrust+1","champ:GutPunch+1"],"picked":"champ:SwordThrow+1","floor":21.0},{"not_picked":["champ:BringItOn","champ:Backstep+1"],"picked":"champ:Endure+1","floor":26.0},{"not_picked":["champ:ArenaPreparation","champ:ViciousMockery","champ:RecklessLeap+1"],"picked":"SKIP","floor":27.0},{"not_picked":["champ:DefensiveStyle","champ:PerfectedStrike+1"],"picked":"champ:EnchantCrown","floor":29},{"not_picked":["champ:EnGarde+1","champ:Circumvent","champ:CrownThrow+1"],"picked":"SKIP","floor":32}],"player_experience":848737,"relics_obtained":[{"floor":7.0,"key":"Juzu Bracelet"},{"floor":9.0,"key":"Regal Pillow"},{"floor":14.0,"key":"bronze:BronzeIdol"},{"floor":17.0,"key":"champ:FightingForDummies"},{"floor":17.0,"key":"StrikeDummy"},{"floor":17.0,"key":"WingedGreaves"},{"floor":24.0,"key":"Pantograph"},{"floor":26.0,"key":"Meat on the Bone"},{"floor":29,"key":"InkBottle"}],"event_choices":[{"cards_removed":["champ:EnchantCrown"],"damage_healed":36,"gold_gain":0,"player_choice":"Offered Rare","damage_taken":0,"max_hp_gain":10,"max_hp_loss":0,"event_name":"Bonfire Elementals","floor":31,"gold_loss":0}],"is_beta":false,"boss_relics":[{"not_picked":["Black Star","Velvet Choker"],"picked":"Calling Bell"}],"items_purged_floors":[4,8,11,27,30],"is_endless":false,"potions_floor_spawned":[9,10,13,21,26,29,32],"killed_by":"WA_ARCHETYPE_CALM","ascension_level":4}}