{"host":"8iprjuzow65cevwy","time":1613309265,"event":{"mods":["BaseMod","Colored Map","Highlight Path","Minty Spire (QoL Compilation)"],"gold_per_floor":[119,119,3,78,43,78,78,107,134,134,152,185,250,277,277,390,390,418,316,316,415,10,48,57,87,178,214,326,357,369,410,422,546,558,591,622,634,671,683,731,743,791,872,884,329,347,347,0,0,0,0],"floor_reached":50,"language":"ENG","playtime":3246,"items_purged":["Strike_G"],"score":712,"play_id":"0dd19409-b361-45da-99cc-ce8cedaf6c01","local_time":"20210214142745","is_ascension_mode":true,"campfire_choices":[{"data":"Infinite Blades","floor":10,"key":"SMITH"},{"floor":15,"key":"REST"},{"data":"Phantasmal Killer","floor":30,"key":"SMITH"},{"floor":32,"key":"REST"},{"floor":41,"key":"REST"},{"data":"Blade Dance","floor":44,"key":"SMITH"},{"floor":49,"key":"REST"}],"circlet_count":0,"master_deck":["Strike_G","Strike_G","Defend_G","Defend_G","Defend_G","Defend_G","Survivor","Neutralize","Cloak And Dagger","Well Laid Plans","Backstab","Infinite Blades+1","Accuracy","Malaise","Finisher","Deflect","Backflip","Blade Dance+1","Grand Finale","Expertise","Bouncing Flask","Setup","Cloak And Dagger","Dramatic Entrance","Deadly Poison+1","Distraction","Prepared","Phantasmal Killer+1","Catalyst+1","Adrenaline","Deadly Poison","Acrobatics+1","Flying Knee","Concentrate","Blade Dance+1","Adrenaline","Eviscerate","Underhanded Strike","Slice+1","Malaise","Slice+1","Poisoned Stab+1","Dagger Spray+1","Madness","Madness"],"relics":["Ring of the Snake","NeowsBlessing","Regal Pillow","Potion Belt","Art of War","Happy Flower","CeramicFish","WristBlade","TwistedFunnel","Anchor","Bag of Preparation","MawBank","Paper Crane","HoveringKite","Spirit Poop","Calipers","Juzu Bracelet","Frozen Egg 2","Bronze Scales","Orrery","Red Mask"],"acts_visited":["Exordium","TheCity","TheBeyond"],"potions_floor_usage":[12,13,23,33,35,40,42],"damage_taken":[{"damage":0,"enemies":"Small Slimes","floor":1,"turns":1},{"damage":0,"enemies":"3 Sentries","floor":6,"turns":1},{"damage":0,"enemies":"Gremlin Nob","floor":8,"turns":1},{"damage":0,"enemies":"2 Louse","floor":11,"turns":3},{"damage":18,"enemies":"3 Sentries","floor":12,"turns":6},{"damage":7,"enemies":"Gremlin Nob","floor":13,"turns":4},{"damage":0,"enemies":"Cultist","floor":14,"turns":3},{"damage":7,"enemies":"Slime Boss","floor":16,"turns":9},{"damage":0,"enemies":"Chosen","floor":18,"turns":4},{"damage":19,"enemies":"Slavers","floor":23,"turns":4},{"damage":10,"enemies":"Shell Parasite","floor":27,"turns":3},{"damage":19,"enemies":"Shelled Parasite and Fungi","floor":29,"turns":5},{"damage":0,"enemies":"3 Cultists","floor":31,"turns":3},{"damage":36,"enemies":"Champ","floor":33,"turns":8},{"damage":5,"enemies":"3 Darklings","floor":35,"turns":3},{"damage":0,"enemies":"Orb Walker","floor":36,"turns":2},{"damage":0,"enemies":"4 Shapes","floor":38,"turns":3},{"damage":29,"enemies":"Giant Head","floor":40,"turns":6},{"damage":35,"enemies":"Nemesis","floor":42,"turns":5},{"damage":63,"enemies":"Time Eater","floor":50,"turns":8}],"seed_played":"3204876752942286998","potions_obtained":[{"floor":6,"key":"ColorlessPotion"},{"floor":8,"key":"GamblersBrew"},{"floor":13,"key":"SkillPotion"},{"floor":31,"key":"Weak Potion"},{"floor":33,"key":"Explosive Potion"},{"floor":35,"key":"GamblersBrew"},{"floor":36,"key":"EssenceOfSteel"},{"floor":40,"key":"DistilledChaos"}],"is_trial":false,"path_per_floor":["M","?","$","?","$","E","?","E","T","R","M","E","?","M","R","B",null,"M","$","?","?","$","E","?","?","T","M","?","M","R","M","R","B",null,"M","M","?","M","?","E","R","E","T","R","$","?","?","?","R","B"],"character_chosen":"THE_SILENT","items_purchased":["Well Laid Plans","Backstab","Infinite Blades","Bouncing Flask","Setup","TwistedFunnel","Cloak And Dagger","Anchor","Dramatic Entrance","Adrenaline","Eviscerate","Underhanded Strike","Bronze Scales","Orrery"],"campfire_rested":4,"item_purchase_floors":[3,3,5,19,19,22,22,22,22,45,45,45,45,45],"current_hp_per_floor":[70,70,70,59,59,59,59,59,59,59,59,41,34,34,70,63,70,70,70,70,70,70,51,51,51,51,41,41,22,22,22,58,22,70,65,65,65,65,65,36,70,35,35,35,35,26,26,26,62,0,0],"gold":0,"neow_bonus":"THREE_ENEMY_KILL","is_daily":false,"chose_seed":false,"campfire_upgraded":3,"win_rate":0.0,"timestamp":1613309265,"path_taken":["M","?","$","?","$","E","?","E","T","R","?","E","?","M","R","BOSS","M","$","?","?","$","E","?","?","T","M","?","M","R","M","R","BOSS","M","?","?","?","?","E","R","E","T","R","$","?","?","?","R","BOSS"],"items_purchased_type":["Card","Card","Card","Card","Card","Relic","Card","Relic","Card","Card","Card","Card","Relic","Relic"],"build_version":"2020-12-22","purchased_purges":1,"victory":false,"max_hp_per_floor":[70,70,70,70,70,70,70,70,70,70,70,70,70,70,70,70,70,70,70,70,70,70,70,70,70,70,70,70,70,70,70,70,70,70,70,70,70,70,70,70,70,70,70,70,70,70,70,70,70,70,70],"card_choices":[{"not_picked":["Dagger Spray","Prepared"],"picked":"Cloak And Dagger","floor":1},{"not_picked":["Dagger Throw","Outmaneuver"],"picked":"Accuracy","floor":6},{"not_picked":["Prepared","Concentrate"],"picked":"Malaise","floor":8},{"not_picked":["Well Laid Plans","Blur"],"picked":"Finisher","floor":11},{"not_picked":["Bane","Quick Slash"],"picked":"Deflect","floor":12},{"not_picked":["Bane","Riddle With Holes"],"picked":"Backflip","floor":13},{"not_picked":["Sucker Punch","Heel Hook"],"picked":"Blade Dance","floor":14},{"not_picked":["Venomology","Adrenaline"],"picked":"Grand Finale","floor":16},{"not_picked":["Outmaneuver","Poisoned Stab"],"picked":"Expertise","floor":18},{"not_picked":["Flechettes","Prepared+1"],"picked":"Deadly Poison+1","floor":23},{"not_picked":["Reflex","Slice"],"picked":"Prepared","floor":27},{"not_picked":["Blade Dance","PiercingWail+1"],"picked":"Phantasmal Killer","floor":29},{"not_picked":["Dagger Spray","Dagger Throw+1"],"picked":"Catalyst+1","floor":31},{"not_picked":["Venomology","Tools of the Trade"],"picked":"Adrenaline","floor":33},{"not_picked":["Cloak And Dagger","Masterful Stab"],"picked":"Deadly Poison","floor":35},{"not_picked":["Caltrops","Outmaneuver"],"picked":"Acrobatics+1","floor":36},{"not_picked":["Expertise","Cloak And Dagger"],"picked":"Flying Knee","floor":38},{"not_picked":["Acrobatics+1","Accuracy"],"picked":"Concentrate","floor":40},{"not_picked":["Storm of Steel","Tactician"],"picked":"Blade Dance+1","floor":42},{"not_picked":["Dagger Spray+1","Prepared"],"picked":"Slice+1","floor":45},{"not_picked":["Quick Slash+1","Outmaneuver"],"picked":"Malaise","floor":45},{"not_picked":["Caltrops+1","Acrobatics+1"],"picked":"Slice+1","floor":45},{"not_picked":["Dagger Throw","Slice+1"],"picked":"Poisoned Stab+1","floor":45},{"not_picked":["Masterful Stab+1","Distraction"],"picked":"Dagger Spray+1","floor":45}],"player_experience":331507,"relics_obtained":[{"floor":6,"key":"Regal Pillow"},{"floor":8,"key":"Potion Belt"},{"floor":9,"key":"Art of War"},{"floor":12,"key":"Happy Flower"},{"floor":13,"key":"CeramicFish"},{"floor":23,"key":"Bag of Preparation"},{"floor":26,"key":"Paper Crane"},{"floor":40,"key":"Calipers"},{"floor":42,"key":"Juzu Bracelet"},{"floor":43,"key":"Frozen Egg 2"}],"event_choices":[{"damage_healed":0,"gold_gain":0,"player_choice":"Leave","damage_taken":0,"max_hp_gain":0,"max_hp_loss":0,"event_name":"The Cleric","floor":2,"gold_loss":0},{"damage_healed":0,"gold_gain":75,"player_choice":"Gather Gold","damage_taken":11,"max_hp_gain":0,"max_hp_loss":0,"event_name":"World of Goop","floor":4,"gold_loss":0},{"cards_removed":["Strike_G"],"damage_healed":0,"gold_gain":0,"player_choice":"Purged","damage_taken":0,"max_hp_gain":0,"max_hp_loss":0,"event_name":"Purifier","floor":7,"gold_loss":0},{"damage_healed":0,"gold_gain":0,"player_choice":"Searched \u00271\u0027 times","damage_taken":0,"max_hp_gain":0,"max_hp_loss":0,"event_name":"Dead Adventurer","floor":13,"gold_loss":0},{"damage_healed":0,"gold_gain":0,"player_choice":"Ignored","damage_taken":0,"max_hp_gain":0,"max_hp_loss":0,"event_name":"Vampires","floor":20,"gold_loss":0},{"damage_healed":0,"gold_gain":99,"player_choice":"Stole From Cult","damage_taken":0,"max_hp_gain":0,"max_hp_loss":0,"event_name":"Nest","floor":21,"gold_loss":0},{"damage_healed":0,"gold_gain":0,"player_choice":"Opened","damage_taken":0,"relics_obtained":["MawBank"],"max_hp_gain":0,"max_hp_loss":0,"event_name":"The Mausoleum","floor":24,"gold_loss":0,"cards_obtained":["Writhe"]},{"damage_healed":0,"gold_gain":0,"cards_transformed":["Writhe","Strike_G"],"player_choice":"Became Test Subject","damage_taken":0,"max_hp_gain":0,"max_hp_loss":0,"event_name":"Drug Dealer","floor":25,"gold_loss":0,"cards_obtained":["Injury","Distraction"]},{"damage_healed":0,"gold_gain":100,"player_choice":"Pray","damage_taken":0,"max_hp_gain":0,"max_hp_loss":0,"event_name":"Golden Shrine","floor":28,"gold_loss":0},{"cards_removed":["Injury"],"damage_healed":0,"gold_gain":0,"player_choice":"Offered Curse","damage_taken":0,"relics_obtained":["Spirit Poop"],"max_hp_gain":0,"max_hp_loss":0,"event_name":"Bonfire Elementals","floor":37,"gold_loss":0},{"cards_removed":["Defend_G"],"damage_healed":0,"gold_gain":0,"player_choice":"Purged","damage_taken":0,"max_hp_gain":0,"max_hp_loss":0,"event_name":"Purifier","floor":39,"gold_loss":0},{"damage_healed":0,"gold_gain":0,"player_choice":"Embrace Madness","damage_taken":9,"max_hp_gain":0,"max_hp_loss":0,"event_name":"Winding Halls","floor":46,"gold_loss":0,"cards_obtained":["Madness","Madness"]},{"damage_healed":0,"gold_gain":0,"player_choice":"Ignored","damage_taken":0,"max_hp_gain":0,"max_hp_loss":0,"event_name":"The Moai Head","floor":47,"gold_loss":0},{"damage_healed":0,"gold_gain":0,"player_choice":"Paid","damage_taken":0,"relics_obtained":["Red Mask"],"max_hp_gain":0,"max_hp_loss":0,"event_name":"Tomb of Lord Red Mask","floor":48,"gold_loss":347}],"is_beta":false,"boss_relics":[{"not_picked":["Black Star","Pandora\u0027s Box"],"picked":"WristBlade"},{"not_picked":["Astrolabe","Cursed Key"],"picked":"HoveringKite"}],"items_purged_floors":[45],"is_endless":false,"potions_floor_spawned":[6,8,13,31,33,35,36,40],"killed_by":"Time Eater","ascension_level":2}}