{"host":"lw59ann91yhh6pk4","time":1613307680,"event":{"mods":["Act Like it!","BaseMod","Colored Map","Colored Powertips","Downfall","Duelist Mod","GifTheSpireLib","Hermit","MarisaÅiñ∂âJÅ@ñÇóùçπÅj","Minty Spire (QoL Compilation)","StSLib","The Animator","The Bug Knight","The Construct","The Cursed","The Disciple","The Hierophant","The Jungle","The Necromancer","The Runesmith","The Servant 0.9.4","slay the spire mod where everything is the same but ironclad has a cowboy hat"],"gold_per_floor":[118,118,218,231,241,266,277,277,322,342,65,82,113,143,143,245,245,257,4,19,19,29,29,64,79,79,94,144,159,175,195,195,291,291,311,325,325,340,9,40,40,59,59,79,79,95,112,112,112,112,112,112,44,76,76,76],"floor_reached":55,"language":"ENG","playtime":4605,"items_purged":["Runesmith:Strike_RS","Runesmith:Defend_RS","Runesmith:Strike_RS"],"score":737,"play_id":"36747f6b-5912-4446-a8bf-35fd9ec3e82f","local_time":"20210214140120","is_ascension_mode":false,"campfire_choices":[{"data":"Runesmith:FissionHammer","floor":8,"key":"SMITH"},{"floor":15,"key":"REST"},{"floor":23,"key":"REST"},{"floor":32,"key":"REST"},{"floor":41,"key":"RECALL"},{"floor":49,"key":"REST"},{"data":"Runesmith:Refine","floor":52,"key":"SMITH"}],"circlet_count":0,"master_deck":["Runesmith:Strike_RS","Runesmith:Strike_RS","Runesmith:Defend_RS","Runesmith:Defend_RS","Runesmith:CraftFirestone","Runesmith:Fortify","Runesmith:MakeshiftArmor","Runesmith:NanitesCloud","Runesmith:OneForEveryone","Runesmith:FissionHammer+1","Runesmith:ShiftingStrike","Runesmith:HeatedChisel","Runesmith:DoubleUp","Runesmith:DoubleUp","Runesmith:ChiselStab","Runesmith:FissionHammer","Runesmith:Malloc+1","Runesmith:Firewall","Runesmith:Refine+1","Runesmith:Retool","Runesmith:Grindstone","Runesmith:StaticCage+1","Runesmith:CraftIncendium+1","Runesmith:HeatedChisel","CurseOfTheBell","Runesmith:EnergizedChisel+1","Runesmith:CraftMagma+1","Runesmith:CraftMagma","Runesmith:GoWithTheFlow+1","Runesmith:EnergizedChisel+1","Runesmith:GoWithTheFlow+1","Runesmith:RuneHurl","Runesmith:FissionHammer","Runesmith:Reinforce","Runesmith:Supernova"],"relics":["Runesmith:BrokenRuby","NeowsBlessing","HornCleat","Dream Catcher","Regal Pillow","HollowMod:PaleOreRelic","Philosopher\u0027s Stone","Lantern","Orichalcum","CaptainsWheel","Girya","Calling Bell","Bag of Marbles","construct:FoamFinger","Pocketwatch","Chemical X","Bottled Lightning","InkBottle","Bronze Scales"],"acts_visited":["Exordium","TheCity","TheBeyond","TheEnding"],"potions_floor_usage":[6,7,18,29,30,33,33,44,50,50],"damage_taken":[{"damage":0,"enemies":"Small Slimes","floor":1,"turns":1},{"damage":0,"enemies":"Jaw Worm","floor":4,"turns":1},{"damage":0,"enemies":"Cultist","floor":5,"turns":1},{"damage":12,"enemies":"Lagavulin","floor":6,"turns":9},{"damage":23,"enemies":"Gremlin Gang","floor":7,"turns":5},{"damage":0,"enemies":"Blue Slaver","floor":10,"turns":3},{"damage":0,"enemies":"2 Fungi Beasts","floor":12,"turns":3},{"damage":17,"enemies":"Gremlin Nob","floor":13,"turns":4},{"damage":13,"enemies":"Slime Boss","floor":16,"turns":12},{"damage":4,"enemies":"3 Byrds","floor":18,"turns":5},{"damage":1,"enemies":"2 Thieves","floor":20,"turns":4},{"damage":18,"enemies":"Centurion and Healer","floor":22,"turns":5},{"damage":13,"enemies":"theDuelist:KaibaA2","floor":24,"turns":8},{"damage":0,"enemies":"Snecko","floor":25,"turns":5},{"damage":10,"enemies":"3 Cultists","floor":27,"turns":6},{"damage":0,"enemies":"Snake Plant","floor":29,"turns":6},{"damage":9,"enemies":"Centurion and Healer","floor":30,"turns":6},{"damage":4,"enemies":"Snecko","floor":31,"turns":5},{"damage":32,"enemies":"Automaton","floor":33,"turns":8},{"damage":8,"enemies":"3 Darklings","floor":35,"turns":5},{"damage":4,"enemies":"Orb Walker","floor":36,"turns":3},{"damage":0,"enemies":"3 Darklings","floor":38,"turns":4},{"damage":0,"enemies":"Nemesis","floor":40,"turns":9},{"damage":19,"enemies":"Jaw Worm Horde","floor":42,"turns":5},{"damage":10,"enemies":"Maw","floor":44,"turns":7},{"damage":31,"enemies":"Spire Growth","floor":46,"turns":7},{"damage":5,"enemies":"4 Shapes","floor":47,"turns":3},{"damage":21,"enemies":"Donu and Deca","floor":50,"turns":11},{"damage":20,"enemies":"Shield and Spear","floor":54,"turns":8},{"damage":61,"enemies":"The Heart","floor":55,"turns":5}],"seed_played":"-6835191871648898781","potions_obtained":[{"floor":4,"key":"Block Potion"},{"floor":6,"key":"PowerPotion"},{"floor":16,"key":"champ:CounterPotion"},{"floor":22,"key":"PowerPotion"},{"floor":27,"key":"DuplicationPotion"},{"floor":29,"key":"BlessingOfTheForge"},{"floor":30,"key":"Block Potion"},{"floor":36,"key":"sneckomod:MuddlingPotion"},{"floor":38,"key":"hexamod:SoulburnPotion"},{"floor":47,"key":"SmokeBomb"}],"is_trial":false,"path_per_floor":["M","?","?","M","M","E","M","R","T","M","$","M","E","?","R","B",null,"M","$","M","?","M","R","E","M","T","M","?","M","M","M","R","B",null,"M","M","?","M","$","E","R","M","T","M","T","M","M","?","R","B",null,"R","$","E","B"],"character_chosen":"RUNESMITH_CLASS","items_purchased":["Runesmith:HeatedChisel","Regal Pillow","Lantern","Chemical X","Swift Potion","Runesmith:Reinforce"],"campfire_rested":4,"item_purchase_floors":[11,11,19,39,39,53],"current_hp_per_floor":[70,63,63,63,63,51,28,28,28,28,28,28,11,11,47,34,70,66,66,65,65,47,70,57,57,57,47,47,47,38,34,70,38,70,62,58,80,80,80,80,80,61,61,51,51,20,15,15,54,33,80,80,80,60,0,0],"gold":76,"neow_bonus":"THREE_ENEMY_KILL","is_daily":false,"chose_seed":false,"campfire_upgraded":2,"win_rate":0.0,"timestamp":1613307680,"path_taken":["M","?","?","M","?","E","M","R","T","?","$","M","E","?","R","BOSS","M","$","M","?","M","R","E","M","T","M","?","M","?","M","R","BOSS","M","M","?","M","$","E","R","M","T","?","?","M","M","?","R","BOSS","R","$","E","BOSS"],"items_purchased_type":["Card","Relic","Relic","Relic","Potion","Card"],"build_version":"2020-12-22","purchased_purges":3,"victory":false,"max_hp_per_floor":[70,70,70,70,70,70,70,70,70,70,70,70,70,70,70,70,70,70,70,70,70,70,70,70,70,70,70,70,70,70,70,70,70,70,70,70,80,80,80,80,80,80,80,80,80,80,80,80,80,80,80,80,80,80,80,80],"card_choices":[{"not_picked":["Runesmith:CraftMagma","Runesmith:Prism"],"picked":"Runesmith:MakeshiftArmor","floor":1},{"not_picked":["Runesmith:RuneHurl","Runesmith:CraftIncendium"],"picked":"Runesmith:NanitesCloud","floor":4},{"not_picked":["Runesmith:HeatExchange","Runesmith:ChargedHammer"],"picked":"Runesmith:OneForEveryone","floor":5},{"not_picked":["Runesmith:Superposition","Runesmith:BackupBattery"],"picked":"Runesmith:FissionHammer","floor":6},{"not_picked":["Runesmith:UnstableHammer","Runesmith:Electrocute"],"picked":"Runesmith:ShiftingStrike","floor":7},{"not_picked":["Runesmith:Overpower","Runesmith:CraftMagma","Runesmith:CraftReservo"],"picked":"SKIP","floor":10},{"not_picked":["Runesmith:Retool","Runesmith:EarthShield"],"picked":"Runesmith:DoubleUp","floor":12},{"not_picked":["Runesmith:CraftMagma","Runesmith:Firestorm"],"picked":"Runesmith:DoubleUp","floor":13},{"not_picked":["Runesmith:StaticCage","Runesmith:BackupBattery"],"picked":"Runesmith:ChiselStab","floor":15},{"not_picked":["Runesmith:LastStand","Runesmith:UnlimitedPower"],"picked":"Runesmith:FissionHammer","floor":16},{"not_picked":["Runesmith:HammerAndChisel","Runesmith:MakeshiftArmor"],"picked":"Runesmith:Malloc+1","floor":18},{"not_picked":["Runesmith:ShiftingStrike","Runesmith:Overpower"],"picked":"Runesmith:Firewall","floor":20},{"not_picked":["Runesmith:HeatExchange","Runesmith:EarthShield"],"picked":"Runesmith:Refine","floor":22},{"not_picked":["Runesmith:FieryHammer","Runesmith:MakeshiftArmor+1"],"picked":"Runesmith:Retool","floor":24},{"not_picked":["Runesmith:RuneHurl","Runesmith:HeatExchange"],"picked":"Runesmith:Grindstone","floor":25},{"not_picked":["Runesmith:HeatExchange","Runesmith:CraftProtectio"],"picked":"Runesmith:StaticCage+1","floor":27},{"not_picked":["Runesmith:Malloc","Runesmith:Superposition+1"],"picked":"Runesmith:CraftIncendium+1","floor":29},{"not_picked":["Runesmith:Attraction","Runesmith:Overpower","Runesmith:CraftProtectio+1"],"picked":"SKIP","floor":30},{"not_picked":["Runesmith:Repurpose","Runesmith:Attraction"],"picked":"Runesmith:RunicBlueprint","floor":31},{"not_picked":["Runesmith:ElementalConversion","Runesmith:BackupBattery+1"],"picked":"Runesmith:HeatedChisel","floor":32},{"not_picked":["Runesmith:ArcReactor","Runesmith:LastStand"],"picked":"Runesmith:Duplicate","floor":33},{"not_picked":["Runesmith:Augment","Runesmith:NegativeSpace"],"picked":"Runesmith:EnergizedChisel+1","floor":35},{"not_picked":["Runesmith:EnergizedChisel","Runesmith:Repurpose"],"picked":"Runesmith:CraftMagma+1","floor":36},{"not_picked":["Runesmith:HammerThrow","Runesmith:CraftMedicinae"],"picked":"Runesmith:CraftMagma","floor":38},{"not_picked":["Runesmith:BackupBattery","Runesmith:HeatExchange"],"picked":"Runesmith:GoWithTheFlow+1","floor":40},{"not_picked":["Runesmith:CraftProtectio+1","Runesmith:ChiselStab"],"picked":"Runesmith:EnergizedChisel+1","floor":42},{"not_picked":["Runesmith:NegativeSpace+1","Runesmith:HeatedChisel"],"picked":"Runesmith:GoWithTheFlow+1","floor":44},{"not_picked":["Runesmith:ShiftingStrike+1","Runesmith:CraftMagma","Runesmith:UnstableHammer"],"picked":"SKIP","floor":46},{"not_picked":["Runesmith:HeatExchange","Runesmith:MakeshiftArmor+1"],"picked":"Runesmith:RuneHurl","floor":47},{"not_picked":["Runesmith:StaticCage","Runesmith:EarthShield"],"picked":"Runesmith:FissionHammer","floor":49},{"not_picked":["Runesmith:Superposition","Runesmith:Empowerment+1"],"picked":"Runesmith:Supernova","floor":54}],"player_experience":126200,"relics_obtained":[{"floor":6,"key":"HornCleat"},{"floor":9,"key":"Dream Catcher"},{"floor":13,"key":"HollowMod:PaleOreRelic"},{"floor":24,"key":"CaptainsWheel"},{"floor":26,"key":"Girya"},{"floor":34,"key":"Bag of Marbles"},{"floor":34,"key":"construct:FoamFinger"},{"floor":34,"key":"Pocketwatch"},{"floor":40,"key":"Bottled Lightning"},{"floor":45,"key":"InkBottle"},{"floor":54,"key":"Bronze Scales"}],"event_choices":[{"cards_removed":["Runesmith:Defend_RS"],"damage_healed":0,"gold_gain":0,"player_choice":"Card Removal","damage_taken":7,"max_hp_gain":0,"max_hp_loss":0,"event_name":"Golden Wing","floor":2,"gold_loss":0},{"damage_healed":0,"gold_gain":100,"player_choice":"Pray","damage_taken":0,"max_hp_gain":0,"max_hp_loss":0,"event_name":"Golden Shrine","floor":3,"gold_loss":0},{"damage_healed":0,"gold_gain":30,"player_choice":"Searched \u00271\u0027 times","damage_taken":0,"max_hp_gain":0,"max_hp_loss":0,"event_name":"Dead Adventurer","floor":14,"gold_loss":0},{"damage_healed":0,"gold_gain":0,"player_choice":"Opened","damage_taken":0,"relics_obtained":["Orichalcum"],"max_hp_gain":0,"max_hp_loss":0,"event_name":"The Mausoleum","floor":21,"gold_loss":0},{"damage_healed":0,"gold_gain":100,"player_choice":"Bet on Murderer","damage_taken":0,"max_hp_gain":0,"max_hp_loss":0,"event_name":"The Joust","floor":28,"gold_loss":50},{"cards_removed":["Runesmith:Duplicate"],"damage_healed":12,"gold_gain":0,"player_choice":"Offered Rare","damage_taken":0,"max_hp_gain":10,"max_hp_loss":0,"event_name":"Bonfire Elementals","floor":37,"gold_loss":0},{"cards_removed":["Runesmith:RunicBlueprint"],"damage_healed":0,"gold_gain":0,"player_choice":"Removed Skill","damage_taken":0,"max_hp_gain":0,"max_hp_loss":0,"event_name":"Falling","floor":48,"gold_loss":0}],"is_beta":false,"boss_relics":[{"not_picked":["Sozu","Busted Crown"],"picked":"Philosopher\u0027s Stone"},{"not_picked":["Runic Dome","Tiny House"],"picked":"Calling Bell"}],"items_purged_floors":[11,19,39],"is_endless":false,"potions_floor_spawned":[4,6,16,22,27,29,30,36,38,47],"killed_by":"The Heart","ascension_level":0}}