{"host":"krw8kyiy0um8ye49","time":1613296976,"event":{"mods":["BaseMod","Minty Spire (QoL Compilation)","StSLib"],"gold_per_floor":[112,112,131,306,320,320,351,365,365,365,365,397,24,43,43,139,139,139],"floor_reached":17,"language":"ENG","playtime":888,"items_purged":[],"score":167,"play_id":"02b917f2-569d-4b44-ab8a-039223c5110d","local_time":"20210214110256","is_ascension_mode":false,"campfire_choices":[{"data":"BattleHymn","floor":6,"key":"SMITH"},{"data":"Eruption","floor":15,"key":"SMITH"}],"circlet_count":0,"master_deck":["Strike_P","Strike_P","Defend_P","Defend_P","Defend_P","Defend_P","Eruption+1","Vigilance","Evaluate","BattleHymn+1","Doubt","FlurryOfBlows","FearNoEvil","InnerPeace","Halt","Scrawl"],"relics":["PureWater","NeowsBlessing","Frozen Egg 2","The Courier","Pear","Pen Nib","Membership Card","Letter Opener","Turnip","Empty Cage"],"acts_visited":["Exordium","TheCity"],"potions_floor_usage":[7,11,12,16],"damage_taken":[{"damage":0,"enemies":"Small Slimes","floor":1,"turns":1},{"damage":0,"enemies":"Cultist","floor":3,"turns":1},{"damage":0,"enemies":"Jaw Worm","floor":5,"turns":1},{"damage":17,"enemies":"3 Sentries","floor":7,"turns":5},{"damage":6,"enemies":"Exordium Wildlife","floor":8,"turns":3},{"damage":0,"enemies":"Lots of Slimes","floor":11,"turns":1},{"damage":2,"enemies":"Lagavulin","floor":12,"turns":4},{"damage":10,"enemies":"2 Fungi Beasts","floor":14,"turns":3},{"damage":23,"enemies":"The Guardian","floor":16,"turns":8}],"seed_played":"-1659742020167721682","potions_obtained":[{"floor":2,"key":"SmokeBomb"},{"floor":2,"key":"LiquidMemories"},{"floor":2,"key":"Explosive Potion"},{"floor":8,"key":"StancePotion"},{"floor":14,"key":"SteroidPotion"},{"floor":16,"key":"Block Potion"}],"is_trial":false,"path_per_floor":["M","?","M","?","M","R","E","M","T","T","M","E","$","M","R","B",null],"character_chosen":"WATCHER","items_purchased":["Membership Card","Letter Opener","Turnip","InnerPeace"],"campfire_rested":0,"item_purchase_floors":[13,13,13,13],"current_hp_per_floor":[72,72,72,72,72,72,55,49,49,59,59,57,57,47,47,24,82,82],"gold":139,"neow_bonus":"THREE_ENEMY_KILL","is_daily":false,"chose_seed":false,"campfire_upgraded":2,"win_rate":0.0,"timestamp":1613296976,"path_taken":["M","?","?","?","M","R","E","M","T","?","?","E","$","M","R","BOSS"],"items_purchased_type":["Relic","Relic","Relic","Card"],"build_version":"2020-12-22","purchased_purges":0,"victory":false,"max_hp_per_floor":[72,72,72,72,72,72,72,72,72,82,82,82,82,82,82,82,82,82],"card_choices":[{"not_picked":["ClearTheMind","FlurryOfBlows"],"picked":"Evaluate","floor":1},{"not_picked":["FlurryOfBlows","FlyingSleeves"],"picked":"BattleHymn","floor":3},{"not_picked":["Protect","Perseverance"],"picked":"FlurryOfBlows","floor":5},{"not_picked":["ThirdEye","SignatureMove"],"picked":"FearNoEvil","floor":7},{"not_picked":["ConjureBlade","CutThroughFate","FollowUp"],"picked":"SKIP","floor":8},{"not_picked":["PathToVictory","Weave","FlurryOfBlows"],"picked":"SKIP","floor":12},{"not_picked":["FollowUp","Evaluate"],"picked":"Halt","floor":14},{"not_picked":["Omniscience","Vault"],"picked":"Scrawl","floor":16}],"player_experience":171105,"relics_obtained":[{"floor":7,"key":"Frozen Egg 2"},{"floor":9,"key":"The Courier"},{"floor":10,"key":"Pear"},{"floor":12,"key":"Pen Nib"}],"event_choices":[{"damage_healed":0,"gold_gain":0,"player_choice":"Got Potions","damage_taken":0,"max_hp_gain":0,"max_hp_loss":0,"event_name":"Lab","floor":2,"gold_loss":0},{"damage_healed":0,"gold_gain":175,"player_choice":"AGREE","damage_taken":0,"max_hp_gain":0,"max_hp_loss":0,"event_name":"Liars Game","floor":4,"gold_loss":0,"cards_obtained":["Doubt"]}],"is_beta":false,"boss_relics":[{"not_picked":["Runic Pyramid","Philosopher\u0027s Stone"],"picked":"Empty Cage"}],"items_purged_floors":[],"is_endless":false,"potions_floor_spawned":[3,5,8,14,16],"ascension_level":0}}