{"host":"a3gu5zu37ht99mpa","time":1613323437,"event":{"mods":["100% Spire Juice","Act Like it!","Arknights","BaseMod","Better Silent Start","BetterRewards","Conspire","Downfall","Energized Spire","GifTheSpireLib","Gold Saver","Halation","Minty Spire (QoL Compilation)","Prisma Mod","Robot Space Explorer","Shop Mod","StSLib","Stuff the Spire","The Servant 0.9.4","Virulent Crown","Wandering Minibosses","yUi"],"gold_per_floor":[1037,1037,551,551,576,587,587,604,616,651,651,661,361,361,375,480,480,480,499,499,417,209,243,269,283,283,283,302,302,302,317,331,331,331,331],"floor_reached":33,"language":"ENG","playtime":1577,"items_purged":[],"score":290,"play_id":"ab846cca-53f7-45c5-9b7c-b4a239b8c1aa","local_time":"20210214122357","is_ascension_mode":false,"campfire_choices":[{"floor":1,"key":"RECALL"},{"data":"bronze:Replicate","floor":13,"key":"SMITH"},{"data":"bronze:AlphaBuild","floor":18,"key":"SMITH"},{"data":"StuffTheSpire:WarGroove","floor":30,"key":"SMITH"}],"circlet_count":0,"master_deck":["bronze:Defend","bronze:Defend","bronze:Defend","bronze:Defend","bronze:Replicate+1","bronze:Goto","bronze:Overheat","bronze:Repulsor+1","bronze:ChosenStrike","Regret","bronze:DelayedGuard+1","bronze:CutThrough","bronze:OilSpill","bronze:OilSpill","bronze:DelayedGuard+1","Parasite","bronze:BitShift","bronze:AlphaBuild+1","bronze:Return","bronze:Branch+1","bronze:MaxOutput+1","StuffTheSpire:Perfection","bronze:Iterate+1","bronze:Iterate+1","Bite+1","Bite+1","Bite+1","Bite+1","Bite+1","StuffTheSpire:WarGroove+1","bronze:ThunderWave+1","bronze:Flail+1","bronze:Iterate+1"],"relics":["bronze:BronzeCore","halation:EternalFortune","halation:LostSnail","Bottled Flame","StuffTheSpire:RedRose","Incense Burner","Frozen Egg 2","halation:PinkSoulGem","downfall:HeartBlessingRed","downfall:HeartBlessingGreen","downfall:HeartBlessingBlue","SlaversCollar","Molten Egg 2","Centennial Puzzle","Ornamental Fan"],"acts_visited":["Exordium","TheCity"],"potions_floor_usage":[19,19,23,33],"damage_taken":[{"damage":0,"enemies":"downfall:FleeingMerchant","floor":3,"turns":4},{"damage":4,"enemies":"Small Slimes","floor":6,"turns":5},{"damage":14,"enemies":"conspire:RoseBush","floor":8,"turns":2},{"damage":7,"enemies":"ats:Genji","floor":9,"turns":3},{"damage":30,"enemies":"3 Sentries","floor":10,"turns":8},{"damage":7,"enemies":"Blue Slaver","floor":12,"turns":5},{"damage":1,"enemies":"3 Louse","floor":15,"turns":2},{"damage":8,"enemies":"SI_SHIV_ARCHETYPE","floor":16,"turns":6},{"damage":4,"enemies":"Spheric Guardian","floor":19,"turns":3},{"damage":4,"enemies":"downfall:FleeingMerchant","floor":21,"turns":4},{"damage":32,"enemies":"Slavers","floor":23,"turns":6},{"damage":7,"enemies":"Shell Parasite","floor":25,"turns":4},{"damage":6,"enemies":"Shelled Parasite and Fungi","floor":28,"turns":2},{"damage":1,"enemies":"3 Cultists","floor":31,"turns":3},{"damage":14,"enemies":"Centurion and Healer","floor":32,"turns":4},{"damage":32,"enemies":"IC_MUSHROOM_ARCHETYPE","floor":33,"turns":6}],"seed_played":"1597340219846588409","potions_obtained":[{"floor":8,"key":"conspire:TimeTravelPotion"},{"floor":9,"key":"Fire Potion"},{"floor":15,"key":"Fire Potion"},{"floor":25,"key":"Guardian:BlockOnCardUsePotion"},{"floor":28,"key":"FearPotion"},{"floor":31,"key":"Ancient Potion"}],"is_trial":false,"path_per_floor":["R","?","$","?","T","M","T","M","M","E","?","M","R","?","M","B",null,"R","M","?","$","?","E","T","M","?","?","M","T","R","M","M","B"],"character_chosen":"THE_AUTOMATON","items_purchased":["halation:LostSnail","Bottled Flame","bronze:Repulsor","bronze:ChosenStrike","bronze:MaxOutput+1"],"campfire_rested":0,"item_purchase_floors":[3,3,3,3,21],"current_hp_per_floor":[77,80,80,80,80,76,76,62,55,25,25,18,28,50,49,41,90,90,89,71,67,67,55,55,48,48,28,25,25,25,24,19,0,0,0],"gold":331,"neow_bonus":"TEN_PERCENT_HP_BONUS","is_daily":false,"chose_seed":false,"campfire_upgraded":3,"win_rate":0.0,"timestamp":1613323437,"path_taken":["R","?","$","?","?","M","T","M","M","E","?","?","R","?","M","BOSS","R","M","?","$","?","E","T","M","?","?","M","?","R","?","M","BOSS"],"items_purchased_type":["Relic","Relic","Card","Card","Card"],"build_version":"2020-12-22","purchased_purges":0,"victory":false,"max_hp_per_floor":[77,80,80,80,80,80,80,80,80,80,80,80,90,90,90,90,90,90,93,98,98,98,98,98,98,68,68,68,68,68,68,68,68,68,68],"card_choices":[{"not_picked":["bronze:Deprecate","bronze:BurnOut"],"picked":"bronze:Overheat","floor":3},{"not_picked":["bronze:WhirlingStrike","bronze:CutThrough"],"picked":"bronze:DelayedGuard","floor":6},{"not_picked":["bronze:FineTuning","bronze:ForceShield"],"picked":"bronze:CutThrough","floor":8},{"not_picked":["bronze:Turbo","bronze:WildBeam"],"picked":"bronze:OilSpill","floor":9},{"not_picked":["bronze:BurnOut","bronze:Overheat"],"picked":"bronze:OilSpill","floor":10},{"not_picked":["bronze:Shell","bronze:Invalidate"],"picked":"bronze:DelayedGuard","floor":12},{"not_picked":["bronze:WhirlingStrike","bronze:Iterate"],"picked":"bronze:BitShift","floor":15},{"not_picked":["bronze:ShipIt","bronze:HyperBeam"],"picked":"bronze:AlphaBuild","floor":16},{"not_picked":["bronze:BronzeArmor","bronze:Invalidate"],"picked":"bronze:Return","floor":19},{"not_picked":["bronze:Deprecate","bronze:Shell"],"picked":"bronze:Branch+1","floor":21},{"not_picked":["bronze:Turbo+1","bronze:DelayedGuard"],"picked":"bronze:Iterate+1","floor":23},{"not_picked":["bronze:DelayedGuard","bronze:WildBeam+1"],"picked":"bronze:Iterate+1","floor":25},{"not_picked":["bronze:FineTuning","bronze:Shield"],"picked":"bronze:ThunderWave+1","floor":28},{"not_picked":["bronze:BuggyMess","bronze:CloningBeam+1"],"picked":"bronze:Flail+1","floor":31},{"not_picked":["bronze:Deprecate","bronze:BuggyMess+1"],"picked":"bronze:Iterate+1","floor":32}],"player_experience":28354,"relics_obtained":[{"floor":7,"key":"Incense Burner"},{"floor":10,"key":"Frozen Egg 2"},{"floor":19,"key":"halation:EternalFortune"},{"floor":23,"key":"Molten Egg 2"},{"floor":24,"key":"Centennial Puzzle"},{"floor":29,"key":"Ornamental Fan"}],"event_choices":[{"damage_healed":22,"gold_gain":0,"player_choice":"Healed and dodged fight","damage_taken":0,"max_hp_gain":0,"max_hp_loss":0,"event_name":"Mushrooms","floor":14,"gold_loss":0,"cards_obtained":["Parasite"]},{"damage_healed":0,"gold_gain":0,"player_choice":"Became a vampire","damage_taken":0,"max_hp_gain":0,"max_hp_loss":30,"event_name":"Vampires","floor":26,"gold_loss":0,"cards_obtained":["Bite","Bite","Bite","Bite","Bite"]}],"is_beta":false,"boss_relics":[{"not_picked":["Sozu","conspire:RunicOctahedron"],"picked":"SlaversCollar"}],"items_purged_floors":[],"is_endless":false,"potions_floor_spawned":[8,9,15,25,28,31,32],"killed_by":"IC_MUSHROOM_ARCHETYPE","ascension_level":0}}