{"host":"8l1qb9w19kzm0lfc","time":1613322111,"event":{"mods":["2.2 Compatiblity","Abigail Mod","Act Like it!","Astrologer","Bard","BaseMod","Beaked The Cultist","CatGirl Mod","Chen","Colored Map","Conspire","Custom Start","Downfall","Duelist Mod","Gremlin Mod","HornydragonMod","Hubris","Infinite Spire","Jorbs\u0027s Wanderer Trilogy","Koishi","LagranYue(???·?)","Mad Scientist","Marisa????????","Minty Spire (QoL Compilation)","Pale of the Ancients","Reimu??????","Relic Sorter","Replay The Spire","Shop Mod","StSLib","SuperFastMode","The Administrix","The Animator","The Blackbeard","The Bug Knight","The Clintock","The Construct","The Cursed","The Elementalist","The Florist","The Gatherer","The Hayseed","The Hierophant","The Jungle","The Mystic","The Necromancer","The Poker Player","The Runesmith","The Saiyan","The Senshi","The Servant 0.9.4","The Spell Scribe","The Wild Card","The Witch"],"gold_per_floor":[99,116,165,175,175,75,99,118,133,158,158,184,21,55,69,171,171,71,86,104,114,114,126,173,184,21,36,36,36,36,62,73,177,177,77,97,117,117,44,73,96,31,48,48,48,82,94,19,45,57,57],"floor_reached":50,"language":"ENG","playtime":3501,"items_purged":["Slimebound:Defend_Slimebound","Slimebound:Strike_Slimebound","Slimebound:Strike_Slimebound"],"score":731,"play_id":"ba420604-d1df-417d-ae92-39be764b47c5","local_time":"20210214170151","is_ascension_mode":true,"campfire_choices":[{"floor":1,"key":"RECALL"},{"data":"Slimebound:Split","floor":6,"key":"SMITH"},{"data":"ReplayTheSpireMod:Chaos Vortex","floor":11,"key":"SMITH"},{"data":"Slimebound:LevelUp","floor":18,"key":"SMITH"},{"data":"Slimebound:Teamwork","floor":30,"key":"SMITH"},{"data":"Slimebound:LeadByExample","floor":35,"key":"SMITH"},{"data":"Slimebound:OneTwoCombo","floor":44,"key":"SMITH"}],"circlet_count":0,"master_deck":["Slimebound:Split+1","Slimebound:Tackle","Slimebound:Defend_Slimebound","Slimebound:Defend_Slimebound","Slimebound:Defend_Slimebound","Slimebound:Split+1","Slimebound:CorrosiveSpit","Slimebound:RallyTheTroops","Slimebound:SplitLeeching","Slimebound:PressTheAttack","ReplayTheSpireMod:Chaos Vortex+1","Pot Of Greed","Pot Of Greed","Slimebound:LeadByExample+1","Slimebound:LevelUp+1","Slimebound:Darklings","Slimebound:MassRepurpose+1","Slimebound:Teamwork+1","Slimebound:AcidTongue","Slimebound:MinionMaster","ReplayTheSpireMod:IOU","Slimebound:OneTwoCombo+1","Pot Of Greed","hubris:EnhanceAbility","Slimebound:LevelUp"],"relics":["Slimebound:AbsorbEndCombatUpgraded","ReplayTheSpireMod:EnergyBall","Replay:Wax Seal","LagranYue:RandomDrawCardRelic","downfall:HeartBlessingRed","Grinning Jar","infinitespire:ShieldingShard","Smiling Mask","conspire:TopHat","Coffee Dripper","downfall:HeartBlessingGreen","Bag of Marbles","Du-Vu Doll","downfall:HeartBlessingBlue","Strawberry","Orichalcum","Lee\u0027s Waffle","Ancient Tea Set","Replay:Rubber Ducky","MawBank","conspire:InfiniteJournal"],"acts_visited":["Exordium","TheCity","TheBeyond"],"potions_floor_usage":[12,23,33,36,43,49],"damage_taken":[{"damage":0,"enemies":"Cultist","floor":2,"turns":4},{"damage":2,"enemies":"Jaw Worm","floor":4,"turns":3},{"damage":0,"enemies":"Small Slimes","floor":8,"turns":4},{"damage":16,"enemies":"Exordium Thugs","floor":9,"turns":5},{"damage":0,"enemies":"Lagavulin","floor":10,"turns":5},{"damage":0,"enemies":"3 Sentries","floor":12,"turns":5},{"damage":0,"enemies":"downfall:FleeingMerchant","floor":13,"turns":4},{"damage":0,"enemies":"Lagavulin","floor":14,"turns":5},{"damage":0,"enemies":"downfall:LooterAlt","floor":15,"turns":3},{"damage":8,"enemies":"WA_ARCHETYPE_RETAIN","floor":16,"turns":5},{"damage":0,"enemies":"Chosen","floor":19,"turns":3},{"damage":0,"enemies":"Spheric Guardian","floor":20,"turns":4},{"damage":0,"enemies":"Cultist and Chosen","floor":21,"turns":4},{"damage":14,"enemies":"Sentry and Sphere","floor":23,"turns":5},{"damage":0,"enemies":"Chosen and Byrds","floor":25,"turns":5},{"damage":0,"enemies":"downfall:FleeingMerchant","floor":26,"turns":4},{"damage":4,"enemies":"conspire:HollyBat","floor":27,"turns":5},{"damage":29,"enemies":"Nightmare","floor":31,"turns":7},{"damage":0,"enemies":"Centurion and Healer","floor":32,"turns":5},{"damage":35,"enemies":"DF_ARCHETYPE_CLAW","floor":33,"turns":8},{"damage":16,"enemies":"3 Darklings","floor":36,"turns":5},{"damage":3,"enemies":"Orb Walker","floor":37,"turns":4},{"damage":0,"enemies":"downfall:FleeingMerchant","floor":39,"turns":4},{"damage":17,"enemies":"Nemesis","floor":40,"turns":4},{"damage":0,"enemies":"Jaw Worm Horde","floor":43,"turns":4},{"damage":76,"enemies":"Reptomancer","floor":46,"turns":6},{"damage":0,"enemies":"Spire Growth","floor":48,"turns":5},{"damage":18,"enemies":"Jaw Worm Horde","floor":49,"turns":5},{"damage":32,"enemies":"SI_POISON_ARCHETYPE","floor":50,"turns":3}],"seed_played":"3027361579123274010","potions_obtained":[{"floor":2,"key":"Languid Potion"},{"floor":9,"key":"Explosive Potion"},{"floor":15,"key":"AttackPotion"},{"floor":20,"key":"Slimebound:SlimedPotion"},{"floor":31,"key":"Swift Potion"},{"floor":33,"key":"Energy Potion"},{"floor":36,"key":"ZuzhouPotion:ReiMu"},{"floor":43,"key":"Venom Potion"}],"is_trial":false,"path_per_floor":["R","M","T","M","?","R","T","M","M","E","R","E","$","E","M","B",null,"R","M","M","M","AVR","M","T","M","$","M","?","?","R","NM","M","B",null,"R","M","M","?","$","E","T","$","M","R","?","E","AVR","M","M","B"],"character_chosen":"SLIMEBOUND","items_purchased":["Slimebound:MassRepurpose","Bag of Marbles","Strawberry","Orichalcum","Lee\u0027s Waffle","hubris:EnhanceAbility"],"campfire_rested":0,"item_purchase_floors":[13,26,39,39,39,42],"current_hp_per_floor":[65,65,65,65,49,49,49,53,43,51,51,55,61,65,65,61,65,65,65,65,65,65,57,57,61,65,63,63,63,63,36,40,9,65,75,62,59,59,89,78,78,78,84,84,84,28,28,37,22,0,0],"gold":57,"neow_bonus":"ONE_RANDOM_RARE_CARD","is_daily":false,"chose_seed":false,"campfire_upgraded":6,"win_rate":0.0,"timestamp":1613322111,"path_taken":["R","M","?","M","?","R","T","M","M","E","R","E","?","E","M","BOSS","R","M","M","M","AVR","M","T","M","$","M","?","?","R","NM","M","BOSS","R","M","M","?","?","E","T","?","M","R","?","E","AVR","M","M","BOSS"],"items_purchased_type":["Card","Relic","Relic","Relic","Relic","Card"],"build_version":"2020-12-22","purchased_purges":3,"victory":false,"max_hp_per_floor":[65,65,65,65,65,65,65,65,65,65,65,65,65,65,65,65,65,65,65,65,65,65,65,65,65,65,65,65,65,65,65,65,65,65,75,75,75,75,89,89,89,89,89,89,89,89,89,89,89,89,89],"card_choices":[{"not_picked":["Slimebound:FinishingTackle","Slimebound:Schlurp"],"picked":"Slimebound:SplitLeeching","floor":2},{"not_picked":["Slimebound:SamplingLick","Slimebound:HauntingLick"],"picked":"Slimebound:PressTheAttack","floor":4},{"not_picked":["infinitespire:TheBestDefense","infinitespire:FinalStrike"],"picked":"ReplayTheSpireMod:Chaos Vortex","floor":5},{"not_picked":["Slimebound:FlameTackle","Slimebound:ComboTackle","Slimebound:ProtectTheBoss"],"picked":"SKIP","floor":8},{"not_picked":["Slimebound:DisruptingSlam","Slimebound:Schlurp"],"picked":"Slimebound:LeadByExample","floor":9},{"not_picked":["Slimebound:ProtectTheBoss","Slimebound:HauntingLick"],"picked":"Slimebound:LevelUp","floor":10},{"not_picked":["Slimebound:Recollect","Slimebound:HauntingLick","Slimebound:Nibble"],"picked":"SKIP","floor":12},{"not_picked":["Slimebound:GoopSpray","Slimebound:FormOfPuddle"],"picked":"Slimebound:Darklings","floor":13},{"not_picked":["Slimebound:ProtectTheBoss","Slimebound:PressTheAttack","Slimebound:SplitLeeching"],"picked":"SKIP","floor":14},{"not_picked":["Slimebound:Grow","Slimebound:Recycling","Slimebound:Gluttony"],"picked":"SKIP","floor":15},{"not_picked":["Slimebound:DuplicatedForm","Slimebound:PrepareCrush"],"picked":"Slimebound:Teamwork","floor":16},{"not_picked":["Slimebound:LeechEnergy","Slimebound:Gluttony","Slimebound:PressTheAttack+1"],"picked":"SKIP","floor":19},{"not_picked":["Slimebound:GoopTackle","Slimebound:LeechEnergy","Slimebound:FinishingTackle+1"],"picked":"SKIP","floor":20},{"not_picked":["Slimebound:ItLooksTasty","Slimebound:SplitAcid+1"],"picked":"Slimebound:AcidTongue","floor":21},{"not_picked":["Slimebound:LivingWall+1","Slimebound:FlameTackle","Slimebound:SplitAcid"],"picked":"SKIP","floor":23},{"not_picked":["Slimebound:LeechingTouch","Slimebound:SlimeSpikes","Slimebound:Recycling"],"picked":"SKIP","floor":25},{"not_picked":["Slimebound:ItLooksTasty","Slimebound:Replication","Slimebound:HauntingLick"],"picked":"SKIP","floor":26},{"not_picked":["Slimebound:LeechingTouch","Slimebound:ComboTackle","Slimebound:DivideAndConquer"],"picked":"SKIP","floor":27},{"not_picked":["Slimebound:LeechingTouch","Slimebound:MegaLick","Slimebound:HungryTackle"],"picked":"SKIP","floor":31},{"not_picked":["Slimebound:LeechEnergy","Slimebound:GoopTackle+1","Slimebound:ComboTackle"],"picked":"SKIP","floor":32},{"not_picked":["Slimebound:WasteNot","Slimebound:Recycling"],"picked":"Slimebound:MinionMaster","floor":33},{"not_picked":["Slimebound:SplitLeeching","Slimebound:AcidTongue","Slimebound:Recollect+1"],"picked":"SKIP","floor":36},{"not_picked":["Slimebound:ViciousTackle+1","Slimebound:HauntingLick","Slimebound:Equalize"],"picked":"SKIP","floor":37},{"not_picked":["Slimebound:SamplingLick+1","Slimebound:MegaLick","Slimebound:SplitAcid"],"picked":"SKIP","floor":39},{"not_picked":["Slimebound:ComboTackle+1","Slimebound:SplitMire+1"],"picked":"Slimebound:OneTwoCombo","floor":40},{"not_picked":["Slimebound:GoopSpray+1","Slimebound:ComboTackle","Slimebound:SplitAcid"],"picked":"SKIP","floor":43},{"not_picked":["Slimebound:GoopSpray+1","Slimebound:ComboTackle","Slimebound:SplitAcid"],"picked":"SKIP","floor":43},{"not_picked":["Slimebound:Prepare+1","Slimebound:GoopSpray+1"],"picked":"Slimebound:LevelUp","floor":46},{"not_picked":["Slimebound:Gluttony","Slimebound:Prepare+1","Slimebound:RejuvenatingLick+1"],"picked":"SKIP","floor":48},{"not_picked":["Slimebound:LeechEnergy","Slimebound:LeechingTouch","Slimebound:Prepare+1"],"picked":"SKIP","floor":49}],"player_experience":513412,"relics_obtained":[{"floor":3,"key":"Replay:Wax Seal"},{"floor":7,"key":"Grinning Jar"},{"floor":10,"key":"infinitespire:ShieldingShard"},{"floor":12,"key":"Smiling Mask"},{"floor":14,"key":"conspire:TopHat"},{"floor":31,"key":"Du-Vu Doll"},{"floor":40,"key":"Ancient Tea Set"},{"floor":41,"key":"Replay:Rubber Ducky"},{"floor":46,"key":"MawBank"}],"event_choices":[],"is_beta":false,"boss_relics":[{"not_picked":["hubris:Backtick","ReplayTheSpireMod:DimensionalGlitch"],"picked":"Coffee Dripper"},{"not_picked":["Ring of Chaos","Tiny House"],"picked":"Slimebound:AbsorbEndCombatUpgraded"}],"items_purged_floors":[22,39,47],"is_endless":false,"potions_floor_spawned":[2,9,15,20,21,31,33,36,43],"killed_by":"SI_POISON_ARCHETYPE","ascension_level":2}}