{"host":"96dqtlax74dz00hw","time":1613280597,"event":{"mods":["Bard","BaseMod","Better Altar","ChefMod","Colored Powertips","Downfall","Hermit","Minty Spire (QoL Compilation)","Permanent Neow","Rare Cards Sparkle","StSLib","The Cursed","The Disciple","The Edgeheg","The IronCluck","The Problem Sleuth"],"gold_per_floor":[113,128,128,143,157,157,190,190,190,190,204,240,264,264,264,264,264],"floor_reached":16,"language":"ENG","playtime":1759,"items_purged":[],"score":112,"play_id":"64e7da9b-c1b6-4dc4-9fca-f191e397e60d","local_time":"20210213212957","is_ascension_mode":false,"campfire_choices":[{"data":"hermit:GoldenBullet","floor":6,"key":"SMITH"},{"data":"hermit:Maintenance","floor":8,"key":"SMITH"},{"data":"hermit:Vantage","floor":10,"key":"SMITH"},{"data":"hermit:Shortfuse","floor":15,"key":"SMITH"}],"circlet_count":0,"master_deck":["hermit:Strike_Hermit","hermit:Strike_Hermit","hermit:Strike_Hermit","hermit:Strike_Hermit","hermit:Defend_Hermit","hermit:Defend_Hermit","hermit:Defend_Hermit","hermit:Defend_Hermit","hermit:Snapshot","hermit:Covet","hermit:GoldenBullet+1","hermit:Vantage+1","hermit:Glare","hermit:SprayPray","hermit:Maintenance+1","hermit:Ricochet","hermit:Shortfuse+1","Regret"],"relics":["hermit:Momento","Boot","Golden Idol","Blue Candle","Ornamental Fan","Strawberry","hermit:Spyglass"],"acts_visited":["Exordium"],"potions_floor_usage":[7,7,12,16],"damage_taken":[{"damage":0,"enemies":"Small Slimes","floor":1,"turns":3},{"damage":0,"enemies":"2 Louse","floor":2,"turns":3},{"damage":1,"enemies":"Cultist","floor":4,"turns":4},{"damage":0,"enemies":"3 Louse","floor":5,"turns":4},{"damage":17,"enemies":"3 Sentries","floor":7,"turns":6},{"damage":9,"enemies":"Gremlin Gang","floor":11,"turns":6},{"damage":8,"enemies":"Lagavulin","floor":12,"turns":7},{"damage":3,"enemies":"Exordium Wildlife","floor":13,"turns":2},{"damage":28,"enemies":"Slime Boss","floor":16,"turns":7}],"seed_played":"-8111112379656723229","potions_obtained":[{"floor":1,"key":"Explosive Potion"},{"floor":4,"key":"BlessingOfTheForge"},{"floor":11,"key":"SkillPotion"},{"floor":12,"key":"LiquidBronze"}],"is_trial":false,"path_per_floor":["M","M","?","M","M","R","E","R","T","R","M","E","M","?","R","B"],"character_chosen":"HERMIT","items_purchased":[],"campfire_rested":0,"item_purchase_floors":[],"current_hp_per_floor":[75,75,57,56,56,56,39,39,39,39,30,29,26,26,26,0,0],"gold":264,"neow_bonus":"RANDOM_COMMON_RELIC","is_daily":false,"chose_seed":false,"campfire_upgraded":4,"win_rate":0.0,"timestamp":1613280597,"path_taken":["M","M","?","M","M","R","E","R","T","R","M","E","M","?","R","BOSS"],"items_purchased_type":[],"build_version":"2020-12-22","purchased_purges":0,"victory":false,"max_hp_per_floor":[75,75,75,75,75,75,75,75,75,75,75,82,82,82,82,82,82],"card_choices":[{"not_picked":["hermit:Misfire","hermit:Horror"],"picked":"hermit:GoldenBullet","floor":1},{"not_picked":["hermit:FlashPowder","hermit:CalledShot"],"picked":"hermit:Vantage","floor":2},{"not_picked":["hermit:Roulette","hermit:Misfire"],"picked":"hermit:Glare","floor":4},{"not_picked":["hermit:EternalForm","hermit:LowProfile"],"picked":"hermit:SprayPray","floor":5},{"not_picked":["hermit:CalledShot","hermit:RoundhouseKick"],"picked":"hermit:Maintenance","floor":7},{"not_picked":["hermit:Virtue","hermit:LowProfile","hermit:Snipe"],"picked":"SKIP","floor":11},{"not_picked":["hermit:WideOpen","hermit:Glare"],"picked":"hermit:Ricochet","floor":12},{"not_picked":["hermit:Grudge","hermit:Coalescence"],"picked":"hermit:Shortfuse","floor":13}],"player_experience":913733,"relics_obtained":[{"floor":7,"key":"Blue Candle"},{"floor":9,"key":"Ornamental Fan"},{"floor":12,"key":"Strawberry"}],"event_choices":[{"damage_healed":0,"gold_gain":0,"player_choice":"Take Damage","damage_taken":18,"relics_obtained":["Golden Idol"],"max_hp_gain":0,"max_hp_loss":0,"event_name":"Golden Idol","floor":3,"gold_loss":0},{"damage_healed":0,"gold_gain":0,"player_choice":"Box","damage_taken":0,"relics_obtained":["hermit:Spyglass"],"max_hp_gain":0,"max_hp_loss":0,"event_name":"Big Fish","floor":14,"gold_loss":0,"cards_obtained":["Regret"]}],"is_beta":false,"boss_relics":[],"items_purged_floors":[],"is_endless":false,"potions_floor_spawned":[1,4,11,12],"killed_by":"Slime Boss","ascension_level":0}}