{"host":"3498uni0c31c9bdm","time":1613334207,"event":{"mods":["BaseMod","Better Match","Better Note","Better Sensory Stone","Better Skull","Better Third Choice","Colored Map","Minty Spire (QoL Compilation)","Quick Restart","RNG Fix","Random Character Button","Replay The Spire","Shop Mod","Smile Girya","StSLib","Unceasing Turn Reminder"],"gold_per_floor":[118,88,88,98,110,110,110,145,145,163,163,181,196,216,216,352,364,395,422,452,514,545,557,557],"floor_reached":23,"language":"ENG","playtime":1052,"items_purged":[],"score":305,"play_id":"1230b94a-f158-4fcc-a896-f6adfbb99f61","local_time":"20210215072327","is_ascension_mode":true,"campfire_choices":[{"data":"Armaments","floor":7,"key":"SMITH"},{"floor":11,"key":"RECALL"},{"floor":15,"key":"DIG"}],"circlet_count":0,"master_deck":["AscendersBane","Strike_R","Strike_R","Strike_R+1","Strike_R","Strike_R","Defend_R","Defend_R","Defend_R","Defend_R","Bash","Armaments+1","ReplayTheSpireMod:Stacked","Flame Barrier","Injury","ReplayTheSpireMod:Muscle Training","Metallicize","Ghostly Armor","Eclipse","Shockwave","Berserk","CurseOfTheBell","Fire Breathing","Sentinel","True Grit","Rampage"],"relics":["Burning Blood","NeowsBlessing","betterThird:SlimedRelic","Golden Idol","Orichalcum","MawBank","Calling Bell","Pen Nib","Sundial","Du-Vu Doll"],"acts_visited":["Exordium","TheCity"],"potions_floor_usage":[8,16,16,19],"damage_taken":[{"damage":0,"enemies":"Cultist","floor":1,"turns":1},{"damage":0,"enemies":"Jaw Worm","floor":4,"turns":1},{"damage":0,"enemies":"Small Slimes","floor":5,"turns":2},{"damage":35,"enemies":"3 Sentries","floor":8,"turns":19},{"damage":1,"enemies":"Looter","floor":10,"turns":5},{"damage":17,"enemies":"Exordium Wildlife","floor":12,"turns":7},{"damage":0,"enemies":"Blue Slaver","floor":13,"turns":7},{"damage":2,"enemies":"3 Louse","floor":14,"turns":6},{"damage":57,"enemies":"Fading Forest","floor":16,"turns":11},{"damage":15,"enemies":"Chosen","floor":18,"turns":7},{"damage":11,"enemies":"3 Byrds","floor":19,"turns":6},{"damage":2,"enemies":"Cultist and Chosen","floor":20,"turns":4},{"damage":12,"enemies":"Centurion and Healer","floor":22,"turns":11},{"damage":47,"enemies":"Chosen and Byrds","floor":23,"turns":6}],"seed_played":"-5058914940354428616","potions_obtained":[{"floor":1,"key":"Explosive Potion"},{"floor":12,"key":"DistilledChaos"},{"floor":14,"key":"CultistPotion"},{"floor":18,"key":"Explosive Potion"},{"floor":22,"key":"Ancient Potion"}],"is_trial":false,"path_per_floor":["M","?","?","M","M","?","R","E","T","M","R","M","M","M","R_BF","B",null,"M","M","M","?","M","M"],"character_chosen":"IRONCLAD","items_purchased":[],"campfire_rested":0,"item_purchase_floors":[],"current_hp_per_floor":[78,67,67,73,79,79,79,50,50,55,55,44,50,54,54,11,63,54,49,53,53,47,0,0],"gold":557,"neow_bonus":"THREE_ENEMY_KILL","is_daily":false,"chose_seed":false,"campfire_upgraded":1,"win_rate":0.0,"timestamp":1613334207,"path_taken":["M","?","?","M","M","?","R","E","T","M","R","M","M","M","R_BF","BOSS","M","M","?","?","M","?"],"items_purchased_type":[],"build_version":"2020-12-22","purchased_purges":0,"victory":false,"max_hp_per_floor":[80,80,80,80,80,80,80,80,80,80,80,80,80,80,80,80,80,80,80,80,80,80,80,80],"card_choices":[{"not_picked":["True Grit","Reckless Charge"],"picked":"Armaments","floor":1},{"not_picked":["True Grit","ReplayReversal"],"picked":"ReplayTheSpireMod:Stacked","floor":4},{"not_picked":["Cleave","Intimidate"],"picked":"Flame Barrier","floor":5},{"not_picked":["Second Wind","Blood for Blood"],"picked":"ReplayTheSpireMod:Muscle Training","floor":8},{"not_picked":["ReplayTheSpireMod:Strike From Hell","Rage"],"picked":"Metallicize","floor":10},{"not_picked":["Warcry","Massacre"],"picked":"Ghostly Armor","floor":12},{"not_picked":["Warcry","Spot Weakness"],"picked":"Eclipse","floor":13},{"not_picked":["Shrug It Off","Whirlwind"],"picked":"Shockwave","floor":14},{"not_picked":["Eclipse","Replay:Many Hands"],"picked":"Berserk","floor":16},{"not_picked":["Body Slam","Pommel Strike"],"picked":"Fire Breathing","floor":18},{"not_picked":["Havoc","Second Wind"],"picked":"Sentinel","floor":19},{"not_picked":["Reckless Charge+1","Shockwave"],"picked":"True Grit","floor":20},{"not_picked":["Cleave","Ghostly Armor+1"],"picked":"Rampage","floor":22}],"player_experience":906532,"relics_obtained":[{"floor":8,"key":"Orichalcum"},{"floor":15,"key":"MawBank"},{"floor":17,"key":"Pen Nib"},{"floor":17,"key":"Sundial"},{"floor":17,"key":"Du-Vu Doll"}],"event_choices":[{"damage_healed":0,"gold_gain":0,"player_choice":"Slimed","damage_taken":11,"max_hp_gain":0,"max_hp_loss":0,"event_name":"betterThird:BetterGoop","floor":2,"gold_loss":30},{"damage_healed":0,"gold_gain":0,"player_choice":"Take Wound","damage_taken":0,"relics_obtained":["Golden Idol"],"max_hp_gain":0,"max_hp_loss":0,"event_name":"Golden Idol","floor":6,"gold_loss":0,"cards_obtained":["Injury"]},{"damage_healed":0,"gold_gain":100,"player_choice":"Bet on Murderer","damage_taken":0,"max_hp_gain":0,"max_hp_loss":0,"event_name":"The Joust","floor":21,"gold_loss":50}],"is_beta":false,"boss_relics":[{"not_picked":["ReplayTheSpireMod:DimensionalGlitch","Runic Dome"],"picked":"Calling Bell"}],"items_purged_floors":[],"is_endless":false,"potions_floor_spawned":[1,12,14,18,22],"killed_by":"Chosen and Byrds","ascension_level":11}}