{"host":"farxtl2u8hmkbdo2","time":1613345156,"event":{"mods":["A Magickal Journey","BaseMod","Better Altar","Better Note","Better Sensory Stone","Better Skull","Better Third Choice","Challenge The Spire","Colored Map","Colored Powertips","Current Relic Mod","Downfall","Energized Spire","Fox Events","Gremlin Mod","Hermit","Hubris","Mimic Mod","Minty Spire (QoL Compilation)","Quick Restart","READ ME - Guardian Mod","Rare Cards Sparkle","StSLib","The Bladedancer","The Bug Knight","The Cursed","The Disciple","The Hierophant","The Marked","The Necromancer","The Runesmith","Transform Curses"],"gold_per_floor":[99,116,116,132,132,158,184,184,334,334,334,360,376,388,408,408,408],"floor_reached":16,"language":"SPA","playtime":747,"items_purged":[],"score":121,"play_id":"96197a8d-5677-4bf3-8f45-2a46cf906ba1","local_time":"20210214202556","is_ascension_mode":true,"campfire_choices":[{"data":"bronze:Replicate","floor":1.0,"key":"SMITH"},{"data":"Secret Technique","floor":11.0,"key":"SMITH"}],"circlet_count":0,"master_deck":["bronze:Strike","bronze:Strike","bronze:Strike+1","bronze:Strike","bronze:Defend+1","bronze:Defend","bronze:Defend","bronze:Defend","bronze:Replicate+1","bronze:Goto","Secret Technique+1","bronze:Safeguard+1","bronze:FollowUp","bronze:WhirlingStrike","downfall:Malfunctioning","bronze:MaxOutput","bronze:WhirlingStrike","bronze:InfiniteLoop","bronze:Boost","bronze:InfiniteBeams","bronze:BronzeOrb"],"relics":["bronze:BronzeCore","PreservedInsect","Darkstone Periapt"],"acts_visited":["Exordium"],"potions_floor_usage":[15,15,16],"damage_taken":[{"damage":9.0,"enemies":"2 Louse","floor":2.0,"turns":3.0},{"damage":0.0,"enemies":"Small Slimes","floor":4.0,"turns":2.0},{"damage":6.0,"enemies":"Gremlin Nob","floor":6.0,"turns":5.0},{"damage":0.0,"enemies":"Cultist","floor":10.0,"turns":1.0},{"damage":12.0,"enemies":"3 Sentries","floor":12.0,"turns":5.0},{"damage":8.0,"enemies":"Large Slime","floor":13.0,"turns":4.0},{"damage":3.0,"enemies":"2 Fungi Beasts","floor":14.0,"turns":3.0},{"damage":4,"enemies":"3 Louse","floor":15,"turns":3},{"damage":9,"enemies":"SI_SHIV_ARCHETYPE","floor":16,"turns":7}],"seed_played":"8251630926090329600","potions_obtained":[{"floor":12.0,"key":"bronze:CleanCodePotion"},{"floor":13.0,"key":"Strength Potion"},{"floor":14.0,"key":"EssenceOfSteel"},{"floor":15,"key":"EssenceOfSteel"}],"is_trial":false,"path_per_floor":["R","M","?","M","?","E","T","?","?","M","R","E","M","M","M","B"],"character_chosen":"THE_AUTOMATON","items_purchased":[],"campfire_rested":0,"item_purchase_floors":[],"current_hp_per_floor":[49,40,40,40,40,34,34,34,34,34,34,22,14,11,7,0,0],"gold":408,"neow_bonus":"RANDOM_COLORLESS_2","is_daily":false,"chose_seed":false,"campfire_upgraded":2,"win_rate":0.0,"timestamp":1613345156,"path_taken":["R","M","?","M","?","E","T","?","?","M","R","E","M","?","M","BOSS"],"items_purchased_type":[],"build_version":"2020-12-22","purchased_purges":0,"victory":false,"max_hp_per_floor":[70,70,70,70,70,70,70,70,70,70,70,70,70,70,70,70,70],"card_choices":[{"not_picked":["Magnetism","The Bomb"],"picked":"Secret Technique","floor":0.0},{"not_picked":["bronze:Overheat","bronze:Invalidate"],"picked":"bronze:Safeguard","floor":2.0},{"not_picked":["bronze:BuggyMess","bronze:Frontload"],"picked":"bronze:WhirlingStrike","floor":4.0},{"not_picked":["bronze:CutThrough","bronze:Constructor"],"picked":"bronze:MaxOutput","floor":6.0},{"not_picked":["bronze:WildBeam","bronze:BitShift"],"picked":"bronze:WhirlingStrike","floor":10.0},{"not_picked":["bronze:Refactor","bronze:Repulsor"],"picked":"bronze:InfiniteLoop","floor":12.0},{"not_picked":["bronze:Allocate","bronze:FineTuning"],"picked":"bronze:Boost","floor":13.0},{"not_picked":["bronze:Overheat","bronze:Constructor"],"picked":"bronze:InfiniteBeams","floor":14.0},{"not_picked":["bronze:Optimize","bronze:Safeguard"],"picked":"bronze:BronzeOrb","floor":15}],"player_experience":2233233,"relics_obtained":[{"floor":6.0,"key":"Question Card"},{"floor":7.0,"key":"PreservedInsect"},{"floor":12.0,"key":"Darkstone Periapt"}],"event_choices":[],"is_beta":false,"boss_relics":[],"items_purged_floors":[],"is_endless":false,"potions_floor_spawned":[12,13,14,15],"killed_by":"SI_SHIV_ARCHETYPE","ascension_level":2}}