{"host":"08xvxt5w1s7zc7e5","time":1613280664,"event":{"mods":["AchievementEnabler","BaseMod","DeckTracker","Minty Spire (QoL Compilation)","Quick Restart","StSLib","SuperFastMode"],"gold_per_floor":[118,132,132,132,30,30,49,49,49,74,50,50,50,125,125,223,223,234,250,111,210,226,256,275,275,349,349,349,349],"floor_reached":28,"language":"KOR","playtime":817,"items_purged":["Strike_G"],"score":281,"play_id":"b7a91ca4-f18b-45f2-8b5f-f4223e27b5ee","local_time":"20210214143104","is_ascension_mode":true,"campfire_choices":[{"data":"Footwork","floor":6,"key":"SMITH"},{"data":"Catalyst","floor":8,"key":"SMITH"},{"data":"Neutralize","floor":12,"key":"SMITH"},{"floor":15,"key":"REST"},{"data":"Calculated Gamble","floor":25,"key":"SMITH"},{"data":"Adrenaline","floor":27,"key":"SMITH"}],"circlet_count":0,"master_deck":["Strike_G+1","Strike_G","Strike_G","Strike_G","Defend_G","Defend_G","Defend_G","Defend_G","Defend_G","Survivor","Neutralize+1","Corpse Explosion+1","Poisoned Stab","Footwork+1","PiercingWail","Catalyst+1","Acrobatics","Adrenaline+1","Backflip","Acrobatics","Backflip","Dark Shackles","Calculated Gamble+1","Prepared"],"relics":["Ring of the Snake","Darkstone Periapt","Mummified Hand","HoveringKite","Ginger","Frozen Egg 2"],"acts_visited":["Exordium","TheCity"],"potions_floor_usage":[10,16,22],"damage_taken":[{"damage":0,"enemies":"2 Louse","floor":1,"turns":2},{"damage":0,"enemies":"Small Slimes","floor":2,"turns":3},{"damage":0,"enemies":"Jaw Worm","floor":7,"turns":4},{"damage":26,"enemies":"Lagavulin","floor":10,"turns":12},{"damage":6,"enemies":"The Guardian","floor":16,"turns":8},{"damage":11,"enemies":"Shell Parasite","floor":18,"turns":6},{"damage":4,"enemies":"Spheric Guardian","floor":19,"turns":6},{"damage":12,"enemies":"Snake Plant","floor":22,"turns":5},{"damage":12,"enemies":"Book of Stabbing","floor":23,"turns":6},{"damage":13,"enemies":"Snecko","floor":24,"turns":5},{"damage":17,"enemies":"Gremlin Leader","floor":28,"turns":7}],"seed_played":"4468154315501428687","potions_obtained":[{"floor":2,"key":"Swift Potion"},{"floor":7,"key":"CunningPotion"},{"floor":19,"key":"AttackPotion"},{"floor":24,"key":"DuplicationPotion"}],"is_trial":false,"path_per_floor":["M","M","?","?","$","R","M","R","T","E","$","R","$","?","R","B",null,"M","M","$","?","M","E","M","R","T","R","E"],"character_chosen":"THE_SILENT","items_purchased":["PiercingWail","Acrobatics","Backflip","Dark Shackles"],"campfire_rested":1,"item_purchase_floors":[5,11,20,20],"current_hp_per_floor":[63,63,68,54,54,54,54,54,54,28,28,28,28,17,37,31,68,57,53,53,53,41,29,16,16,16,16,0,0],"gold":349,"neow_bonus":"THREE_RARE_CARDS","is_daily":false,"chose_seed":false,"campfire_upgraded":5,"win_rate":0.0,"timestamp":1613280664,"path_taken":["M","M","?","?","$","R","M","R","T","E","$","R","$","?","R","BOSS","M","M","$","?","M","E","M","R","T","R","E"],"items_purchased_type":["Card","Card","Card","Card"],"build_version":"2020-12-22","purchased_purges":1,"victory":false,"max_hp_per_floor":[63,63,68,68,68,68,68,68,68,68,68,68,68,68,68,68,68,68,68,68,68,68,68,68,68,68,68,68,68],"card_choices":[{"not_picked":["Malaise","Night Terror"],"picked":"Corpse Explosion","floor":0},{"not_picked":["Endless Agony","Outmaneuver"],"picked":"Poisoned Stab","floor":1},{"not_picked":["Dagger Throw","Acrobatics"],"picked":"Footwork","floor":2},{"not_picked":["Finisher","Deflect"],"picked":"Catalyst","floor":7},{"not_picked":["A Thousand Cuts","Quick Slash","Backstab"],"picked":"SKIP","floor":10},{"not_picked":["Tools of the Trade","Corpse Explosion"],"picked":"Adrenaline","floor":16},{"not_picked":["Underhanded Strike","Predator"],"picked":"Backflip","floor":18},{"not_picked":["Prepared","Outmaneuver"],"picked":"Acrobatics","floor":19},{"not_picked":["Deadly Poison","Reflex"],"picked":"Calculated Gamble","floor":22},{"not_picked":["Expertise+1","All Out Attack+1","Unload"],"picked":"SKIP","floor":23},{"not_picked":["Bane","Slice"],"picked":"Prepared","floor":24}],"player_experience":360775,"relics_obtained":[{"floor":9,"key":"Darkstone Periapt"},{"floor":10,"key":"Mummified Hand"},{"floor":23,"key":"Ginger"},{"floor":26,"key":"Frozen Egg 2"}],"event_choices":[{"damage_healed":0,"gold_gain":0,"player_choice":"Donut","damage_taken":0,"max_hp_gain":5,"max_hp_loss":0,"event_name":"Big Fish","floor":3,"gold_loss":0},{"damage_healed":0,"gold_gain":0,"player_choice":"Entered Light","damage_taken":14,"max_hp_gain":0,"max_hp_loss":0,"event_name":"Shining Light","floor":4,"gold_loss":0,"cards_upgraded":["Corpse Explosion","Strike_G"]},{"damage_healed":0,"gold_gain":75,"player_choice":"Gather Gold","damage_taken":11,"max_hp_gain":0,"max_hp_loss":0,"event_name":"World of Goop","floor":14,"gold_loss":0},{"damage_healed":0,"gold_gain":99,"player_choice":"Stole From Cult","damage_taken":0,"max_hp_gain":0,"max_hp_loss":0,"event_name":"Nest","floor":21,"gold_loss":0}],"is_beta":false,"boss_relics":[{"not_picked":["Sozu","Tiny House"],"picked":"HoveringKite"}],"items_purged_floors":[5],"is_endless":false,"potions_floor_spawned":[2,7,19,24],"killed_by":"Gremlin Leader","ascension_level":4}}