{"host":"f3zi5bw4of71qj4o","time":1613319941,"event":{"mods":["BaseMod","DeckTracker","Highlight Path","Minty Spire (QoL Compilation)","Relic Stats","StSLib","SuperFastMode"],"gold_per_floor":[99,99,50,50,50,50,50,50,50,50,50,50,50,50,50,50,50],"floor_reached":16,"language":"ENG","playtime":389,"items_purged":[],"score":232,"play_id":"a9412a73-21ce-4fcb-8b9f-4b564c384dc9","local_time":"20210214172541","is_ascension_mode":true,"campfire_choices":[{"data":"Defragment","floor":7,"key":"SMITH"},{"data":"Melter","floor":11,"key":"SMITH"},{"floor":15,"key":"REST"}],"circlet_count":0,"master_deck":["AscendersBane","Strike_B","Strike_B","Strike_B","Strike_B","Defend_B","Defend_B","Defend_B","Zap","Dualcast","Leap","Defragment+1","Melter+1","Glacier","Self Repair"],"relics":["Ectoplasm","MealTicket","Cables","Regal Pillow","Golden Idol"],"acts_visited":["Exordium"],"potions_floor_usage":[6,16],"damage_taken":[{"damage":11,"enemies":"Small Slimes","floor":1,"turns":4},{"damage":2,"enemies":"Jaw Worm","floor":2,"turns":4},{"damage":0,"enemies":"Gremlin Nob","floor":6,"turns":2},{"damage":27,"enemies":"Lagavulin","floor":8,"turns":8},{"damage":35,"enemies":"Gremlin Nob","floor":12,"turns":4},{"damage":0,"enemies":"2 Louse","floor":13,"turns":2},{"damage":43,"enemies":"Slime Boss","floor":16,"turns":10}],"seed_played":"969767256842890735","potions_obtained":[{"floor":1,"key":"SmokeBomb"},{"floor":13,"key":"SkillPotion"}],"is_trial":false,"path_per_floor":["M","M","?","?","?","E","R","E","T","$","R","E","M","?","R","B"],"character_chosen":"DEFECT","items_purchased":[],"campfire_rested":1,"item_purchase_floors":[],"current_hp_per_floor":[53,51,51,51,51,51,51,24,24,39,39,4,4,4,38,0,0],"gold":50,"neow_bonus":"BOSS_RELIC","is_daily":false,"chose_seed":false,"campfire_upgraded":2,"win_rate":0.0,"timestamp":1613319941,"path_taken":["M","M","?","?","?","E","R","E","T","$","R","E","M","?","R","BOSS"],"items_purchased_type":[],"build_version":"2020-12-22","purchased_purges":0,"victory":false,"max_hp_per_floor":[71,71,71,71,71,71,71,71,71,71,71,71,71,64,64,64,64],"relic_stats":{"Regal Pillow":15,"counters":[7,34],"Golden Idol":0,"MealTicket":15,"Ectoplasm":111,"obtain_stats":[{"Regal Pillow":12,"Golden Idol":14,"MealTicket":8,"Ectoplasm":0,"Cracked Core":0,"Cables":9},{"Regal Pillow":5,"Golden Idol":6,"MealTicket":4,"Ectoplasm":0,"Cracked Core":0,"Cables":4},{"Regal Pillow":22,"Golden Idol":24,"MealTicket":18,"Ectoplasm":0,"Cracked Core":0,"Cables":18}],"Cables":[13,6,7,0,0]},"card_choices":[{"not_picked":["Aggregate","Fusion"],"picked":"Leap","floor":1},{"not_picked":["Coolheaded","Genetic Algorithm"],"picked":"Defragment","floor":2},{"not_picked":["Cold Snap","Gash"],"picked":"Melter","floor":8},{"not_picked":["Aggregate","Hello World"],"picked":"Glacier","floor":12},{"not_picked":["Stack","Sweeping Beam"],"picked":"Self Repair","floor":13}],"player_experience":2597839,"relics_obtained":[{"floor":8,"key":"MealTicket"},{"floor":9,"key":"Cables"},{"floor":12,"key":"Regal Pillow"}],"event_choices":[{"damage_healed":0,"gold_gain":0,"player_choice":"Left Gold","damage_taken":0,"max_hp_gain":0,"max_hp_loss":0,"event_name":"World of Goop","floor":3,"gold_loss":49},{"cards_removed":["Defend_B"],"damage_healed":0,"gold_gain":0,"player_choice":"Forget","damage_taken":0,"max_hp_gain":0,"max_hp_loss":0,"event_name":"Living Wall","floor":4,"gold_loss":0},{"damage_healed":0,"gold_gain":0,"player_choice":"Ignored","damage_taken":0,"max_hp_gain":0,"max_hp_loss":0,"event_name":"Liars Game","floor":5,"gold_loss":0},{"damage_healed":0,"gold_gain":0,"player_choice":"Lose Max HP","damage_taken":0,"relics_obtained":["Golden Idol"],"max_hp_gain":0,"max_hp_loss":7,"event_name":"Golden Idol","floor":14,"gold_loss":0}],"is_beta":false,"boss_relics":[],"items_purged_floors":[],"is_endless":false,"potions_floor_spawned":[1,6,13],"killed_by":"Slime Boss","ascension_level":20}}