{"host":"o6j8h35axmoodbwy","time":1613312515,"event":{"mods":["2.2 Compatiblity","Act Like it!","BaseMod","Colored Map","Colored Powertips","Faster Ascension Climbing","MarisaÅiñ∂âJÅ@ñÇóùçπÅj","Minty Spire (QoL Compilation)","Prisma Mod","Quick Restart","Shop Mod","StSLib","SuperFastMode","Td1madao Mod"],"gold_per_floor":[109,109,184,29,47,74,74,46,46,66,66,66,79,93,93,166,166,181,181,181,196,196,196,211,223,298,315,315,330,52,52,52,52,52],"floor_reached":33,"language":"JPN","playtime":1753,"items_purged":["Strike_R","Sever Soul"],"score":612,"play_id":"3da8c481-f1b0-4c62-95a6-b75d6f7bae45","local_time":"20210214232155","is_ascension_mode":true,"campfire_choices":[{"data":"Bash","floor":7,"key":"SMITH"},{"data":"Berserk","floor":11,"key":"SMITH"},{"data":"Fire Breathing","floor":15,"key":"SMITH"},{"data":"Flame Barrier","floor":23,"key":"SMITH"},{"data":"Heavy Blade","floor":28,"key":"SMITH"},{"floor":32,"key":"REST"}],"circlet_count":0,"master_deck":["AscendersBane","Bash+1","Clash","Fire Breathing+1","Shrug It Off","Carnage","Shrug It Off","Berserk+1","Uppercut","Battle Trance","Reaper","Anger","Reaper","Demon Form","Fiend Fire","Rage","Sword Boomerang","Inflame","Rampage","Flame Barrier+1","Entrench+1","Heavy Blade+1","Iron Wave+1","Second Wind","Ghostly Armor","Forethought"],"relics":["Burning Blood","NeowsBlessing","White Beast Statue","Omamori","FossilizedHelix","Pandora\u0027s Box","Matryoshka","Bronze Scales","Paper Frog"],"acts_visited":["Exordium","TheCity"],"potions_floor_usage":[14,16,27,29,29,33],"damage_taken":[{"damage":0,"enemies":"Jaw Worm","floor":1,"turns":1},{"damage":0,"enemies":"Small Slimes","floor":5,"turns":1},{"damage":0,"enemies":"3 Sentries","floor":6,"turns":2},{"damage":6,"enemies":"2 Louse","floor":10,"turns":3},{"damage":0,"enemies":"Blue Slaver","floor":13,"turns":5},{"damage":7,"enemies":"Gremlin Gang","floor":14,"turns":5},{"damage":0,"enemies":"Slime Boss","floor":16,"turns":8},{"damage":4,"enemies":"Spheric Guardian","floor":18,"turns":4},{"damage":25,"enemies":"Shell Parasite","floor":21,"turns":6},{"damage":21,"enemies":"Snake Plant","floor":24,"turns":5},{"damage":3,"enemies":"Centurion and Healer","floor":25,"turns":8},{"damage":27,"enemies":"Sentry and Sphere","floor":27,"turns":6},{"damage":28,"enemies":"3 Cultists","floor":29,"turns":5},{"damage":64,"enemies":"Automaton","floor":33,"turns":6}],"seed_played":"-5742415920072176207","potions_obtained":[{"floor":5,"key":"HeartOfIron"},{"floor":10,"key":"AttackPotion"},{"floor":14,"key":"Swift Potion"},{"floor":16,"key":"Block Potion"},{"floor":25,"key":"ColorlessPotion"},{"floor":27,"key":"Energy Potion"},{"floor":29,"key":"Fruit Juice"}],"is_trial":false,"path_per_floor":["M","?","?","$","M","E","R","$","T","M","R","?","M","M","R","B",null,"M","?","?","M","?","R","M","M","T","M","R","M","$","?","R","B"],"character_chosen":"IRONCLAD","items_purchased":["Fire Breathing","Shrug It Off","Ghostly Armor","Forethought"],"campfire_rested":1,"item_purchase_floors":[4,8,30,30],"current_hp_per_floor":[74,79,68,68,74,80,80,80,80,80,80,62,68,67,67,73,78,80,80,80,61,57,57,52,75,75,60,60,55,55,30,57,0,0],"gold":52,"neow_bonus":"THREE_ENEMY_KILL","is_daily":false,"chose_seed":false,"campfire_upgraded":5,"win_rate":0.0,"timestamp":1613312515,"path_taken":["M","?","?","$","M","E","R","?","T","M","R","?","M","?","R","BOSS","M","?","?","?","?","R","M","M","T","?","R","M","$","?","R","BOSS"],"items_purchased_type":["Card","Card","Card","Card"],"build_version":"2020-12-22","purchased_purges":2,"victory":false,"max_hp_per_floor":[75,80,80,80,80,80,80,80,80,80,80,80,80,80,80,80,80,80,80,80,80,80,80,80,80,80,80,80,85,85,90,90,90,90],"card_choices":[{"not_picked":["Headbutt","Hemokinesis"],"picked":"Clash","floor":1},{"not_picked":["Clothesline","Iron Wave"],"picked":"Shrug It Off","floor":5},{"not_picked":["Cleave","Dropkick"],"picked":"Carnage","floor":6},{"not_picked":["Blood for Blood","Dark Embrace"],"picked":"Berserk","floor":10},{"not_picked":["Thunderclap","Armaments"],"picked":"Uppercut","floor":13},{"not_picked":["Uppercut","Havoc"],"picked":"Battle Trance","floor":14},{"not_picked":["Double Tap","Brutality"],"picked":"Reaper","floor":16},{"not_picked":["Anger","Warcry"],"picked":"Inflame","floor":18},{"not_picked":["Headbutt+1","True Grit"],"picked":"Flame Barrier","floor":21},{"not_picked":["Twin Strike","Clothesline"],"picked":"Entrench+1","floor":24},{"not_picked":["Brutality","Cleave"],"picked":"Heavy Blade","floor":25},{"not_picked":["Anger","Armaments"],"picked":"Iron Wave+1","floor":27},{"not_picked":["Clash","Bloodletting"],"picked":"Second Wind","floor":29}],"player_experience":430279,"relics_obtained":[{"floor":6,"key":"White Beast Statue"},{"floor":9,"key":"Omamori"},{"floor":26,"key":"Bronze Scales"},{"floor":26,"key":"Paper Frog"}],"event_choices":[{"damage_healed":0,"gold_gain":0,"player_choice":"Donut","damage_taken":0,"max_hp_gain":5,"max_hp_loss":0,"event_name":"Big Fish","floor":2,"gold_loss":0},{"damage_healed":0,"gold_gain":75,"player_choice":"Gather Gold","damage_taken":11,"max_hp_gain":0,"max_hp_loss":0,"event_name":"World of Goop","floor":3,"gold_loss":0},{"damage_healed":0,"gold_gain":0,"player_choice":"Success","damage_taken":18,"relics_obtained":["FossilizedHelix"],"max_hp_gain":0,"max_hp_loss":0,"event_name":"Scrap Ooze","floor":12,"gold_loss":0},{"damage_healed":0,"gold_gain":0,"player_choice":"Opened","damage_taken":0,"relics_obtained":["Matryoshka"],"max_hp_gain":0,"max_hp_loss":0,"event_name":"The Mausoleum","floor":19,"gold_loss":0,"cards_obtained":["Writhe"]},{"damage_healed":0,"gold_gain":0,"cards_transformed":["Rage"],"player_choice":"Transformed","damage_taken":0,"max_hp_gain":0,"max_hp_loss":0,"event_name":"Transmorgrifier","floor":20,"gold_loss":0,"cards_obtained":["Rampage"]},{"damage_healed":0,"gold_gain":0,"player_choice":"Bought 0 Potions","damage_taken":0,"max_hp_gain":0,"max_hp_loss":0,"event_name":"The Woman in Blue","floor":22,"gold_loss":0},{"damage_healed":0,"gold_gain":0,"player_choice":"Shed Blood","damage_taken":30,"max_hp_gain":5,"max_hp_loss":0,"event_name":"Forgotten Altar","floor":31,"gold_loss":0}],"is_beta":false,"boss_relics":[{"not_picked":["Empty Cage","Tiny House"],"picked":"Pandora\u0027s Box"}],"items_purged_floors":[4,30],"is_endless":false,"potions_floor_spawned":[5,10,13,14,16,18,21,24,25,27,29],"killed_by":"Automaton","ascension_level":18}}