{"host":"w14xfy17z3c5mpoi","time":1613346023,"event":{"mods":["AchievementEnabler","BaseMod","Minty Spire (QoL Compilation)","Relic Stats"],"gold_per_floor":[116,129,147,159,177,177,54,75,153,153,173,173,190,203,203,303,303,315,315,335,354,372,372,372,372,372,59,94,94,107,118,118,219,219,229,1228,793,571,582,582,400,400,400,400,417,417,434,451,451,451],"floor_reached":51,"language":"ENG","playtime":2143,"items_purged":["Defend_B","Strike_B","Normality","Normality","Strike_B+1"],"score":970,"play_id":"67b056e6-fe84-4b4c-bc53-cb373d239865","local_time":"20210214184023","is_ascension_mode":true,"campfire_choices":[{"data":"Defragment","floor":6,"key":"SMITH"},{"floor":10,"key":"REST"},{"data":"Coolheaded","floor":15,"key":"SMITH"},{"data":"Self Repair","floor":23,"key":"SMITH"},{"data":"Go for the Eyes","floor":25,"key":"SMITH"},{"data":"Coolheaded","floor":32,"key":"SMITH"},{"data":"Fission","floor":40,"key":"SMITH"},{"data":"Defragment","floor":42,"key":"SMITH"},{"data":"Static Discharge","floor":46,"key":"SMITH"},{"data":"Dualcast","floor":49,"key":"SMITH"}],"circlet_count":0,"master_deck":["Defend_B","Defend_B","Defend_B","Zap+1","Dualcast+1","Lockon+1","Conserve Battery","Self Repair+1","Defragment+1","Coolheaded+1","Go for the Eyes+1","Sweeping Beam","Ball Lightning","BootSequence+1","Electrodynamics","Self Repair","Conserve Battery","Coolheaded+1","Sunder","Go for the Eyes+1","FTL+1","Glacier+1","Core Surge","Static Discharge+1","Fission+1","Defragment+1","Ball Lightning+1","Rebound+1","Ball Lightning"],"relics":["Cracked Core","NeowsBlessing","Odd Mushroom","Bottled Tornado","Nuclear Battery","Art of War","Happy Flower","WingedGreaves","Enchiridion","Philosopher\u0027s Stone","Membership Card","Whetstone","Vajra","War Paint","Lantern","Cables"],"acts_visited":["Exordium","TheCity","TheBeyond"],"potions_floor_usage":[5,13,16,20,22,28,33,35,50,50,50],"damage_taken":[{"damage":0,"enemies":"2 Louse","floor":1,"turns":1},{"damage":0,"enemies":"Small Slimes","floor":2,"turns":1},{"damage":0,"enemies":"Cultist","floor":3,"turns":1},{"damage":36,"enemies":"Exordium Wildlife","floor":4,"turns":7},{"damage":15,"enemies":"3 Louse","floor":5,"turns":3},{"damage":20,"enemies":"The Mushroom Lair","floor":8,"turns":5},{"damage":10,"enemies":"Large Slime","floor":11,"turns":3},{"damage":0,"enemies":"Exordium Thugs","floor":13,"turns":2},{"damage":0,"enemies":"Exordium Wildlife","floor":14,"turns":2},{"damage":0,"enemies":"Slime Boss","floor":16,"turns":5},{"damage":1,"enemies":"3 Byrds","floor":18,"turns":2},{"damage":11,"enemies":"2 Thieves","floor":20,"turns":3},{"damage":15,"enemies":"Shelled Parasite and Fungi","floor":21,"turns":4},{"damage":11,"enemies":"Centurion and Healer","floor":22,"turns":6},{"damage":29,"enemies":"Gremlin Leader","floor":28,"turns":6},{"damage":8,"enemies":"Chosen and Byrds","floor":30,"turns":6},{"damage":9,"enemies":"Snake Plant","floor":31,"turns":3},{"damage":14,"enemies":"Collector","floor":33,"turns":11},{"damage":18,"enemies":"3 Shapes","floor":35,"turns":4},{"damage":22,"enemies":"3 Darklings","floor":39,"turns":3},{"damage":4,"enemies":"Transient","floor":45,"turns":5},{"damage":4,"enemies":"Writhing Mass","floor":47,"turns":5},{"damage":10,"enemies":"3 Darklings","floor":48,"turns":3},{"damage":43,"enemies":"Donu and Deca","floor":50,"turns":6}],"seed_played":"-3867829119910649144","potions_obtained":[{"floor":1,"key":"Regen Potion"},{"floor":5,"key":"DistilledChaos"},{"floor":8,"key":"DistilledChaos"},{"floor":11,"key":"Fire Potion"},{"floor":13,"key":"Swift Potion"},{"floor":18,"key":"AttackPotion"},{"floor":28,"key":"PowerPotion"},{"floor":30,"key":"Fire Potion"},{"floor":33,"key":"Strength Potion"},{"floor":35,"key":"BlessingOfTheForge"}],"is_trial":false,"path_per_floor":["M","M","M","M","M","R","$","?","T","R","M","?","M","M","R","B",null,"M","?","M","M","M","R","?","R","T","$","E","?","M","M","R","B",null,"M","?","$","$","M","R","$","R","T","?","M","R","M","M","R","B",null],"character_chosen":"DEFECT","items_purchased":["Coolheaded","Happy Flower","Self Repair","Membership Card","Whetstone","Vajra","Static Discharge","DuplicationPotion","War Paint","Fission","Defragment","Lantern"],"campfire_rested":1,"item_purchase_floors":[7,27,27,37,37,37,37,37,38,38,41,41],"current_hp_per_floor":[68,68,68,39,40,40,40,20,20,42,39,39,46,46,46,53,70,75,61,50,49,52,52,52,52,52,52,47,31,47,52,52,62,76,80,80,80,80,72,72,72,72,72,72,80,80,80,77,77,51],"gold":451,"neow_bonus":"THREE_ENEMY_KILL","is_daily":false,"chose_seed":false,"campfire_upgraded":9,"win_rate":0.0,"timestamp":1613346023,"path_taken":["M","M","M","M","M","R","$","?","T","R","M","?","?","M","R","BOSS","M","?","M","M","M","R","?","R","T","$","E","?","?","M","R","BOSS","M","?","$","$","M","R","$","R","T","?","M","R","?","M","R","BOSS"],"items_purchased_type":["Card","Relic","Card","Relic","Relic","Relic","Card","Potion","Relic","Card","Card","Relic"],"build_version":"2020-12-22","purchased_purges":5,"victory":true,"max_hp_per_floor":[75,75,75,75,75,75,75,75,75,75,75,75,75,75,75,75,75,75,80,80,80,80,80,80,80,80,80,80,80,80,80,80,80,80,80,80,80,80,80,80,80,80,80,80,80,80,80,80,80,80],"relic_stats":{"Happy Flower":[17],"counters":[24,97],"Art of War":[5],"Whetstone":["Strike_B","Lockon"],"War Paint":["Zap","BootSequence"],"obtain_stats":[{"Lantern":41,"NeowsBlessing":0,"Happy Flower":27,"Enchiridion":29,"Vajra":37,"Whetstone":37,"Odd Mushroom":8,"Bottled Tornado":9,"War Paint":38,"Nuclear Battery":17,"Cables":43,"Philosopher\u0027s Stone":34,"WingedGreaves":28,"Art of War":26,"Membership Card":37,"Cracked Core":0},{"Lantern":20,"NeowsBlessing":0,"Happy Flower":14,"Enchiridion":15,"Vajra":19,"Whetstone":19,"Odd Mushroom":6,"Bottled Tornado":6,"War Paint":19,"Nuclear Battery":10,"Cables":20,"Philosopher\u0027s Stone":18,"WingedGreaves":15,"Art of War":14,"Membership Card":19,"Cracked Core":0},{"Lantern":78,"NeowsBlessing":0,"Happy Flower":45,"Enchiridion":51,"Vajra":75,"Whetstone":75,"Odd Mushroom":18,"Bottled Tornado":18,"War Paint":75,"Nuclear Battery":30,"Cables":78,"Philosopher\u0027s Stone":71,"WingedGreaves":51,"Art of War":45,"Membership Card":75,"Cracked Core":0}],"Cables":[18,11,6,0,1]},"card_choices":[{"not_picked":["Capacitor","Barrage"],"picked":"Lockon","floor":1},{"not_picked":["Hologram","Gash"],"picked":"Conserve Battery","floor":2},{"not_picked":["Undo","Turbo"],"picked":"Self Repair","floor":3},{"not_picked":["Streamline","Compile Driver"],"picked":"Defragment","floor":4},{"not_picked":["Hologram","Conserve Battery","Reboot"],"picked":"SKIP","floor":5},{"not_picked":["Steam","Steam Power"],"picked":"Go for the Eyes","floor":8},{"not_picked":["Consume","Conserve Battery"],"picked":"Sweeping Beam","floor":11},{"not_picked":["Stack","Hologram"],"picked":"Ball Lightning","floor":13},{"not_picked":["Hologram","Double Energy"],"picked":"BootSequence","floor":14},{"not_picked":["All For One","Buffer"],"picked":"Electrodynamics","floor":16},{"not_picked":["Skim","Hello World","Sweeping Beam+1"],"picked":"SKIP","floor":18},{"not_picked":["Barrage","Stack+1"],"picked":"Self Repair","floor":20},{"not_picked":["Hologram","Sweeping Beam"],"picked":"Conserve Battery","floor":21},{"not_picked":["White Noise","Sweeping Beam"],"picked":"Coolheaded","floor":22},{"not_picked":["Core Surge","Compile Driver"],"picked":"FTL+1","floor":28},{"not_picked":["Chill","Turbo","Coolheaded"],"picked":"SKIP","floor":30},{"not_picked":["Force Field","Self Repair"],"picked":"Glacier+1","floor":31},{"not_picked":["Multi-Cast","Hyperbeam"],"picked":"Core Surge","floor":33},{"not_picked":["Leap","Hologram","Chaos"],"picked":"SKIP","floor":35},{"not_picked":["Gash","Melter","Leap"],"picked":"SKIP","floor":39},{"not_picked":["Beam Cell+1","Defragment+1"],"picked":"Ball Lightning+1","floor":45},{"not_picked":["Gash","Stack+1"],"picked":"Rebound+1","floor":47},{"not_picked":["Compile Driver","Beam Cell+1"],"picked":"Ball Lightning","floor":48}],"player_experience":651174,"relics_obtained":[{"floor":8,"key":"Odd Mushroom"},{"floor":9,"key":"Bottled Tornado"},{"floor":26,"key":"Art of War"},{"floor":28,"key":"WingedGreaves"},{"floor":29,"key":"Enchiridion"},{"floor":43,"key":"Cables"}],"event_choices":[{"damage_healed":0,"gold_gain":0,"player_choice":"Fought Mushrooms","damage_taken":0,"max_hp_gain":0,"max_hp_loss":0,"event_name":"Mushrooms","floor":8,"gold_loss":0},{"damage_healed":0,"gold_gain":0,"player_choice":"Upgraded","damage_taken":0,"max_hp_gain":0,"max_hp_loss":0,"event_name":"Upgrade Shrine","floor":12,"gold_loss":0,"cards_upgraded":["Go for the Eyes"]},{"damage_healed":0,"gold_gain":0,"player_choice":"Shed Blood","damage_taken":19,"max_hp_gain":5,"max_hp_loss":0,"event_name":"Forgotten Altar","floor":19,"gold_loss":0},{"damage_healed":0,"gold_gain":0,"cards_transformed":["Strike_B","Strike_B"],"player_choice":"Became Test Subject","damage_taken":0,"max_hp_gain":0,"max_hp_loss":0,"event_name":"Drug Dealer","floor":24,"gold_loss":0,"cards_obtained":["Sunder","Go for the Eyes"]},{"damage_healed":0,"gold_gain":0,"player_choice":"Obtained Book","damage_taken":16,"max_hp_gain":0,"max_hp_loss":0,"event_name":"Cursed Tome","floor":29,"gold_loss":0},{"damage_healed":0,"gold_gain":999,"player_choice":"Gold","damage_taken":0,"max_hp_gain":0,"max_hp_loss":0,"event_name":"MindBloom","floor":36,"gold_loss":0,"cards_obtained":["Normality","Normality"]},{"cards_removed":["Self Repair"],"damage_healed":0,"gold_gain":0,"player_choice":"Removed Power","damage_taken":0,"max_hp_gain":0,"max_hp_loss":0,"event_name":"Falling","floor":44,"gold_loss":0}],"is_beta":false,"boss_relics":[{"not_picked":["Empty Cage","FrozenCore"],"picked":"Nuclear Battery"},{"not_picked":["Busted Crown","Snecko Eye"],"picked":"Philosopher\u0027s Stone"}],"items_purged_floors":[7,27,37,38,41],"is_endless":false,"potions_floor_spawned":[1,5,8,11,13,14,18,28,30,33,35,47,48],"ascension_level":7}}