{"host":"fkpiy6brc0jk9mxy","time":1613295768,"event":{"mods":["BaseMod","Hermit","Keyboard Shortcuts","Minty Spire (QoL Compilation)","Permanent Neow","StSLib","SuperFastMode","The Servant 0.9.4","everything is the same but u backflip on backflip"],"gold_per_floor":[109,59,59,59,76,104,104,104,156,167,194,210,237,7,7,105,105,105,105,105,105,105,105,105,105,105,105,29,29,29,29,29,29,29,29,29,29,29,29,29,29,29,29,29,29,29,29,29,29,29,29],"floor_reached":50,"language":"KOR","playtime":2516,"items_purged":["hermit:Strike_Hermit"],"score":568,"play_id":"f9a19bc0-79b3-46a0-9781-1eb8c9ee23c0","local_time":"20210214184248","is_ascension_mode":false,"campfire_choices":[{"data":"hermit:GhostlyPresence","floor":8.0,"key":"SMITH"},{"floor":15.0,"key":"REST"},{"data":"hermit:BodyArmor","floor":23.0,"key":"SMITH"},{"floor":25.0,"key":"REST"},{"floor":29.0,"key":"REST"},{"data":"hermit:HighCaliber","floor":32.0,"key":"SMITH"},{"floor":40.0,"key":"REST"},{"data":"hermit:Magnum","floor":46,"key":"SMITH"},{"data":"hermit:Gestalt","floor":49,"key":"SMITH"}],"circlet_count":0,"master_deck":["hermit:Strike_Hermit","hermit:Strike_Hermit","hermit:Strike_Hermit","hermit:Defend_Hermit","hermit:Defend_Hermit+1","hermit:Snapshot+1","hermit:Covet","hermit:GhostlyPresence+1","hermit:Dive","hermit:Quickdraw","hermit:HighCaliber+1","hermit:SprayPray","hermit:TrackingShot","hermit:RoundhouseKick","hermit:Gestalt+1","hermit:BodyArmor+1","hermit:Ricochet","hermit:Deadeye","hermit:HighCaliber+1","hermit:Misfire","hermit:Deadeye+1","hermit:FatalDesire","hermit:Ricochet+1","hermit:Ricochet+1","Clumsy","hermit:BodyArmor+1","hermit:Magnum+1"],"relics":["hermit:Momento","NeowsBlessing","Bag of Preparation","Peace Pipe","Dream Catcher","Dead Branch","Centennial Puzzle","Oddly Smooth Stone","Ectoplasm","Red Mask","Anchor","Regal Pillow","Toy Ornithopter","Cursed Key","Calipers","Incense Burner","Omamori"],"acts_visited":["Exordium","TheCity","TheBeyond"],"potions_floor_usage":[45,50,50],"damage_taken":[{"damage":0.0,"enemies":"2 Louse","floor":1.0,"turns":1.0},{"damage":0.0,"enemies":"Jaw Worm","floor":5.0,"turns":1.0},{"damage":0.0,"enemies":"Lagavulin","floor":6.0,"turns":1.0},{"damage":0.0,"enemies":"Small Slimes","floor":10.0,"turns":2.0},{"damage":6.0,"enemies":"Gremlin Nob","floor":11.0,"turns":3.0},{"damage":0.0,"enemies":"Blue Slaver","floor":12.0,"turns":3.0},{"damage":45.0,"enemies":"The Guardian","floor":16.0,"turns":10.0},{"damage":3.0,"enemies":"3 Byrds","floor":18.0,"turns":3.0},{"damage":5.0,"enemies":"Shell Parasite","floor":19.0,"turns":4.0},{"damage":21.0,"enemies":"Masked Bandits","floor":22.0,"turns":4.0},{"damage":40.0,"enemies":"Gremlin Leader","floor":24.0,"turns":8.0},{"damage":14.0,"enemies":"Slavers","floor":27.0,"turns":6.0},{"damage":0.0,"enemies":"Cultist and Chosen","floor":30.0,"turns":4.0},{"damage":0.0,"enemies":"3 Cultists","floor":31.0,"turns":3.0},{"damage":24.0,"enemies":"Automaton","floor":33.0,"turns":12.0},{"damage":0.0,"enemies":"3 Shapes","floor":35.0,"turns":3.0},{"damage":0.0,"enemies":"Orb Walker","floor":36.0,"turns":2.0},{"damage":31.0,"enemies":"2 Orb Walkers","floor":39.0,"turns":5.0},{"damage":0.0,"enemies":"Writhing Mass","floor":42.0,"turns":1.0},{"damage":0.0,"enemies":"3 Darklings","floor":44.0,"turns":3.0},{"damage":0,"enemies":"Reptomancer","floor":45,"turns":4},{"damage":9,"enemies":"4 Shapes","floor":47,"turns":4},{"damage":7,"enemies":"Sphere and 2 Shapes","floor":48,"turns":4},{"damage":80,"enemies":"Time Eater","floor":50,"turns":10}],"seed_played":"8834151666051370230","potions_obtained":[{"floor":11.0,"key":"SteroidPotion"},{"floor":12.0,"key":"Explosive Potion"},{"floor":19.0,"key":"CultistPotion"},{"floor":22.0,"key":"hermit:Tonic"},{"floor":27.0,"key":"hermit:Eclipse"},{"floor":30.0,"key":"SmokeBomb"},{"floor":36.0,"key":"Ancient Potion"},{"floor":41.0,"key":"SteroidPotion"},{"floor":48,"key":"LiquidMemories"}],"is_trial":false,"path_per_floor":["M","?","?","?","M","E","?","R","T","M","E","M","T","$","R","B",null,"M","M","?","?","?","R","E","R","T","E","$","R","M","M","R","B",null,"M","M","?","$","?","R","?","M","T","M","E","R","M","M","R","B"],"character_chosen":"HERMIT","items_purchased":["Oddly Smooth Stone","hermit:BlackBile"],"campfire_rested":4,"item_purchase_floors":[14,28],"current_hp_per_floor":[75,75,68,56,56,56,41,41,41,41,35,35,35,35,57,12,75,72,67,67,67,46,46,6,28,28,14,14,51,51,51,51,37,75,75,75,75,75,44,75,75,75,75,75,75,75,66,59,59,0,0],"gold":29,"neow_bonus":"THREE_ENEMY_KILL","is_daily":false,"chose_seed":false,"campfire_upgraded":5,"win_rate":0.0,"timestamp":1613295768,"path_taken":["M","?","?","?","M","E","?","R","T","M","E","M","?","$","R","BOSS","M","M","?","?","?","R","E","R","T","E","$","R","?","M","R","BOSS","M","M","?","$","?","R","?","?","T","M","E","R","M","M","R","BOSS"],"items_purchased_type":["Relic","Potion"],"build_version":"2020-12-22","purchased_purges":1,"victory":false,"max_hp_per_floor":[75,75,75,75,75,75,75,75,75,75,75,75,75,75,75,75,75,75,75,75,75,75,75,75,75,75,75,75,75,75,75,75,75,75,75,75,75,75,75,75,75,75,75,75,75,75,75,75,75,75,75],"card_choices":[{"not_picked":["hermit:Ricochet","hermit:TrackingShot"],"picked":"hermit:GhostlyPresence","floor":1.0},{"not_picked":["hermit:Combo","hermit:ShadowCloak"],"picked":"hermit:Dive","floor":5.0},{"not_picked":["hermit:Glare","hermit:Vantage"],"picked":"hermit:Quickdraw","floor":6.0},{"not_picked":["hermit:TakeCover","hermit:ItchyTrigger"],"picked":"hermit:HighCaliber","floor":10.0},{"not_picked":["hermit:WideOpen","hermit:LuckOfTheDraw"],"picked":"hermit:SprayPray","floor":11.0},{"not_picked":["hermit:WideOpen","hermit:LoneWolf","hermit:TakeAim"],"picked":"SKIP","floor":12.0},{"not_picked":["hermit:Showdown","hermit:Malice"],"picked":"hermit:TrackingShot","floor":15.0},{"not_picked":["hermit:FinalCanter","hermit:Adapt"],"picked":"hermit:RoundhouseKick","floor":16.0},{"not_picked":["hermit:NoHoldsBarred","hermit:SprayPray","hermit:Vantage"],"picked":"SKIP","floor":18.0},{"not_picked":["hermit:ItchyTrigger","hermit:TakeAim"],"picked":"hermit:Gestalt","floor":19.0},{"not_picked":["hermit:Headshot+1","hermit:Roulette"],"picked":"hermit:Ricochet","floor":22.0},{"not_picked":["hermit:BodyArmor","hermit:CalledShot"],"picked":"hermit:Deadeye","floor":24.0},{"not_picked":["hermit:CursedWeapon","hermit:Ricochet"],"picked":"hermit:HighCaliber+1","floor":27.0},{"not_picked":["hermit:Headshot+1","hermit:Roulette+1"],"picked":"hermit:Misfire","floor":29.0},{"not_picked":["hermit:Quickdraw","hermit:Manifest"],"picked":"hermit:Deadeye+1","floor":30.0},{"not_picked":["hermit:HoleUp","hermit:Deadeye","hermit:HighNoon"],"picked":"SKIP","floor":31.0},{"not_picked":["hermit:FinalCanter","hermit:DeadOrAlive"],"picked":"hermit:FatalDesire","floor":33.0},{"not_picked":["hermit:Headshot","hermit:BigShot"],"picked":"hermit:Ricochet+1","floor":35.0},{"not_picked":["hermit:HoleUp+1","hermit:LowProfile","hermit:TrackingShot"],"picked":"SKIP","floor":36.0},{"not_picked":["hermit:Snipe","hermit:Quickdraw+1"],"picked":"hermit:Ricochet+1","floor":39.0},{"not_picked":["hermit:Brawl","hermit:GhostlyPresence"],"picked":"hermit:BodyArmor+1","floor":44.0},{"not_picked":["hermit:EyeOfTheStorm","hermit:Manifest+1"],"picked":"hermit:Magnum","floor":45},{"not_picked":["hermit:Snipe","hermit:Vantage","hermit:LowProfile"],"picked":"SKIP","floor":47},{"not_picked":["hermit:Desperado","hermit:CursedWeapon+1","hermit:DeadOrAlive"],"picked":"SKIP","floor":48}],"player_experience":363790,"relics_obtained":[{"floor":6.0,"key":"Peace Pipe"},{"floor":9.0,"key":"Dream Catcher"},{"floor":11.0,"key":"Dead Branch"},{"floor":13.0,"key":"Centennial Puzzle"},{"floor":22.0,"key":"Red Mask"},{"floor":24.0,"key":"Anchor"},{"floor":26.0,"key":"Regal Pillow"},{"floor":27.0,"key":"Toy Ornithopter"},{"floor":39.0,"key":"Calipers"},{"floor":43.0,"key":"Incense Burner"},{"floor":45,"key":"Omamori"}],"event_choices":[{"cards_removed":["hermit:Defend_Hermit"],"damage_healed":0.0,"max_hp_gain":0.0,"max_hp_loss":0.0,"gold_gain":0.0,"event_name":"The Cleric","player_choice":"Card Removal","floor":2.0,"gold_loss":50.0,"damage_taken":0.0},{"cards_removed":["hermit:Defend_Hermit"],"damage_healed":0.0,"max_hp_gain":0.0,"max_hp_loss":0.0,"gold_gain":0.0,"event_name":"Golden Wing","player_choice":"Card Removal","floor":3.0,"gold_loss":0.0,"damage_taken":7.0},{"damage_healed":0.0,"max_hp_gain":0.0,"max_hp_loss":0.0,"gold_gain":0.0,"event_name":"Scrap Ooze","player_choice":"Success","floor":4.0,"gold_loss":0.0,"damage_taken":12.0,"relics_obtained":["Bag of Preparation"]},{"damage_healed":0.0,"max_hp_gain":0.0,"max_hp_loss":0.0,"gold_gain":0.0,"event_name":"Shining Light","player_choice":"Entered Light","floor":7.0,"gold_loss":0.0,"damage_taken":15.0,"cards_upgraded":["hermit:Snapshot","hermit:Defend_Hermit"]},{"damage_healed":0.0,"max_hp_gain":0.0,"max_hp_loss":0.0,"gold_gain":0.0,"event_name":"The Library","player_choice":"Read","floor":20.0,"gold_loss":0.0,"damage_taken":0.0,"cards_obtained":["hermit:BodyArmor"]},{"damage_healed":0.0,"max_hp_gain":0.0,"max_hp_loss":0.0,"gold_gain":0.0,"event_name":"Ghosts","player_choice":"Ignored","floor":21.0,"gold_loss":0.0,"damage_taken":0.0},{"damage_healed":0.0,"max_hp_gain":0.0,"max_hp_loss":0.0,"gold_gain":0.0,"event_name":"Masked Bandits","player_choice":"Fought Bandits","floor":22.0,"gold_loss":0.0,"damage_taken":0.0},{"damage_healed":0.0,"max_hp_gain":0.0,"max_hp_loss":0.0,"gold_gain":0.0,"event_name":"Tomb of Lord Red Mask","player_choice":"Ignored","floor":37.0,"gold_loss":0.0,"damage_taken":0.0},{"damage_healed":0.0,"max_hp_gain":0.0,"max_hp_loss":0.0,"gold_gain":0.0,"event_name":"Mysterious Sphere","player_choice":"Fight","floor":39.0,"gold_loss":0.0,"damage_taken":0.0},{"damage_healed":0.0,"max_hp_gain":0.0,"max_hp_loss":0.0,"gold_gain":0.0,"event_name":"Lab","player_choice":"Got Potions","floor":41.0,"gold_loss":0.0,"damage_taken":0.0}],"is_beta":false,"boss_relics":[{"not_picked":["Philosopher\u0027s Stone","Runic Dome"],"picked":"Ectoplasm"},{"not_picked":["SlaversCollar","Fusion Hammer"],"picked":"Cursed Key"}],"items_purged_floors":[14],"is_endless":false,"potions_floor_spawned":[11,12,19,22,27,30,36,42,48],"killed_by":"Time Eater","ascension_level":0}}