{"host":"3y2rtlgteqp2nuo3","time":1613303250,"event":{"mods":["2.2 Compatiblity","AchievementEnabler","BaseMod","Colored Map","DeckTracker","Highlight Path","Keyboard Shortcuts","Minty Spire (QoL Compilation)","Permanent Neow","Quick Restart","StSLib","SuperFastMode","everything is the same but u backflip on backflip"],"gold_per_floor":[111,111,123,142,142,142,161,161,185,360,373,392,392,410,410,489,489,509,290,303,303,320,350,96,96,96],"floor_reached":25,"language":"KOR","playtime":427,"items_purged":["Doubt","Strike_R"],"score":380,"play_id":"b8b262f6-e31c-4aec-a087-bedeb47ac6ef","local_time":"20210214204730","is_ascension_mode":true,"campfire_choices":[{"data":"Perfected Strike","floor":6,"key":"SMITH"},{"data":"Hemokinesis","floor":8,"key":"SMITH"},{"data":"Second Wind","floor":13,"key":"SMITH"},{"data":"Clothesline","floor":15,"key":"SMITH"}],"circlet_count":0,"master_deck":["AscendersBane","Strike_R","Strike_R","Strike_R","Strike_R","Defend_R","Defend_R","Defend_R","Defend_R","Bash+1","Hemokinesis+1","Perfected Strike+1","Dropkick","Inflame","Second Wind+1","Pommel Strike","Clothesline+1","Corruption","Shrug It Off","Ghostly","Ghostly","Ghostly","Ghostly","Ghostly","Spot Weakness","Inflame"],"relics":["Burning Blood","Ancient Tea Set","Oddly Smooth Stone","Mark of Pain","Bronze Scales","Self Forming Clay","Lee\u0027s Waffle"],"acts_visited":["Exordium","TheCity"],"potions_floor_usage":[23],"damage_taken":[{"damage":0,"enemies":"Small Slimes","floor":1,"turns":4},{"damage":4,"enemies":"Jaw Worm","floor":3,"turns":3},{"damage":2,"enemies":"2 Louse","floor":4,"turns":1},{"damage":5,"enemies":"Blue Slaver","floor":7,"turns":3},{"damage":16,"enemies":"3 Louse","floor":11,"turns":3},{"damage":7,"enemies":"Looter","floor":12,"turns":3},{"damage":17,"enemies":"Exordium Wildlife","floor":14,"turns":3},{"damage":33,"enemies":"The Guardian","floor":16,"turns":7},{"damage":20,"enemies":"Shell Parasite","floor":18,"turns":4},{"damage":31,"enemies":"Spheric Guardian","floor":20,"turns":4},{"damage":23,"enemies":"3 Cultists","floor":22,"turns":6},{"damage":5,"enemies":"Slavers","floor":23,"turns":7},{"damage":48,"enemies":"Gremlin Leader","floor":25,"turns":6}],"seed_played":"4417240917850757811","potions_obtained":[{"floor":3,"key":"CultistPotion"},{"floor":11,"key":"Fire Potion"},{"floor":23,"key":"ColorlessPotion"}],"is_trial":false,"path_per_floor":["M","?","M","M","$","R","M","R","T","?","M","M","R","M","R","B",null,"M","$","M","?","M","E","$","E"],"character_chosen":"IRONCLAD","items_purchased":["Bronze Scales","Lee\u0027s Waffle"],"campfire_rested":0,"item_purchase_floors":[19,24],"current_hp_per_floor":[78,60,62,66,66,66,67,67,67,67,57,56,56,45,45,18,65,51,51,26,26,9,10,47,0,0],"gold":96,"neow_bonus":"UPGRADE_CARD","is_daily":false,"chose_seed":false,"campfire_upgraded":4,"win_rate":0.0,"timestamp":1613303250,"path_taken":["M","?","M","M","$","R","M","R","T","?","?","M","R","M","R","BOSS","M","$","M","?","M","E","$","E"],"items_purchased_type":["Relic","Relic"],"build_version":"2020-12-22","purchased_purges":2,"victory":false,"max_hp_per_floor":[80,80,80,80,80,80,80,80,80,80,80,80,80,80,80,80,80,80,80,80,40,40,40,47,47,47],"card_choices":[{"not_picked":["Clash","True Grit"],"picked":"Hemokinesis","floor":1},{"not_picked":["Flex","Armaments"],"picked":"Perfected Strike","floor":3},{"not_picked":["Cleave","Metallicize"],"picked":"Dropkick","floor":4},{"not_picked":["Hemokinesis","Clash"],"picked":"Inflame","floor":7},{"not_picked":["Carnage","Whirlwind"],"picked":"Second Wind","floor":11},{"not_picked":["Warcry","Anger"],"picked":"Pommel Strike","floor":12},{"not_picked":["Flex","Entrench"],"picked":"Clothesline","floor":14},{"not_picked":["Exhume","Demon Form"],"picked":"Corruption","floor":16},{"not_picked":["True Grit","Infernal Blade"],"picked":"Shrug It Off","floor":18},{"not_picked":["Searing Blow","Dual Wield","Havoc"],"picked":"SKIP","floor":20},{"not_picked":["Perfected Strike","Iron Wave"],"picked":"Spot Weakness","floor":22},{"not_picked":["Anger","Second Wind"],"picked":"Inflame","floor":23}],"player_experience":787265,"relics_obtained":[{"floor":9,"key":"Oddly Smooth Stone"},{"floor":23,"key":"Self Forming Clay"}],"event_choices":[{"damage_healed":0,"gold_gain":0,"player_choice":"Success","damage_taken":18,"relics_obtained":["Ancient Tea Set"],"max_hp_gain":0,"max_hp_loss":0,"event_name":"Scrap Ooze","floor":2,"gold_loss":0},{"damage_healed":0,"gold_gain":175,"player_choice":"AGREE","damage_taken":0,"max_hp_gain":0,"max_hp_loss":0,"event_name":"Liars Game","floor":10,"gold_loss":0,"cards_obtained":["Doubt"]},{"damage_healed":0,"gold_gain":0,"player_choice":"Became a Ghost","damage_taken":0,"max_hp_gain":0,"max_hp_loss":40,"event_name":"Ghosts","floor":21,"gold_loss":0,"cards_obtained":["Ghostly","Ghostly","Ghostly","Ghostly","Ghostly"]}],"is_beta":false,"boss_relics":[{"not_picked":["SacredBark","Fusion Hammer"],"picked":"Mark of Pain"}],"items_purged_floors":[19,24],"is_endless":false,"potions_floor_spawned":[3,11,14,20,23],"killed_by":"Gremlin Leader","ascension_level":13}}