{"host":"o6j8h35axmoodbwy","time":1613315233,"event":{"mods":["2.2 Compatiblity","Act Like it!","BaseMod","Colored Map","Colored Powertips","Faster Ascension Climbing","MarisaÅiñ∂âJÅ@ñÇóùçπÅj","Minty Spire (QoL Compilation)","Prisma Mod","Quick Restart","Shop Mod","StSLib","SuperFastMode","Td1madao Mod"],"gold_per_floor":[119,12,26,43,57,57,70,70,93,125,125,125,125,125,125,216,216,239,292,308,177,77,77,100,100,100,120,120,120,141,162,162,162,162],"floor_reached":33,"language":"JPN","playtime":1311,"items_purged":["Strike_R","Strike_R"],"score":494,"play_id":"7754b885-3851-4cec-b88d-014d4795c19a","local_time":"20210215000713","is_ascension_mode":true,"campfire_choices":[{"data":"Seeing Red","floor":6,"key":"SMITH"},{"data":"Rampage","floor":8,"key":"SMITH"},{"data":"Pommel Strike","floor":13,"key":"SMITH"},{"data":"Shrug It Off","floor":15,"key":"SMITH"},{"data":"Immolate","floor":23,"key":"SMITH"},{"data":"Clothesline","floor":25,"key":"SMITH"},{"data":"True Grit","floor":32,"key":"SMITH"}],"circlet_count":0,"master_deck":["AscendersBane","Defend_R","Defend_R","Defend_R","Defend_R","Bash+1","Shrug It Off+1","Evolve","Shrug It Off","Seeing Red+1","Rampage+1","Pommel Strike+1","Immolate+1","Twin Strike+1","Wild Strike","Clothesline+1","Power Through","Bite","Bite","Bite","Bite","Bite","Metallicize","True Grit+1"],"relics":["Burning Blood","Akabeko","Tiny Chest","Orichalcum","Golden Idol","Happy Flower","Empty Cage","Omamori","Gremlin Horn","StrikeDummy"],"acts_visited":["Exordium","TheCity"],"potions_floor_usage":[10,16,33,33],"damage_taken":[{"damage":4,"enemies":"2 Louse","floor":1,"turns":4},{"damage":0,"enemies":"Cultist","floor":3,"turns":3},{"damage":4,"enemies":"Jaw Worm","floor":4,"turns":3},{"damage":18,"enemies":"Large Slime","floor":5,"turns":5},{"damage":7,"enemies":"2 Fungi Beasts","floor":7,"turns":4},{"damage":15,"enemies":"Lagavulin","floor":10,"turns":4},{"damage":51,"enemies":"The Guardian","floor":16,"turns":13},{"damage":20,"enemies":"Shell Parasite","floor":18,"turns":4},{"damage":0,"enemies":"Chosen","floor":20,"turns":3},{"damage":2,"enemies":"3 Cultists","floor":24,"turns":4},{"damage":17,"enemies":"Centurion and Healer","floor":27,"turns":6},{"damage":18,"enemies":"Snake Plant","floor":30,"turns":3},{"damage":12,"enemies":"Chosen and Byrds","floor":31,"turns":7},{"damage":51,"enemies":"Collector","floor":33,"turns":5}],"seed_played":"-265068217532139929","potions_obtained":[{"floor":5,"key":"LiquidMemories"},{"floor":7,"key":"Block Potion"},{"floor":16,"key":"ElixirPotion"}],"is_trial":false,"path_per_floor":["M","?","M","M","M","R","M","R","T","E","?","?","R","?","R","B",null,"M","T","M","$","$","R","M","R","T","M","?","T","M","M","R","B"],"character_chosen":"IRONCLAD","items_purchased":["PowerPotion"],"campfire_rested":0,"item_purchase_floors":[21],"current_hp_per_floor":[70,70,75,75,63,63,62,62,62,53,53,53,53,53,53,8,58,44,44,50,50,50,50,54,54,54,43,43,43,33,39,39,0,0],"gold":162,"neow_bonus":"UPGRADE_CARD","is_daily":false,"chose_seed":false,"campfire_upgraded":7,"win_rate":0.0,"timestamp":1613315233,"path_taken":["M","?","M","M","M","R","?","R","T","E","?","?","R","?","R","BOSS","M","?","?","?","$","R","M","R","T","M","?","?","M","M","R","BOSS"],"items_purchased_type":["Potion"],"build_version":"2020-12-22","purchased_purges":2,"victory":false,"max_hp_per_floor":[75,75,75,75,75,75,75,75,75,75,75,75,75,75,75,75,75,75,75,75,75,75,75,75,75,75,75,52,52,52,52,52,52,52],"card_choices":[{"not_picked":["Perfected Strike","Thunderclap"],"picked":"Shrug It Off","floor":1},{"not_picked":["Iron Wave","Demon Form"],"picked":"Evolve","floor":3},{"not_picked":["Heavy Blade","Cleave"],"picked":"Shrug It Off","floor":4},{"not_picked":["Reckless Charge","True Grit"],"picked":"Seeing Red","floor":5},{"not_picked":["Hemokinesis","Metallicize"],"picked":"Rampage","floor":7},{"not_picked":["Brutality","Sword Boomerang"],"picked":"Pommel Strike","floor":10},{"not_picked":["Double Tap","Barricade"],"picked":"Immolate","floor":16},{"not_picked":["Shrug It Off","Whirlwind"],"picked":"Twin Strike+1","floor":18},{"not_picked":["Heavy Blade","Whirlwind"],"picked":"Wild Strike","floor":20},{"not_picked":["Sever Soul","Dark Embrace"],"picked":"Clothesline","floor":24},{"not_picked":["Warcry","Wild Strike"],"picked":"Power Through","floor":27},{"not_picked":["Clothesline","Fiend Fire"],"picked":"Metallicize","floor":30},{"not_picked":["Anger","Clash+1"],"picked":"True Grit","floor":31}],"player_experience":430279,"relics_obtained":[{"floor":9,"key":"Tiny Chest"},{"floor":10,"key":"Orichalcum"},{"floor":19,"key":"Omamori"},{"floor":26,"key":"Gremlin Horn"},{"floor":29,"key":"StrikeDummy"}],"event_choices":[{"damage_healed":0,"gold_gain":0,"player_choice":"Paid Gold","damage_taken":0,"relics_obtained":["Akabeko"],"max_hp_gain":0,"max_hp_loss":0,"event_name":"WeMeetAgain","floor":2,"gold_loss":107},{"damage_healed":0,"gold_gain":0,"player_choice":"Take Wound","damage_taken":0,"relics_obtained":["Golden Idol"],"max_hp_gain":0,"max_hp_loss":0,"event_name":"Golden Idol","floor":11,"gold_loss":0,"cards_obtained":["Injury"]},{"damage_healed":0,"gold_gain":0,"player_choice":"Ignored","damage_taken":0,"max_hp_gain":0,"max_hp_loss":0,"event_name":"Liars Game","floor":12,"gold_loss":0},{"damage_healed":0,"gold_gain":0,"player_choice":"Searched \u00271\u0027 times","damage_taken":0,"relics_obtained":["Happy Flower"],"max_hp_gain":0,"max_hp_loss":0,"event_name":"Dead Adventurer","floor":14,"gold_loss":0},{"damage_healed":0,"gold_gain":0,"player_choice":"Became a vampire","damage_taken":0,"max_hp_gain":0,"max_hp_loss":23,"event_name":"Vampires","floor":28,"gold_loss":0,"cards_obtained":["Bite","Bite","Bite","Bite","Bite"]}],"is_beta":false,"boss_relics":[{"not_picked":["Runic Cube","Philosopher\u0027s Stone"],"picked":"Empty Cage"}],"items_purged_floors":[21,22],"is_endless":false,"potions_floor_spawned":[5,7,16,27,30,31],"killed_by":"Collector","ascension_level":18}}