{"host":"2yqfi47fogfu1ic4","time":1613345013,"event":{"mods":["AchievementEnabler","BaseMod","Colored Map","Colored Powertips","Highlight Path","Minty Spire (QoL Compilation)","Permanent Neow","Relic Stats","StSLib"],"gold_per_floor":[111,186,204,219,236,236,236,236],"floor_reached":7,"language":"DEU","playtime":485,"items_purged":[],"score":86,"play_id":"0dc0ada3-6fc7-4dbb-a140-a689ab871283","local_time":"20210215002333","is_ascension_mode":true,"campfire_choices":[{"data":"Dagger Spray","floor":6,"key":"SMITH"}],"circlet_count":0,"master_deck":["AscendersBane","Strike_G","Strike_G","Strike_G","Strike_G","Strike_G","Defend_G","Defend_G","Defend_G","Defend_G","Defend_G","Survivor","Neutralize","Blade Dance","Dagger Throw","Dagger Spray+1","Cloak And Dagger"],"relics":["Snecko Eye"],"acts_visited":["Exordium"],"potions_floor_usage":[4,7],"damage_taken":[{"damage":0,"enemies":"2 Louse","floor":1,"turns":3},{"damage":11,"enemies":"Small Slimes","floor":3,"turns":5},{"damage":0,"enemies":"Jaw Worm","floor":4,"turns":3},{"damage":6,"enemies":"Exordium Thugs","floor":5,"turns":5},{"damage":31,"enemies":"Lagavulin","floor":7,"turns":8}],"seed_played":"783400362045741530","potions_obtained":[{"floor":1,"key":"EssenceOfSteel"},{"floor":3,"key":"Block Potion"}],"is_trial":false,"path_per_floor":["M","?","M","M","M","R","E"],"character_chosen":"THE_SILENT","items_purchased":[],"campfire_rested":0,"item_purchase_floors":[],"current_hp_per_floor":[59,48,37,37,31,31,0,0],"gold":236,"neow_bonus":"BOSS_RELIC","is_daily":false,"chose_seed":false,"campfire_upgraded":1,"win_rate":0.0,"timestamp":1613345013,"path_taken":["M","?","M","M","M","R","E"],"items_purchased_type":[],"build_version":"2020-12-22","purchased_purges":0,"victory":false,"max_hp_per_floor":[66,66,66,66,66,66,66,66],"relic_stats":{"counters":[5,24],"Snecko Eye":[40,39,45,42],"obtain_stats":[{"Snecko Eye":0,"Ring of the Snake":0},{"Snecko Eye":0,"Ring of the Snake":0},{"Snecko Eye":0,"Ring of the Snake":0}]},"card_choices":[{"not_picked":["Distraction","Noxious Fumes"],"picked":"Blade Dance","floor":1},{"not_picked":["Setup","Poisoned Stab"],"picked":"Dagger Throw","floor":3},{"not_picked":["Slice","Outmaneuver"],"picked":"Dagger Spray","floor":4},{"not_picked":["Deadly Poison","Slice"],"picked":"Cloak And Dagger","floor":5}],"player_experience":1855711,"relics_obtained":[],"event_choices":[{"damage_healed":0,"gold_gain":75,"player_choice":"Gather Gold","damage_taken":11,"max_hp_gain":0,"max_hp_loss":0,"event_name":"World of Goop","floor":2,"gold_loss":0}],"is_beta":false,"boss_relics":[],"items_purged_floors":[],"is_endless":false,"potions_floor_spawned":[1,3],"killed_by":"Lagavulin","ascension_level":20}}