{"host":"hf83sijwe64ts2lm","time":1613263386,"event":{"mods":["2.2 Compatiblity","BaseMod","Better Altar","Better Match","Better Note","Better Sensory Stone","Better Skull","Better Third Choice","Colored Map","Colored Powertips","Highlight Path","Hubris","Infinite Spire","Minty Spire (QoL Compilation)","Quick Restart","Rare Cards Sparkle","Relic Stats","Reliquary","Replay The Spire","Shop Mod","Spicy Shops","Spire Arcade","StSLib","Thieving Mod"],"gold_per_floor":[112,187,187,201,213,239,239,239,239],"floor_reached":8,"language":"ENG","playtime":148,"items_purged":[],"score":76,"play_id":"28ad75ec-0328-4101-b68b-83b3a987203f","local_time":"20210213194306","is_ascension_mode":true,"campfire_choices":[{"floor":7,"key":"REST"}],"circlet_count":0,"master_deck":["Strike_B","Strike_B","Strike_B","Strike_B","Defend_B","Defend_B","Defend_B","Defend_B","Zap","Dualcast","Sweeping Beam","Beam Cell","Sunder","Ball Lightning"],"relics":["Cracked Core","reliquary:Stiletto","hubris:Towel","reliquary:Conveyor"],"acts_visited":["Exordium"],"potions_floor_usage":[6],"damage_taken":[{"damage":13,"enemies":"Jaw Worm","floor":1,"turns":4},{"damage":4,"enemies":"2 Louse","floor":4,"turns":3},{"damage":0,"enemies":"Small Slimes","floor":5,"turns":2},{"damage":23,"enemies":"3 Sentries","floor":6,"turns":6},{"damage":41,"enemies":"Lagavulin","floor":8,"turns":5}],"seed_played":"242026061241676085","potions_obtained":[{"floor":4,"key":"Elixir"},{"floor":5,"key":"Block Potion"}],"is_trial":false,"path_per_floor":["M","?","?","M","M","E","R","E"],"character_chosen":"DEFECT","items_purchased":[],"campfire_rested":1,"item_purchase_floors":[],"current_hp_per_floor":[55,44,44,40,40,17,39,0,0],"gold":239,"neow_bonus":"RANDOM_COMMON_RELIC","is_daily":false,"chose_seed":false,"campfire_upgraded":0,"win_rate":0.0,"timestamp":1613263386,"path_taken":["M","?","?","M","M","E","R","E"],"items_purchased_type":[],"build_version":"2020-12-22","purchased_purges":0,"victory":false,"max_hp_per_floor":[75,75,75,75,75,75,75,75,75],"relic_stats":{"counters":[5,20],"obtain_stats":[{"reliquary:Conveyor":6,"reliquary:Stiletto":0,"hubris:Towel":3,"Cracked Core":0},{"reliquary:Conveyor":4,"reliquary:Stiletto":0,"hubris:Towel":1,"Cracked Core":0},{"reliquary:Conveyor":15,"reliquary:Stiletto":0,"hubris:Towel":4,"Cracked Core":0}]},"card_choices":[{"not_picked":["Chill","Streamline"],"picked":"Sweeping Beam","floor":1},{"not_picked":["Leap","Hello World"],"picked":"Beam Cell","floor":4},{"not_picked":["Redo","Coolheaded"],"picked":"Sunder","floor":5},{"not_picked":["ReplaySort","ReplayTheSpireMod:Omega Cannon"],"picked":"Ball Lightning","floor":6}],"player_experience":173598,"relics_obtained":[{"floor":6,"key":"reliquary:Conveyor"}],"event_choices":[{"damage_healed":0,"gold_gain":75,"player_choice":"Gold","damage_taken":11,"max_hp_gain":0,"max_hp_loss":0,"event_name":"betterThird:BetterGoop","floor":2,"gold_loss":0}],"is_beta":false,"boss_relics":[],"items_purged_floors":[],"is_endless":false,"potions_floor_spawned":[4,5],"killed_by":"Lagavulin","ascension_level":7}}