{"host":"tcdxiwht2vajk3tk","time":1613294657,"event":{"mods":["AchievementEnabler","BaseMod","Beaked The Cultist","Colored Powertips","Conspire","Defuse TimeMaze Blight","Downfall","Halation","Hermit","Hubris","Infinite Spire","Lobotomy","LobotomyExtend","Minty Spire (QoL Compilation)","Replay The Spire","Shop Mod","StSLib","The Cursed","The Disciple"],"gold_per_floor":[112,122,122,102,118,118,148,148,160,199,45,45,45],"floor_reached":12,"language":"ENG","playtime":1123,"items_purged":[],"score":116,"play_id":"882a721d-8195-4b37-a261-ac6ef7a9dc7d","local_time":"20210214042417","is_ascension_mode":true,"campfire_choices":[{"data":"beaked:KnowThyFoe","floor":6.0,"key":"SMITH"}],"circlet_count":0,"master_deck":["beaked:Strike_Y","beaked:Strike_Y","beaked:Strike_Y","beaked:Strike_Y+1","beaked:Strike_Y","beaked:Strike_Y","beaked:Defend_Y","beaked:Defend_Y","beaked:Defend_Y","beaked:Defend_Y","beaked:Ceremony","beaked:Ceremony","beaked:Ceremony","champ:Defend","Neutralize+1","beaked:KnowThyFoe+1","beaked:Evade","beaked:Evade","beaked:Resilience+1","beaked:BarbedWire","beaked:MimicHuntress","beaked:BraceForImpact"],"relics":["beaked:MendingPlumage","LetterFromLob","Replay:Bottled Eggs","hubris:BottledRain","Molten Egg 2","MerchantsRug"],"acts_visited":["Exordium"],"potions_floor_usage":[12,12],"damage_taken":[{"damage":9.0,"enemies":"Small Slimes","floor":1.0,"turns":4.0},{"damage":21.0,"enemies":"Cultist","floor":2.0,"turns":5.0},{"damage":12.0,"enemies":"2 Louse","floor":5.0,"turns":5.0},{"damage":60.0,"enemies":"Gremlin Nob","floor":7.0,"turns":6.0},{"damage":19.0,"enemies":"Lagavulin","floor":10.0,"turns":7.0},{"damage":38,"enemies":"Gremlin Nob","floor":12,"turns":3}],"seed_played":"-1253328098999015302","potions_obtained":[{"floor":1.0,"key":"Ancient Potion"},{"floor":4.0,"key":"FairyPotion"},{"floor":7.0,"key":"Cursed Concoction"}],"is_trial":false,"path_per_floor":["M","M","?","?","M","R","E","?","T","E","$","E"],"character_chosen":"BEAKED_THE_CULTIST","items_purchased":["MerchantsRug","beaked:BraceForImpact"],"campfire_rested":0,"item_purchase_floors":[11,11],"current_hp_per_floor":[46,37,27,27,30,30,29,17,17,21,21,0,0],"gold":45,"neow_bonus":"THREE_RARE_CARDS","is_daily":false,"chose_seed":false,"campfire_upgraded":1,"win_rate":0.0,"timestamp":1613294657,"path_taken":["M","M","?","?","?","R","E","?","T","E","$","E"],"items_purchased_type":["Relic","Card"],"build_version":"2020-12-22","purchased_purges":0,"victory":false,"max_hp_per_floor":[50,50,50,50,50,50,50,50,50,50,50,50,50],"card_choices":[{"not_picked":["beaked:WildInstinct","beaked:DarkPact"],"picked":"beaked:KnowThyFoe","floor":0.0},{"not_picked":["beaked:WindBringer","beaked:Daydream"],"picked":"beaked:Evade","floor":1.0},{"not_picked":["beaked:Insight","beaked:Tweet"],"picked":"beaked:Evade","floor":2.0},{"not_picked":["beaked:Redirect","beaked:Windmill"],"picked":"beaked:Resilience","floor":5.0},{"not_picked":["beaked:Devastation","beaked:RuinSticks"],"picked":"beaked:BarbedWire","floor":7.0},{"not_picked":["beaked:RuinSticks+1","beaked:StunningBlow+1"],"picked":"beaked:MimicHuntress","floor":10.0}],"player_experience":1763442,"relics_obtained":[{"floor":1.0,"key":"LetterFromLob"},{"floor":7.0,"key":"Replay:Bottled Eggs"},{"floor":9.0,"key":"hubris:BottledRain"},{"floor":10.0,"key":"Molten Egg 2"}],"event_choices":[{"damage_healed":0.0,"max_hp_gain":0.0,"max_hp_loss":0.0,"gold_gain":0.0,"event_name":"Shining Light","player_choice":"Entered Light","floor":3.0,"gold_loss":0.0,"damage_taken":10.0,"cards_upgraded":["beaked:Strike_Y","Neutralize"]},{"damage_healed":0.0,"max_hp_gain":0.0,"max_hp_loss":0.0,"gold_gain":0.0,"event_name":"The Woman in Blue","player_choice":"Bought 1 Potion","floor":4.0,"gold_loss":0.0,"damage_taken":0.0},{"damage_healed":0.0,"max_hp_gain":0.0,"max_hp_loss":0.0,"gold_gain":0.0,"event_name":"Scrap Ooze","player_choice":"Success","floor":8.0,"gold_loss":0.0,"damage_taken":12.0,"relics_obtained":["MawBank"]}],"is_beta":false,"boss_relics":[],"items_purged_floors":[],"is_endless":false,"potions_floor_spawned":[1,7],"killed_by":"Gremlin Nob","ascension_level":7}}