{"host":"p9vmbvw2hh2n16dn","time":1613320540,"event":{"mods":["AchievementEnabler","BaseMod","Block Reminder","Minty Spire (QoL Compilation)","Relic Stats","SuperFastMode"],"gold_per_floor":[115,115,125,125,400,435,435,446,446,458,470,505,580,580,580],"floor_reached":14,"language":"ENG","playtime":281,"items_purged":[],"score":194,"play_id":"1d888967-ff57-4428-8b9c-51e804717eac","local_time":"20210214173540","is_ascension_mode":true,"campfire_choices":[{"data":"Chaos","floor":7.0,"key":"SMITH"}],"circlet_count":0,"master_deck":["AscendersBane","Strike_B","Strike_B","Strike_B","Strike_B","Defend_B","Defend_B","Defend_B","Defend_B","Zap","Dualcast","Chaos+1","Self Repair","Regret","Regret","Sweeping Beam","Rainbow","Cold Snap","Chaos"],"relics":["Cracked Core","NeowsBlessing","Meat on the Bone","Eternal Feather","Art of War","DataDisk"],"acts_visited":["Exordium"],"potions_floor_usage":[],"damage_taken":[{"damage":0.0,"enemies":"Small Slimes","floor":1.0,"turns":1.0},{"damage":0.0,"enemies":"Cultist","floor":3.0,"turns":1.0},{"damage":0.0,"enemies":"Gremlin Nob","floor":6.0,"turns":1.0},{"damage":9.0,"enemies":"2 Louse","floor":8.0,"turns":3.0},{"damage":20.0,"enemies":"Blue Slaver","floor":10.0,"turns":4.0},{"damage":18.0,"enemies":"Lots of Slimes","floor":11.0,"turns":2.0},{"damage":29.0,"enemies":"3 Sentries","floor":12.0,"turns":8.0},{"damage":48,"enemies":"Gremlin Nob","floor":14,"turns":4}],"seed_played":"3973789631502015383","potions_obtained":[{"floor":1.0,"key":"LiquidBronze"},{"floor":3.0,"key":"Block Potion"},{"floor":12.0,"key":"Energy Potion"}],"is_trial":false,"path_per_floor":["M","$","M","?","?","E","R","M","T","M","M","E","?","E"],"character_chosen":"DEFECT","items_purchased":[],"campfire_rested":0,"item_purchase_floors":[],"current_hp_per_floor":[68,68,68,68,68,68,75,73,73,60,42,32,21,0,0],"gold":580,"neow_bonus":"THREE_ENEMY_KILL","is_daily":false,"chose_seed":false,"campfire_upgraded":1,"win_rate":0.0,"timestamp":1613320540,"path_taken":["M","$","M","?","?","E","R","M","T","M","?","E","?","E"],"items_purchased_type":[],"build_version":"2020-12-22","purchased_purges":0,"victory":false,"max_hp_per_floor":[75,75,75,75,75,75,75,75,75,75,75,75,75,75,75],"relic_stats":{"counters":[8,24],"Eternal Feather":7,"Art of War":[5],"obtain_stats":[{"DataDisk":12,"NeowsBlessing":0,"Eternal Feather":6,"Art of War":9,"Cracked Core":0,"Meat on the Bone":4},{"DataDisk":7,"NeowsBlessing":0,"Eternal Feather":3,"Art of War":4,"Cracked Core":0,"Meat on the Bone":2},{"DataDisk":20,"NeowsBlessing":0,"Eternal Feather":3,"Art of War":6,"Cracked Core":0,"Meat on the Bone":2}],"Meat on the Bone":12},"card_choices":[{"not_picked":["Genetic Algorithm","Barrage"],"picked":"Chaos","floor":1.0},{"not_picked":["Compile Driver","Streamline"],"picked":"Self Repair","floor":3.0},{"not_picked":["Stack","Steam Power","Loop"],"picked":"SKIP","floor":6.0},{"not_picked":["FTL","Melter"],"picked":"Sweeping Beam","floor":8.0},{"not_picked":["Barrage","Doom and Gloom"],"picked":"Rainbow","floor":10.0},{"not_picked":["Leap","Sweeping Beam"],"picked":"Cold Snap","floor":11.0},{"not_picked":["Machine Learning","Steam"],"picked":"Chaos","floor":12.0}],"player_experience":330253,"relics_obtained":[{"floor":6.0,"key":"Eternal Feather"},{"floor":9.0,"key":"Art of War"},{"floor":12.0,"key":"DataDisk"}],"event_choices":[{"damage_healed":0.0,"max_hp_gain":0.0,"max_hp_loss":0.0,"gold_gain":0.0,"event_name":"Big Fish","player_choice":"Box","floor":4.0,"gold_loss":0.0,"damage_taken":0.0,"relics_obtained":["Meat on the Bone"],"cards_obtained":["Regret"]},{"damage_healed":0.0,"max_hp_gain":0.0,"max_hp_loss":0.0,"gold_gain":275.0,"event_name":"Golden Shrine","player_choice":"Desecrate","floor":5.0,"gold_loss":0.0,"damage_taken":0.0,"cards_obtained":["Regret"]},{"damage_healed":0.0,"max_hp_gain":0.0,"max_hp_loss":0.0,"gold_gain":75.0,"event_name":"World of Goop","player_choice":"Gather Gold","floor":13.0,"gold_loss":0.0,"damage_taken":11.0}],"is_beta":false,"boss_relics":[],"items_purged_floors":[],"is_endless":false,"potions_floor_spawned":[1,3,12],"killed_by":"Gremlin Nob","ascension_level":11}}