{"host":"4r0bywnqvg42kgrk","time":1613286962,"event":{"mods":["AchievementEnabler","Act Like it!","Arknights","Aspiration","Bartender","BaseMod","Better Altar","Better Match","Better Note","Better Sensory Stone","Better Skull","Better Third Choice","BetterRewards","CCEM2","Clawfect","Conspire","Decade(â§è¨ñæ)","Gensokyo","Hallownest","Hermit","Ironclad Rager","JesterMod","Jorbs\u0027s Wanderer Trilogy","Kalas","KinomotoSakuraMod(ñÿîVñ{?)","Lobotomy","MarisaÅiñ∂âJÅ@ñÇóùçπÅj","Mimic Mod","Minty Spire (QoL Compilation)","Nova Terra(?à°ÅEë◊ùf)","Pikachu Mod","Replay The Spire","SOSÅiézîb?îVéqÅj","Shade Mod","Shop Mod","Spicy Shops","StSLib","Steal the Spire","Td1madao Mod","The Animator","The Blackbeard","The Bladedancer","The Bug Knight","The Exalted","The Gatherer","The Hierophant","The Kombatant","The Marked","The Mystic","The Saiyan","The Servant 0.9.4","The Wild Card","TheHero","Warlord Emblem","slay the spire mod where everything is the same but ironclad has a cowboy hat","Åyå˜î\ModÅz?ñæìIç≈?Boss"],"gold_per_floor":[129,129,129,145,11,11,39,39,86,99,143,143,143,155,155,257,257,270,23,38,49,49,49,59,59,59,92,92,92,110,121,121,225,225,225,225],"floor_reached":35,"language":"JPN","playtime":4560,"items_purged":[],"score":365,"play_id":"23d5dc9a-f633-4b03-a62f-3f3d211dfddf","local_time":"20210214161602","is_ascension_mode":false,"campfire_choices":[{"floor":6,"key":"REST"},{"floor":8,"key":"REST"},{"floor":13,"key":"REST"},{"floor":15,"key":"REST"},{"data":"animator:ZankiKiguchi","floor":23,"key":"SMITH"},{"floor":25,"key":"REST"},{"data":"animator:Mitsurugi","floor":29,"key":"SMITH"},{"floor":32,"key":"REST"}],"circlet_count":0,"master_deck":["animator:Strike_Konosuba","animator:Defend_Konosuba","animator:Strike","animator:Strike","animator:Strike","animator:Defend","animator:Defend","animator:Defend","animator:Aqua","animator:Mitsurugi+1","animator:Mikaela","animator:Shion","animator:RoyMustang","animator:ZankiKiguchi+1","animator:ZankiKiguchi","animator:Ain","animator:Darkness","animator:Megumin","animator:Entoma","animator:Benimaru","animator:Albedo","animator:Vanir","animator:Sloth","animator:KrulTepes","animator:Tatsumaki","animator:ElricEdward","animator:Ciel","animator:Sonic","animator:YaoHaDucy","animator:Genos","animator:Envy"],"relics":["animator:LivingPicture","animator:TheMissingPiece","animator:PurgingStone","CaptainsWheel","Replay:Wax Seal","Power_Wrist","animator:CursedBlade","CCEMRelics:ImbuedSpirit","CCEMRelics:SelfSharpeningBlade","Chameleon Ring","CCEMRelics:ReaperScythe"],"acts_visited":["Exordium","Hallownest:CityofTears","Hallownest:KingdomsEdge"],"potions_floor_usage":[14,16,16,27,27,33],"damage_taken":[{"damage":4,"enemies":"Small Slimes","floor":1,"turns":4},{"damage":7,"enemies":"2 Louse","floor":4,"turns":3},{"damage":24,"enemies":"Lagavulin","floor":7,"turns":5},{"damage":0,"enemies":"Cultist","floor":10,"turns":4},{"damage":32,"enemies":"3 Sentries","floor":11,"turns":6},{"damage":20,"enemies":"Large Slime","floor":14,"turns":6},{"damage":50,"enemies":"Slime Boss","floor":16,"turns":8},{"damage":9,"enemies":"Hallownest:2_Mistakes","floor":18,"turns":4},{"damage":4,"enemies":"Hallownest:3_Youths","floor":20,"turns":6},{"damage":0,"enemies":"Hallownest:monsterMisterMushroom","floor":21,"turns":5},{"damage":41,"enemies":"Hallownest:2_Flukemon","floor":24,"turns":5},{"damage":8,"enemies":"Hallownest:2_Husk_Sentries","floor":27,"turns":4},{"damage":9,"enemies":"Hallownest:2_Husk_Sentries","floor":30,"turns":3},{"damage":0,"enemies":"Hallownest:monsterShrumalOgre","floor":31,"turns":4},{"damage":60,"enemies":"Hallownest:BossGrimm","floor":33,"turns":14},{"damage":51,"enemies":"Hallownest:2_Littles","floor":35,"turns":7}],"seed_played":"-7154130041081700178","potions_obtained":[{"floor":7,"key":"Block Potion"},{"floor":10,"key":"Strength Potion"},{"floor":11,"key":"Weak Potion"},{"floor":16,"key":"Dexterity Potion"},{"floor":21,"key":"Cursed Concoction"},{"floor":30,"key":"Dexterity Potion"},{"floor":33,"key":"EssenceOfSteel"}],"is_trial":false,"path_per_floor":["M","?","?","M","$","R","E","R","T","M","E","?","R","M","R","B",null,"M","$","M","M","$","R","M","R","T","MIM","?","R","M","M","R","B",null,"M"],"character_chosen":"THE_ANIMATOR","items_purchased":["animator:RoyMustang","animator:ZankiKiguchi","animator:Sloth","animator:KrulTepes","CCEMRelics:ImbuedSpirit","animator:Tatsumaki"],"campfire_rested":6,"item_purchase_floors":[5,5,19,19,19,19],"current_hp_per_floor":[62,62,62,57,57,66,42,61,61,64,34,34,54,36,56,8,67,61,61,59,61,61,61,22,42,42,34,68,68,59,59,68,8,68,0,0],"gold":225,"neow_bonus":"THREE_CARDS","is_daily":false,"chose_seed":false,"campfire_upgraded":2,"win_rate":0.0,"timestamp":1613286962,"path_taken":["M","?","?","M","$","R","E","R","T","?","E","?","R","M","R","BOSS","M","$","M","?","$","R","M","R","T","?","?","R","M","M","R","BOSS","M"],"items_purchased_type":["Card","Card","Card","Card","Relic","Card"],"build_version":"2020-12-22","purchased_purges":0,"victory":false,"max_hp_per_floor":[66,66,66,66,66,66,66,66,66,67,67,67,67,67,67,67,67,68,68,68,68,68,68,68,68,68,68,68,68,68,68,68,68,68,68,68],"card_choices":[{"not_picked":["animator:Jibril","animator:Yoichi"],"picked":"animator:Mitsurugi","floor":0},{"not_picked":["animator:DolaRiku","animator:SakuraMatou"],"picked":"animator:Mikaela","floor":1},{"not_picked":["animator:Shinoa","animator:Caster"],"picked":"animator:Shion","floor":4},{"not_picked":["animator:Konayuki","animator:Guy"],"picked":"animator:Ain","floor":7},{"not_picked":["animator:Verdia","animator:Kazuma"],"picked":"animator:Darkness","floor":10},{"not_picked":["animator:Aqua","animator:ShinjiMatou"],"picked":"animator:Megumin","floor":11},{"not_picked":["animator:Darkness","animator:Kaijin"],"picked":"animator:Benimaru","floor":14},{"not_picked":["animator:AcuraShin","animator:Rimuru"],"picked":"animator:Albedo","floor":16},{"not_picked":["animator:YuiTsuruno","animator:Ciel"],"picked":"animator:Vanir","floor":18},{"not_picked":["animator:Biyorigo","animator:Togame"],"picked":"animator:Nanami","floor":20},{"not_picked":["animator:DolaRiku+1","animator:Hakurou+1"],"picked":"animator:ElricEdward","floor":21},{"not_picked":["animator:Entoma","animator:Shion+1"],"picked":"animator:Ciel","floor":24},{"not_picked":["animator:Yoichi","animator:Megumin"],"picked":"animator:Sonic","floor":27},{"not_picked":["animator:Add+1","animator:Tyuule"],"picked":"animator:YaoHaDucy","floor":30},{"not_picked":["animator:SilverFang","animator:MetalKnight"],"picked":"animator:Genos","floor":31},{"not_picked":["animator:Kyubey","animator:Shiro"],"picked":"animator:Envy","floor":33}],"player_experience":93608,"relics_obtained":[{"floor":7,"key":"CaptainsWheel"},{"floor":9,"key":"Replay:Wax Seal"},{"floor":11,"key":"Power_Wrist"},{"floor":26,"key":"CCEMRelics:SelfSharpeningBlade"},{"floor":27,"key":"Chameleon Ring"}],"event_choices":[{"damage_healed":0,"gold_gain":0,"player_choice":"Leave","damage_taken":0,"max_hp_gain":0,"max_hp_loss":0,"event_name":"conspire:Investor","floor":2,"gold_loss":0},{"damage_healed":0,"gold_gain":0,"player_choice":"Ignored","damage_taken":0,"max_hp_gain":0,"max_hp_loss":0,"event_name":"betterNote:BetterNote","floor":3,"gold_loss":0,"cards_obtained":["Strike_R"]},{"damage_healed":0,"gold_gain":0,"cards_transformed":["animator:Kazuma"],"player_choice":"Transformed","damage_taken":0,"max_hp_gain":0,"max_hp_loss":0,"event_name":"Transmorgrifier","floor":12,"gold_loss":0,"cards_obtained":["animator:Entoma"]}],"is_beta":false,"boss_relics":[{"not_picked":["Honey Jar","aspiration:PoetsPen_weak"],"picked":"animator:CursedBlade"},{"not_picked":["ChewingGum","ReplayTheSpireMod:DimensionalGlitch"],"picked":"CCEMRelics:ReaperScythe"}],"items_purged_floors":[],"is_endless":false,"potions_floor_spawned":[7,10,11,16,21,30,33],"killed_by":"Hallownest:2_Littles","ascension_level":0}}