{"host":"xobdcpbm4ckypiai","time":1613302598,"event":{"mods":["BaseMod","Downfall","Minty Spire (QoL Compilation)","StSLib"],"gold_per_floor":[99,114,114,132,143,172,172,172,185,185,185,85,100,172,192,287,287,187,203,113,123,142,174,174,186,286,302,302,302,328,60,78,177,177,77,97,117,467,467,485,485,526,526,526,526,557,122,142,155,155,155,190,20,20,20,20],"floor_reached":57,"language":"ZHS","playtime":5047,"items_purged":["downfall:Malfunctioning","Guardian:Defend_Guardian","Guardian:Strike_Guardian","Guardian:Strike_Guardian"],"score":1354,"play_id":"8b421ee2-8227-4829-8122-57d44ea0f75d","local_time":"20210214193638","is_ascension_mode":false,"campfire_choices":[{"floor":1.0,"key":"RECALL"},{"data":"Guardian:SentryBeam","floor":12.0,"key":"SMITH"},{"data":"Guardian:FloatingOrbs","floor":18.0,"key":"SMITH"},{"data":"Guardian:AncientConstruct","floor":28.0,"key":"SMITH"},{"data":"Guardian:BaubleBeam","floor":35,"key":"SMITH"},{"data":"J.A.X.","floor":43,"key":"SMITH"},{"data":"Guardian:StasisField","floor":45,"key":"SMITH"},{"data":"Guardian:StasisField","floor":54,"key":"SMITH"}],"circlet_count":0,"master_deck":["Guardian:Defend_Guardian+1","Guardian:CurlUp+1","Guardian:TwinSlam+1","Guardian:FloatingOrbs+1","Guardian:SentryBeam+1","Guardian:AncientConstruct+1","Guardian:ExploitGems","Guardian:StasisField+1","Guardian:TemporalShield+1","Guardian:DecasProtection","J.A.X.+1","Guardian:TimeSifter","Guardian:DonusPower","Guardian:DecasProtection+1","Guardian:StasisField+1","Guardian:BodySlam+1","Guardian:BaubleBeam+1","Guardian:PrismaticBeam+1","Guardian:BodySlam+1","Guardian:Planning","Guardian:Suspension+1","Guardian:Repulse","Guardian:ExploitGems","Guardian:ExploitGems","Guardian:RollAttack"],"relics":["Guardian:ModeShifter","Question Card","downfall:ShatteredFragment","downfall:HeartBlessingRed","Bottled Tornado","Coffee Dripper","downfall:HeartBlessingBlue","Red Mask","StrikeDummy","MutagenicStrength","Potion Belt","PreservedInsect","Philosopher\u0027s Stone","downfall:HeartBlessingGreen","Old Coin","Lantern","Whetstone","Turnip","Guardian:SackOfGems","DollysMirror"],"acts_visited":["Exordium","TheCity","TheBeyond","TheEnding"],"potions_floor_usage":[42,50,55,56,56,56,56,56,56,56],"damage_taken":[{"damage":0.0,"enemies":"Small Slimes","floor":2.0,"turns":4.0},{"damage":6.0,"enemies":"2 Louse","floor":4.0,"turns":3.0},{"damage":3.0,"enemies":"Jaw Worm","floor":5.0,"turns":5.0},{"damage":17.0,"enemies":"Lagavulin","floor":6.0,"turns":8.0},{"damage":4.0,"enemies":"Blue Slaver","floor":9.0,"turns":5.0},{"damage":3.0,"enemies":"Exordium Wildlife","floor":13.0,"turns":4.0},{"damage":2.0,"enemies":"2 Fungi Beasts","floor":15.0,"turns":3.0},{"damage":11.0,"enemies":"WA_ARCHETYPE_RETAIN","floor":16.0,"turns":7.0},{"damage":7.0,"enemies":"Shell Parasite","floor":19.0,"turns":4.0},{"damage":0.0,"enemies":"downfall:FleeingMerchant","floor":20.0,"turns":4.0},{"damage":0.0,"enemies":"Spheric Guardian","floor":21.0,"turns":4.0},{"damage":0.0,"enemies":"Centurion and Healer","floor":22.0,"turns":6.0},{"damage":13.0,"enemies":"Masked Bandits","floor":23.0,"turns":4.0},{"damage":16.0,"enemies":"Snake Plant","floor":25.0,"turns":6.0},{"damage":7.0,"enemies":"downfall:Augmenter","floor":26.0,"turns":7.0},{"damage":9.0,"enemies":"3 Cultists","floor":27.0,"turns":4.0},{"damage":3,"enemies":"Gremlin Leader","floor":30,"turns":6},{"damage":3,"enemies":"downfall:FleeingMerchant","floor":31,"turns":4},{"damage":5,"enemies":"Shelled Parasite and Fungi","floor":32,"turns":4},{"damage":3,"enemies":"DF_ARCHETYPE_CLAW","floor":33,"turns":6},{"damage":0,"enemies":"3 Shapes","floor":36,"turns":4},{"damage":2,"enemies":"Orb Walker","floor":37,"turns":4},{"damage":0,"enemies":"Orb Walker","floor":38,"turns":5},{"damage":1,"enemies":"3 Darklings","floor":40,"turns":3},{"damage":0,"enemies":"downfall:FleeingMerchant","floor":42,"turns":4},{"damage":7,"enemies":"Reptomancer","floor":46,"turns":3},{"damage":0,"enemies":"Writhing Mass","floor":48,"turns":4},{"damage":14,"enemies":"Spire Growth","floor":49,"turns":3},{"damage":12,"enemies":"IC_BLOCK_ARCHETYPE","floor":50,"turns":5},{"damage":5,"enemies":"downfall:CharBossMerchant","floor":52,"turns":4},{"damage":6,"enemies":"downfall:NeowBoss","floor":55,"turns":10},{"damage":6,"enemies":"downfall:NeowBossFinal","floor":56,"turns":6}],"seed_played":"-8852342460712387475","potions_obtained":[{"floor":2.0,"key":"Block Potion"},{"floor":4.0,"key":"Explosive Potion"},{"floor":5.0,"key":"bronze:BurnAndBuffPotion"},{"floor":13.0,"key":"SkillPotion"},{"floor":16.0,"key":"Fire Potion"},{"floor":21.0,"key":"SteroidPotion"},{"floor":26.0,"key":"Weak Potion"},{"floor":27.0,"key":"EntropicBrew"},{"floor":30,"key":"LiquidMemories"},{"floor":40,"key":"SpeedPotion"},{"floor":46,"key":"Guardian:BlockOnCardUsePotion"},{"floor":48,"key":"ColorlessPotion"},{"floor":52,"key":"CultistPotion"}],"is_trial":false,"path_per_floor":["R","M","?","M","M","E","T","?","M","?","?","R","M","T","M","B",null,"R","M","$","M","M","?","T","M","?","M","R","?","E","$","M","B",null,"R","M","M","?","?","M","T","$","R","?","R","E","$","M","M","B",null,"E","$","R","B","B",null],"character_chosen":"GUARDIAN","items_purchased":["PreservedInsect","Guardian:Gem_Orange","Turnip","DollysMirror","Guardian:RollAttack"],"campfire_rested":0,"item_purchase_floors":[31,42,47,53,53],"current_hp_per_floor":[88,88,88,82,79,62,62,67,63,63,39,39,36,36,34,23,93,103,96,96,96,96,83,83,67,60,51,51,51,48,45,40,37,103,103,103,101,101,101,100,100,100,100,100,100,93,93,93,79,67,103,98,98,98,92,86],"gold":20,"neow_bonus":"TEN_PERCENT_HP_BONUS","is_daily":false,"chose_seed":false,"campfire_upgraded":7,"win_rate":0.0,"timestamp":1613302598,"path_taken":["R","M","?","M","M","E","T","?","M","?","?","R","?","?","M","BOSS","R","M","$","M","M","?","T","M","?","M","R","?","E","$","M","BOSS","R","M","M","?","?","M","T","$","R","?","R","E","$","M","M","BOSS","E","$","R","BOSS","BOSS"],"items_purchased_type":["Relic","Card","Relic","Relic","Card"],"build_version":"2020-12-22","purchased_purges":4,"victory":true,"max_hp_per_floor":[88,88,88,88,88,88,88,93,93,93,93,93,93,93,93,93,93,103,103,103,103,103,103,103,103,103,103,103,103,103,103,103,103,103,103,103,103,103,103,103,103,103,103,103,103,103,103,103,103,103,103,103,103,103,103,103],"card_choices":[{"not_picked":["Guardian:PiercingHide","Guardian:BronzeOrb"],"picked":"Guardian:FloatingOrbs","floor":2.0},{"not_picked":["Guardian:Incinerate","Guardian:PrimingBeam"],"picked":"Guardian:SentryBeam","floor":4.0},{"not_picked":["Guardian:Gem_Red","Guardian:CrystalBeam"],"picked":"Guardian:Reroute","floor":5.0},{"not_picked":["Guardian:FloatingOrbs","Guardian:Incinerate"],"picked":"Guardian:AncientConstruct","floor":6.0},{"not_picked":["Guardian:PrimingBeam","Guardian:DonusPower","Guardian:RollAttack"],"picked":"Guardian:Gem_Blue","floor":9.0},{"not_picked":["Guardian:ShieldCharger","Guardian:Preprogram","Guardian:Reroute"],"picked":"Guardian:Gem_Cyan","floor":13.0},{"not_picked":["Guardian:PrismaticBarrier","Guardian:WalkerClaw","Guardian:ShieldSpikes"],"picked":"Guardian:Gem_White","floor":15.0},{"not_picked":["Guardian:HyperBeam_Guardian","Guardian:FastForward","Guardian:TimeSifter"],"picked":"Guardian:ExploitGems","floor":16.0},{"not_picked":["Guardian:TemporalStrike+1","Guardian:TemporalShield","Guardian:CrystalBeam"],"picked":"Guardian:Gem_Cyan","floor":19.0},{"not_picked":["Guardian:VentSteam","Guardian:Recover","Guardian:SpikerProtocol"],"picked":"Guardian:StasisField","floor":20.0},{"not_picked":["Guardian:Suspension","Guardian:TimeCapacitor+1","Guardian:CrystalBeam"],"picked":"Guardian:TemporalShield+1","floor":21.0},{"not_picked":["Guardian:GuardianWhirl","Guardian:Gem_Red","Guardian:BronzeOrb"],"picked":"Guardian:Gem_Cyan","floor":22.0},{"not_picked":["Guardian:Suspension+1","Guardian:Reroute","Guardian:ShieldSpikes"],"picked":"Guardian:DecasProtection","floor":23.0},{"not_picked":["Guardian:Gem_Fragmented","Guardian:Preprogram","Guardian:ArmoredProtocol"],"picked":"Guardian:Gem_Green","floor":25.0},{"not_picked":["Guardian:PiercingHide","Guardian:PrismaticBarrier","Guardian:VentSteam"],"picked":"Guardian:Gem_White","floor":26.0},{"not_picked":[],"picked":"J.A.X.","floor":26.0},{"not_picked":["Guardian:PiercingHide+1","Guardian:TemporalStrike+1","Guardian:Gem_Lightblue"],"picked":"Guardian:Gem_Synthetic","floor":27.0},{"not_picked":["Guardian:PiercingHide+1","Guardian:Emergency","Guardian:DonusPower"],"picked":"Guardian:DecasProtection+1","floor":30},{"not_picked":["Guardian:Recover+1","Guardian:TimeBomb","Guardian:Incinerate"],"picked":"Guardian:StasisField","floor":31},{"not_picked":["Guardian:Gem_Lightblue","Guardian:RollAttack","Guardian:ShieldSpikes"],"picked":"Guardian:BodySlam","floor":32},{"not_picked":["Guardian:Gem_Orange","Guardian:TimeSifter","Guardian:StasisField"],"picked":"Guardian:BaubleBeam","floor":33},{"not_picked":["Guardian:WalkerClaw","Guardian:Planning","Guardian:Reroute+1"],"picked":"Guardian:PrismaticBeam","floor":36},{"not_picked":["Guardian:AncientConstruct","Guardian:MultiBeam","Guardian:Suspension"],"picked":"Guardian:Gem_Green","floor":37},{"not_picked":["Guardian:WalkerClaw","Guardian:FloatingOrbs","Guardian:ShieldCharger"],"picked":"Guardian:BodySlam+1","floor":38},{"not_picked":["Guardian:VentSteam","Guardian:TemporalStrike","Guardian:ChargeCore"],"picked":"Guardian:Planning","floor":40},{"not_picked":["Guardian:SentryBeam","Guardian:SpikerProtocol","Guardian:BronzeOrb"],"picked":"Guardian:Suspension+1","floor":42},{"not_picked":["Guardian:Gem_Crimson","Guardian:RollAttack","Guardian:ChargeCore","Guardian:Emergency+1"],"picked":"SKIP","floor":46},{"not_picked":["Guardian:CrystalBeam+1","Guardian:Gem_Cyan","Guardian:Gem_Crimson"],"picked":"Guardian:Repulse","floor":48},{"not_picked":["Guardian:Incinerate+1","Guardian:PolyBeam","Guardian:PiercingHide+1","Guardian:Gem_Red"],"picked":"SKIP","floor":49},{"not_picked":["Guardian:Gem_Green","Guardian:Suspension+1","Guardian:Emergency+1"],"picked":"Guardian:ExploitGems","floor":52}],"player_experience":114328,"relics_obtained":[{"floor":6.0,"key":"Question Card"},{"floor":14.0,"key":"Bottled Tornado"},{"floor":23.0,"key":"Red Mask"},{"floor":24.0,"key":"StrikeDummy"},{"floor":26.0,"key":"MutagenicStrength"},{"floor":30,"key":"Potion Belt"},{"floor":38,"key":"Old Coin"},{"floor":41,"key":"Lantern"},{"floor":46,"key":"Whetstone"},{"floor":52,"key":"Guardian:SackOfGems"}],"event_choices":[{"damage_healed":0.0,"max_hp_gain":5.0,"max_hp_loss":0.0,"gold_gain":0.0,"event_name":"Big Fish","player_choice":"Donut","floor":8.0,"gold_loss":0.0,"damage_taken":0.0},{"damage_healed":0.0,"max_hp_gain":0.0,"max_hp_loss":0.0,"gold_gain":0.0,"event_name":"Masked Bandits","player_choice":"Fought Bandits","floor":23.0,"gold_loss":0.0,"damage_taken":0.0}],"is_beta":false,"boss_relics":[{"not_picked":["bronze:MakeshiftBattery","Tiny House"],"picked":"Coffee Dripper"},{"not_picked":["Cursed Key","Guardian:StasisSlotReductionRelic"],"picked":"Philosopher\u0027s Stone"}],"items_purged_floors":[20,31,42,47],"is_endless":false,"potions_floor_spawned":[2,4,5,13,16,21,23,26,27,30,40,46,48,49,52],"ascension_level":0}}