{"host":"wmojtwekh6s3tor5","time":1613298100,"event":{"mods":["BaseMod","Colored Map","Colored Powertips","DeckTracker","Highlight Path","Minty Spire (QoL Compilation)","StSLib"],"gold_per_floor":[17,32,48,48,61,61,61,72,72,72,82,82,100,110,110,110,110],"floor_reached":16,"language":"ZHS","playtime":951,"items_purged":[],"score":125,"play_id":"a02c3b37-a881-4f17-a70f-7898c1892089","local_time":"20210214182140","is_ascension_mode":true,"campfire_choices":[{"data":"Pommel Strike","floor":6,"key":"SMITH"},{"data":"Rage","floor":10,"key":"SMITH"},{"data":"Bash","floor":12,"key":"SMITH"},{"data":"Shrug It Off","floor":15,"key":"SMITH"}],"circlet_count":0,"master_deck":["Strike_R","Strike_R","Strike_R","Strike_R","Defend_R","Defend_R","Defend_R","Defend_R","Bash+1","Seeing Red+1","Rage+1","Pommel Strike+1","Shrug It Off+1","Shrug It Off"],"relics":["Burning Blood","Torii","Akabeko"],"acts_visited":[],"potions_floor_usage":[16],"damage_taken":[{"damage":0,"enemies":"Small Slimes","floor":1,"turns":5},{"damage":1,"enemies":"2 Louse","floor":2,"turns":2},{"damage":1,"enemies":"Jaw Worm","floor":3,"turns":3},{"damage":0,"enemies":"Gremlin Gang","floor":5,"turns":6},{"damage":0,"enemies":"Large Slime","floor":8,"turns":5},{"damage":1,"enemies":"3 Louse","floor":11,"turns":4},{"damage":0,"enemies":"Gremlin Gang","floor":13,"turns":6},{"damage":0,"enemies":"Blue Slaver","floor":14,"turns":4},{"damage":59,"enemies":"Slime Boss","floor":16,"turns":11}],"seed_played":"7294477178983641760","potions_obtained":[{"floor":1,"key":"FairyPotion"},{"floor":5,"key":"HeartOfIron"},{"floor":11,"key":"Fire Potion"}],"is_trial":false,"path_per_floor":["M","M","M","?","M","R","?","M","T","R","M","R","M","M","R","B"],"character_chosen":"IRONCLAD","items_purchased":[],"campfire_rested":0,"item_purchase_floors":[],"current_hp_per_floor":[78,80,80,80,80,80,73,79,79,79,80,80,80,80,80,21,21],"gold":110,"neow_bonus":"ONE_RARE_RELIC","is_daily":false,"chose_seed":false,"campfire_upgraded":4,"win_rate":0.0,"timestamp":1613298100,"path_taken":["M","M","M","?","M","R","?","M","T","R","M","R","?","?","R","BOSS"],"items_purchased_type":[],"build_version":"2020-12-22","purchased_purges":0,"victory":false,"max_hp_per_floor":[80,80,80,80,80,80,80,80,80,80,80,80,80,80,80,80,80],"card_choices":[{"not_picked":["Havoc","True Grit"],"picked":"Seeing Red","floor":1},{"not_picked":["Sword Boomerang","Fire Breathing"],"picked":"Rage","floor":2},{"not_picked":["Iron Wave","Clothesline"],"picked":"Pommel Strike","floor":3},{"not_picked":["Flex","Dual Wield"],"picked":"Shrug It Off","floor":5},{"not_picked":["Corruption","Clash"],"picked":"Shrug It Off","floor":8},{"not_picked":["Sword Boomerang","Seeing Red","Hemokinesis"],"picked":"SKIP","floor":11},{"not_picked":["Headbutt","Cleave","Warcry"],"picked":"SKIP","floor":13},{"not_picked":["Headbutt","Cleave","Warcry"],"picked":"SKIP","floor":13},{"not_picked":["Sword Boomerang","Cleave","Feel No Pain"],"picked":"SKIP","floor":14}],"player_experience":614550,"relics_obtained":[{"floor":9,"key":"Akabeko"}],"event_choices":[{"damage_healed":0,"gold_gain":0,"player_choice":"Grow","damage_taken":0,"max_hp_gain":0,"max_hp_loss":0,"event_name":"Living Wall","floor":4,"gold_loss":0,"cards_upgraded":["Seeing Red"]},{"cards_removed":["Strike_R"],"damage_healed":0,"gold_gain":0,"player_choice":"Card Removal","damage_taken":7,"max_hp_gain":0,"max_hp_loss":0,"event_name":"Golden Wing","floor":7,"gold_loss":0}],"is_beta":false,"boss_relics":[],"items_purged_floors":[],"is_endless":false,"potions_floor_spawned":[1,5,11],"killed_by":"Slime Boss","ascension_level":6}}