{"host":"nklmypyldyuut5re","time":1613330614,"event":{"mods":["AchievementEnabler","BaseMod","Colored Map","DeckTracker","Highlight Path","Keyboard Shortcuts","Minty Spire (QoL Compilation)","Permanent Neow","SuperFastMode","everything is the same but u backflip on backflip"],"gold_per_floor":[116,132,148,166,184,215,242,253,305,305,305,319,31,131,131,131,131],"floor_reached":16,"language":"KOR","playtime":915,"items_purged":[],"score":104,"play_id":"36a670b7-4b6c-41a2-8b04-b16be95ba529","local_time":"20210215042334","is_ascension_mode":false,"campfire_choices":[{"floor":10,"key":"REST"},{"floor":15,"key":"REST"}],"circlet_count":0,"master_deck":["Strike_B","Strike_B","Strike_B","Defend_B","Defend_B","Defend_B","Defend_B","Zap","Dualcast","Cold Snap","FTL","Compile Driver","Cold Snap","Ball Lightning","Compile Driver","Amplify","Gash","FTL","Chill","Transmutation","Ball Lightning","Melter"],"relics":["Cracked Core","Bottled Flame","Odd Mushroom","Vajra"],"acts_visited":["Exordium"],"potions_floor_usage":[],"damage_taken":[{"damage":0,"enemies":"Cultist","floor":1,"turns":4},{"damage":0,"enemies":"2 Louse","floor":2,"turns":2},{"damage":0,"enemies":"Jaw Worm","floor":3,"turns":4},{"damage":4,"enemies":"Red Slaver","floor":4,"turns":4},{"damage":9,"enemies":"2 Fungi Beasts","floor":5,"turns":3},{"damage":28,"enemies":"Gremlin Nob","floor":6,"turns":5},{"damage":20,"enemies":"The Mushroom Lair","floor":7,"turns":4},{"damage":4,"enemies":"Exordium Wildlife","floor":8,"turns":3},{"damage":0,"enemies":"Large Slime","floor":12,"turns":4},{"damage":58,"enemies":"The Guardian","floor":16,"turns":9}],"seed_played":"4145828543268244626","potions_obtained":[{"floor":1,"key":"Explosive Potion"},{"floor":2,"key":"AttackPotion"},{"floor":4,"key":"Dexterity Potion"},{"floor":6,"key":"Block Potion"}],"is_trial":false,"path_per_floor":["M","M","M","M","M","E","?","M","T","R","?","M","$","?","R","B"],"character_chosen":"DEFECT","items_purchased":["Transmutation","Ball Lightning","Melter"],"campfire_rested":2,"item_purchase_floors":[13,13,13],"current_hp_per_floor":[75,75,75,71,62,34,14,10,10,32,32,32,32,32,54,0,0],"gold":131,"neow_bonus":"TRANSFORM_CARD","is_daily":false,"chose_seed":false,"campfire_upgraded":0,"win_rate":0.0,"timestamp":1613330614,"path_taken":["M","M","M","?","M","E","?","M","T","R","?","?","$","?","R","BOSS"],"items_purchased_type":["Card","Card","Card"],"build_version":"2020-12-22","purchased_purges":0,"victory":false,"max_hp_per_floor":[75,75,75,75,75,75,75,75,75,75,75,75,75,75,75,75,75],"card_choices":[{"not_picked":["Fusion","Cold Snap"],"picked":"FTL","floor":1},{"not_picked":["Glacier","Barrage"],"picked":"Compile Driver","floor":2},{"not_picked":["Hologram","Steam Power"],"picked":"Cold Snap","floor":3},{"not_picked":["Redo","Hologram"],"picked":"Ball Lightning","floor":4},{"not_picked":["Sweeping Beam","Blizzard"],"picked":"Compile Driver","floor":5},{"not_picked":["Go for the Eyes","Steam"],"picked":"Amplify","floor":6},{"not_picked":["Doom and Gloom","Cold Snap"],"picked":"Gash","floor":7},{"not_picked":["Chaos","Sweeping Beam"],"picked":"FTL","floor":8},{"not_picked":["Static Discharge","Streamline"],"picked":"Chill","floor":12}],"player_experience":5818,"relics_obtained":[{"floor":6,"key":"Bottled Flame"},{"floor":7,"key":"Odd Mushroom"},{"floor":9,"key":"Vajra"}],"event_choices":[{"damage_healed":0,"gold_gain":0,"player_choice":"Fought Mushrooms","damage_taken":0,"max_hp_gain":0,"max_hp_loss":0,"event_name":"Mushrooms","floor":7,"gold_loss":0},{"damage_healed":0,"gold_gain":0,"player_choice":"Leave","damage_taken":0,"max_hp_gain":0,"max_hp_loss":0,"event_name":"FaceTrader","floor":11,"gold_loss":0},{"damage_healed":0,"gold_gain":100,"player_choice":"Pray","damage_taken":0,"max_hp_gain":0,"max_hp_loss":0,"event_name":"Golden Shrine","floor":14,"gold_loss":0}],"is_beta":false,"boss_relics":[],"items_purged_floors":[],"is_endless":false,"potions_floor_spawned":[1,2,4,6,12],"killed_by":"The Guardian","ascension_level":0}}