{"host":"w9zfxf1uwb1etsnq","time":1613346358,"event":{"mods":["AchievementEnabler","BaseMod","Colored Map","Highlight Path","Minty Spire (QoL Compilation)"],"gold_per_floor":[115,115,125,125,125,125,158,158,158,170,170,195,219,239,239,340,340,358,358,52,66,86,121,121,138,164,175,206,299,311,338,350,458,470,502,291,304,304,304,304,322,322,322,334,347,347,347,347,347,347,347,347,70,70,70],"floor_reached":54,"language":"ENG","playtime":3794,"items_purged":["Survivor"],"score":744,"play_id":"8e5d3d7e-b553-4b26-8fe3-e6faae1c7b53","local_time":"20210214234558","is_ascension_mode":true,"campfire_choices":[{"floor":6,"key":"RECALL"},{"data":"Blade Dance","floor":8,"key":"SMITH"},{"data":"Neutralize","floor":11,"key":"SMITH"},{"floor":15,"key":"REST"},{"data":"Phantasmal Killer","floor":24,"key":"SMITH"},{"data":"Blade Dance","floor":30,"key":"SMITH"},{"floor":32,"key":"REST"},{"data":"Blade Dance","floor":40,"key":"SMITH"},{"data":"PiercingWail","floor":42,"key":"SMITH"},{"data":"Crippling Poison","floor":46,"key":"SMITH"},{"floor":49,"key":"REST"},{"floor":52,"key":"REST"}],"circlet_count":0,"master_deck":["Strike_G+1","Strike_G+1","Strike_G+1","Defend_G+1","Defend_G+1","Defend_G+1","Defend_G+1","Defend_G+1","Neutralize+1","Deadly Poison+1","Blade Dance+1","PiercingWail+1","Crippling Poison+1","Phantasmal Killer+1","Blade Dance+1","Blade Dance+1","Terror+1","Backstab+1","Dagger Spray+1","Blade Dance+1","Footwork"],"relics":["Ring of the Snake","NeowsBlessing","Ancient Tea Set","Lizard Tail","TungstenRod","Blood Vial","Orichalcum","MawBank","Molten Egg 2","Happy Flower","Mercury Hourglass","Oddly Smooth Stone"],"acts_visited":["Exordium","TheCity","TheBeyond","TheEnding"],"potions_floor_usage":[10,12,16,22,22,23,25,33,41,44,50,54],"damage_taken":[{"damage":0,"enemies":"Cultist","floor":1,"turns":1},{"damage":0,"enemies":"Small Slimes","floor":3,"turns":1},{"damage":0,"enemies":"3 Sentries","floor":7,"turns":2},{"damage":1,"enemies":"Jaw Worm","floor":10,"turns":2},{"damage":10,"enemies":"Lagavulin","floor":12,"turns":5},{"damage":0,"enemies":"Exordium Wildlife","floor":14,"turns":3},{"damage":14,"enemies":"The Guardian","floor":16,"turns":12},{"damage":10,"enemies":"Shell Parasite","floor":18,"turns":6},{"damage":0,"enemies":"Chosen","floor":21,"turns":4},{"damage":7,"enemies":"Sentry and Sphere","floor":22,"turns":5},{"damage":15,"enemies":"Book of Stabbing","floor":23,"turns":5},{"damage":7,"enemies":"Snake Plant","floor":25,"turns":5},{"damage":1,"enemies":"Cultist and Chosen","floor":27,"turns":5},{"damage":15,"enemies":"Slavers","floor":28,"turns":5},{"damage":2,"enemies":"Shelled Parasite and Fungi","floor":31,"turns":3},{"damage":35,"enemies":"Champ","floor":33,"turns":9},{"damage":0,"enemies":"Orb Walker","floor":35,"turns":3},{"damage":2,"enemies":"3 Shapes","floor":37,"turns":2},{"damage":10,"enemies":"Sphere and 2 Shapes","floor":41,"turns":5},{"damage":0,"enemies":"Jaw Worm Horde","floor":44,"turns":2},{"damage":10,"enemies":"Transient","floor":45,"turns":5},{"damage":92,"enemies":"Awakened One","floor":50,"turns":13},{"damage":84,"enemies":"Shield and Spear","floor":54,"turns":5}],"seed_played":"7790490966659254811","potions_obtained":[{"floor":3,"key":"BlessingOfTheForge"},{"floor":10,"key":"Fruit Juice"},{"floor":12,"key":"Weak Potion"},{"floor":18,"key":"Fire Potion"},{"floor":23,"key":"Strength Potion"},{"floor":28,"key":"CultistPotion"},{"floor":33,"key":"Explosive Potion"},{"floor":35,"key":"GamblersBrew"},{"floor":37,"key":"Strength Potion"}],"is_trial":false,"path_per_floor":["M","?","M","?","?","R","E","R","T","M","R","E","T","M","R","B",null,"M","?","$","M","M","E","R","M","T","M","E","T","R","M","R","B",null,"M","$","M","?","?","R","M","R","T","M","M","R","?","?","R","B",null,"R","$","E"],"character_chosen":"THE_SILENT","items_purchased":["Fruit Juice","Blade Dance","Regen Potion","EssenceOfSteel","Happy Flower","Footwork","Oddly Smooth Stone","Weak Potion","Strength Potion"],"campfire_rested":4,"item_purchase_floors":[20,20,20,36,36,53,53,53,53],"current_hp_per_floor":[70,70,70,56,56,56,56,56,56,60,60,50,50,52,74,61,75,65,65,65,67,67,66,66,61,61,62,49,49,49,49,73,40,80,80,80,78,78,78,78,70,70,70,72,64,64,64,64,80,36,80,80,80,0,0],"gold":70,"neow_bonus":"THREE_ENEMY_KILL","is_daily":false,"chose_seed":false,"campfire_upgraded":7,"win_rate":0.0,"timestamp":1613346358,"path_taken":["M","?","?","?","?","R","E","R","T","M","R","E","?","M","R","BOSS","M","?","$","M","M","E","R","M","T","M","E","?","R","M","R","BOSS","M","$","M","?","?","R","M","R","T","M","?","R","?","?","R","BOSS","R","$","E"],"items_purchased_type":["Potion","Card","Potion","Potion","Relic","Card","Relic","Potion","Potion"],"build_version":"2020-12-22","purchased_purges":1,"victory":false,"max_hp_per_floor":[70,70,70,70,70,70,70,70,70,75,75,75,75,75,75,75,75,75,75,75,75,80,80,80,80,80,80,80,80,80,80,80,80,80,80,80,80,80,80,80,80,80,80,80,80,80,80,80,80,80,80,80,80,80,80],"card_choices":[{"not_picked":["Dodge and Roll","Noxious Fumes"],"picked":"Deadly Poison","floor":1},{"not_picked":["Riddle With Holes","Eviscerate"],"picked":"Blade Dance","floor":3},{"not_picked":["Dagger Throw","Slice","Doppelganger"],"picked":"SKIP","floor":7},{"not_picked":["Setup","Dodge and Roll","Finisher"],"picked":"SKIP","floor":10},{"not_picked":["Sucker Punch","Infinite Blades"],"picked":"PiercingWail","floor":12},{"not_picked":["Dodge and Roll","Riddle With Holes"],"picked":"Crippling Poison","floor":14},{"not_picked":["A Thousand Cuts","Malaise"],"picked":"Phantasmal Killer","floor":16},{"not_picked":["Dagger Throw+1","Flying Knee"],"picked":"Blade Dance","floor":18},{"not_picked":["Underhanded Strike","Endless Agony"],"picked":"Terror+1","floor":21},{"not_picked":["Escape Plan","Underhanded Strike","Bane"],"picked":"SKIP","floor":22},{"not_picked":["Flechettes","Bane","Grand Finale"],"picked":"SKIP","floor":23},{"not_picked":["Underhanded Strike","Backflip"],"picked":"Backstab+1","floor":25},{"not_picked":["Poisoned Stab","Terror+1","Concentrate"],"picked":"SKIP","floor":27},{"not_picked":["Caltrops","Deflect","Deadly Poison"],"picked":"SKIP","floor":28},{"not_picked":["Skewer+1","Backflip+1","Setup"],"picked":"SKIP","floor":31},{"not_picked":["Expertise+1","Poisoned Stab+1","Deflect"],"picked":"SKIP","floor":35},{"not_picked":["Deflect","Deadly Poison+1"],"picked":"Dagger Spray+1","floor":37},{"not_picked":["Concentrate","Terror","Sucker Punch+1"],"picked":"SKIP","floor":41},{"not_picked":["Escape Plan+1","PiercingWail","Deadly Poison"],"picked":"SKIP","floor":44},{"not_picked":["Outmaneuver","Heel Hook+1"],"picked":"Blade Dance+1","floor":45}],"player_experience":152465,"relics_obtained":[{"floor":7,"key":"Ancient Tea Set"},{"floor":9,"key":"Lizard Tail"},{"floor":12,"key":"TungstenRod"},{"floor":13,"key":"Blood Vial"},{"floor":23,"key":"Orichalcum"},{"floor":28,"key":"MawBank"},{"floor":29,"key":"Molten Egg 2"},{"floor":43,"key":"Mercury Hourglass"}],"event_choices":[{"damage_healed":0,"gold_gain":0,"player_choice":"Full Heal","damage_taken":0,"max_hp_gain":0,"max_hp_loss":0,"event_name":"Wheel of Change","floor":2,"gold_loss":0},{"damage_healed":0,"gold_gain":0,"player_choice":"Entered Light","damage_taken":14,"max_hp_gain":0,"max_hp_loss":0,"event_name":"Shining Light","floor":4,"gold_loss":0,"cards_upgraded":["Deadly Poison","Strike_G"]},{"cards_removed":["Strike_G"],"damage_healed":0,"gold_gain":0,"player_choice":"Forget","damage_taken":0,"max_hp_gain":0,"max_hp_loss":0,"event_name":"Living Wall","floor":5,"gold_loss":0},{"damage_healed":0,"gold_gain":0,"player_choice":"Simplicity","damage_taken":0,"max_hp_gain":0,"max_hp_loss":0,"event_name":"Back to Basics","floor":19,"gold_loss":0,"cards_upgraded":["Strike_G","Strike_G","Strike_G","Defend_G","Defend_G","Defend_G","Defend_G","Defend_G"]},{"cards_removed":["Strike_G"],"damage_healed":0,"gold_gain":0,"player_choice":"Removed Attack","damage_taken":0,"max_hp_gain":0,"max_hp_loss":0,"event_name":"Falling","floor":38,"gold_loss":0},{"damage_healed":0,"gold_gain":0,"player_choice":"Memory 1","damage_taken":0,"max_hp_gain":0,"max_hp_loss":0,"event_name":"SensoryStone","floor":39,"gold_loss":0},{"damage_healed":0,"gold_gain":0,"player_choice":"Ignored","damage_taken":0,"max_hp_gain":0,"max_hp_loss":0,"event_name":"Mysterious Sphere","floor":47,"gold_loss":0},{"damage_healed":0,"gold_gain":0,"player_choice":"Ignored","damage_taken":0,"max_hp_gain":0,"max_hp_loss":0,"event_name":"Purifier","floor":48,"gold_loss":0}],"is_beta":false,"boss_relics":[{"not_picked":["Philosopher\u0027s Stone","Empty Cage","Astrolabe"]},{"not_picked":["Coffee Dripper","Fusion Hammer","Velvet Choker"]}],"items_purged_floors":[20],"is_endless":false,"potions_floor_spawned":[3,10,12,18,23,28,33,35,37],"killed_by":"Shield and Spear","ascension_level":1}}