{"host":"farxtl2u8hmkbdo2","time":1613262747,"event":{"mods":["A Magickal Journey","BaseMod","Better Altar","Better Note","Better Sensory Stone","Better Skull","Better Third Choice","Challenge The Spire","Colored Map","Colored Powertips","Current Relic Mod","Downfall","Energized Spire","Fox Events","Gremlin Mod","Hermit","Hubris","Mimic Mod","Minty Spire (QoL Compilation)","Quick Restart","READ ME - Guardian Mod","Rare Cards Sparkle","StSLib","The Bladedancer","The Bug Knight","The Cursed","The Disciple","The Hierophant","The Marked","The Necromancer","The Runesmith","Transform Curses"],"gold_per_floor":[116,116,116,5,20,54,74,92,132,158,158,187,201,221,221,325,325,342,417,433,452,43,78,78,108,148,148,177,194,194,227,227,331,331,349,368,368,268,10,38,38,64,99,9,9,28,45,94,94,94],"floor_reached":51,"language":"SPA","playtime":4104,"items_purged":["Runesmith:Strike_RS"],"score":1184,"play_id":"3120db44-ead8-430a-9b48-ad08750f5855","local_time":"20210213213227","is_ascension_mode":true,"campfire_choices":[{"floor":15.0,"key":"REST"},{"data":"Runesmith:Permafrost","floor":24.0,"key":"SMITH"},{"data":"Runesmith:ChaoticBlast","floor":27.0,"key":"SMITH"},{"data":"Runesmith:HammerTime","floor":32.0,"key":"SMITH"},{"data":"Runesmith:LithiumIon","floor":41.0,"key":"SMITH"},{"data":"Runesmith:HammerThrow","floor":45.0,"key":"SMITH"},{"floor":49,"key":"REST"}],"circlet_count":0,"master_deck":["Runesmith:Strike_RS+1","Runesmith:Strike_RS+1","Runesmith:Defend_RS+1","Runesmith:CraftFirestone","Runesmith:Fortify+1","Runesmith:HammerTime+1","Runesmith:Permafrost+1","Runesmith:RuneHurl","Runesmith:Firestorm+1","Runesmith:Attraction+1","Runesmith:Augment+1","Runesmith:HammerAndChisel+1","Runesmith:CraftVitae+1","Runesmith:Terraform+1","Runesmith:CraftMagma+1","Runesmith:CraftProtectio+1","Runesmith:Supernova+1","Runesmith:ChargedHammer","Runesmith:HammerThrow+1","Runesmith:Grindstone+1","Runesmith:CraftObretio+1","Runesmith:BackupBattery+1","Runesmith:CraftIncendium+1","Runesmith:ChaoticBlast+1","Runesmith:ChargedHammer+1","Runesmith:CraftProtectio+1","Runesmith:Grindstone+1","Runesmith:CraftIndustria+1","Runesmith:StaticCage+1","Runesmith:OneForEveryone+1","Runesmith:LithiumIon+1","Runesmith:StaticCage+1","Runesmith:StaticCage+1","Runesmith:Repurpose+1","Runesmith:CraftObretio+1","Runesmith:DoubleUp+1","Runesmith:CraftVitae+1","Runesmith:Reinforce+1"],"relics":["Runesmith:CoreCrystal","Toxic Egg 2","Akabeko","Toy Ornithopter","hubris:OldNail","hubris:ScarierMask","Lizard Tail","Pantograph","Darkstone Periapt","Blue Candle","Pear","Gremlin Horn","Runesmith:EmergencyProvisions","Eternal Feather","Unceasing Top","Mango","hubris:Teleporter"],"acts_visited":["Exordium","TheCity","TheBeyond"],"potions_floor_usage":[50,50],"damage_taken":[{"damage":0.0,"enemies":"Small Slimes","floor":1.0,"turns":3.0},{"damage":0.0,"enemies":"Jaw Worm","floor":5.0,"turns":4.0},{"damage":22.0,"enemies":"3 Sentries","floor":6.0,"turns":7.0},{"damage":1.0,"enemies":"Cultist","floor":7.0,"turns":4.0},{"damage":0.0,"enemies":"Exordium Wildlife","floor":8.0,"turns":3.0},{"damage":0.0,"enemies":"Gremlin Gang","floor":9.0,"turns":5.0},{"damage":8.0,"enemies":"Gremlin Nob","floor":10.0,"turns":4.0},{"damage":5.0,"enemies":"Lagavulin","floor":12.0,"turns":5.0},{"damage":4.0,"enemies":"Gremlin Gang","floor":13.0,"turns":5.0},{"damage":5.0,"enemies":"Exordium Thugs","floor":14.0,"turns":4.0},{"damage":3.0,"enemies":"The Guardian","floor":16.0,"turns":9.0},{"damage":12.0,"enemies":"Chosen","floor":18.0,"turns":2.0},{"damage":0.0,"enemies":"2 Thieves","floor":20.0,"turns":4.0},{"damage":13.0,"enemies":"Centurion and Healer","floor":21.0,"turns":4.0},{"damage":0.0,"enemies":"Slavers","floor":23.0,"turns":3.0},{"damage":6.0,"enemies":"Gremlin Leader","floor":25.0,"turns":6.0},{"damage":0.0,"enemies":"3 Cultists","floor":26.0,"turns":6.0},{"damage":17.0,"enemies":"Slavers","floor":28.0,"turns":4.0},{"damage":3.0,"enemies":"3 Cultists","floor":29.0,"turns":4.0},{"damage":0.0,"enemies":"Gremlin Leader","floor":31.0,"turns":6.0},{"damage":27.0,"enemies":"Collector","floor":33.0,"turns":6.0},{"damage":20.0,"enemies":"3 Shapes","floor":35.0,"turns":4.0},{"damage":4.0,"enemies":"Orb Walker","floor":36.0,"turns":4.0},{"damage":0.0,"enemies":"Giant Head","floor":40.0,"turns":5.0},{"damage":21.0,"enemies":"Reptomancer","floor":42.0,"turns":6.0},{"damage":0.0,"enemies":"Spire Growth","floor":43.0,"turns":5.0},{"damage":48.0,"enemies":"Spire Growth","floor":46.0,"turns":6.0},{"damage":6,"enemies":"Transient","floor":47,"turns":5},{"damage":0,"enemies":"2 Orb Walkers","floor":48,"turns":3},{"damage":18,"enemies":"Donu and Deca","floor":50,"turns":8}],"seed_played":"4764219790788601491","potions_obtained":[{"floor":1.0,"key":"Dexterity Potion"},{"floor":6.0,"key":"Ancient Potion"},{"floor":13.0,"key":"Weak Potion"},{"floor":16.0,"key":"Strength Potion"},{"floor":21.0,"key":"ColorlessPotion"},{"floor":25.0,"key":"SkillPotion"},{"floor":28.0,"key":"CultistPotion"},{"floor":29.0,"key":"Swift Potion"},{"floor":33.0,"key":"EssenceOfSteel"},{"floor":35.0,"key":"SneckoOil"},{"floor":42.0,"key":"CultistPotion"},{"floor":46.0,"key":"sneckomod:MuddlingPotion"}],"is_trial":false,"path_per_floor":["M","?","?","$","M","E","M","M","MIM","E","?","E","M","M","R","B",null,"M","?","M","M","$","E","R","E","MIM","R","E","M","?","E","R","B",null,"M","M","?","NS","$","E","R","E","MIM","?","R","M","M","?","R","B",null],"character_chosen":"RUNESMITH_CLASS","items_purchased":["Runesmith:Permafrost","Lizard Tail","Runesmith:CraftObretio+1","Runesmith:BackupBattery+1","Runesmith:EmergencyProvisions","Runesmith:LithiumIon","Runesmith:StaticCage+1"],"campfire_rested":2,"item_purchase_floors":[4,22,22,22,39,39,39],"current_hp_per_floor":[63,68,53,53,53,31,30,30,30,22,22,17,13,8,30,27,63,51,44,44,31,31,41,41,35,35,35,33,30,30,40,40,43,75,55,51,95,95,95,95,95,74,88,88,109,61,55,55,108,91],"gold":94,"neow_bonus":"REMOVE_CARD","is_daily":false,"chose_seed":false,"campfire_upgraded":5,"win_rate":0.0,"timestamp":1613262747,"path_taken":["M","?","?","$","M","E","?","M","MIM","E","?","E","?","M","R","BOSS","M","?","?","M","$","E","R","E","MIM","R","E","M","?","E","R","BOSS","M","M","?","NS","?","E","R","E","MIM","?","R","?","M","?","R","BOSS"],"items_purchased_type":["Card","Relic","Card","Card","Relic","Card","Card"],"build_version":"2020-12-22","purchased_purges":1,"victory":true,"max_hp_per_floor":[70,75,75,75,75,75,75,75,75,75,75,75,75,75,75,75,75,75,75,75,75,75,75,75,75,75,75,85,85,85,85,85,85,85,85,85,95,95,95,95,95,95,109,109,109,109,109,109,109,109],"card_choices":[{"not_picked":["Runesmith:Grindstone","Runesmith:MakeshiftArmor"],"picked":"Runesmith:HammerTime","floor":1.0},{"not_picked":["Runesmith:HammerThrow","Runesmith:Overpower"],"picked":"Runesmith:RuneHurl","floor":5.0},{"not_picked":["Runesmith:OneForEveryone","Runesmith:NanitesCloud+1"],"picked":"Runesmith:Firestorm","floor":6.0},{"not_picked":["Runesmith:BackupBattery+1","Runesmith:Grindstone+1"],"picked":"Runesmith:Attraction+1","floor":7.0},{"not_picked":["Runesmith:UnstableHammer","Runesmith:ReplicatingBarrier"],"picked":"Runesmith:Augment+1","floor":8.0},{"not_picked":["Runesmith:HeatedChisel","Runesmith:Overpower"],"picked":"Runesmith:HammerAndChisel+1","floor":9.0},{"not_picked":["Runesmith:UnstableHammer","Runesmith:RunicBlueprint+1"],"picked":"Runesmith:CraftVitae+1","floor":10.0},{"not_picked":["Runesmith:BackupBattery+1","Runesmith:CraftMagma+1"],"picked":"Runesmith:Terraform+1","floor":12.0},{"not_picked":["Runesmith:FieryHammer","Runesmith:EnergizedChisel"],"picked":"Runesmith:CraftMagma+1","floor":13.0},{"not_picked":["Runesmith:EarthShield+1","Runesmith:ShiftingStrike"],"picked":"Runesmith:CraftProtectio+1","floor":14.0},{"not_picked":["Runesmith:GenerateForcefield+1","Runesmith:CreatorForm"],"picked":"Runesmith:Supernova+1","floor":16.0},{"not_picked":["Runesmith:MakeshiftArmor+1","Runesmith:ShiftingStrike"],"picked":"Runesmith:ChargedHammer","floor":18.0},{"not_picked":["Runesmith:HeatedChisel","Runesmith:ChiselStab"],"picked":"Runesmith:HammerThrow","floor":20.0},{"not_picked":["Runesmith:Repurpose+1","Runesmith:CraftProtectio+1"],"picked":"Runesmith:Grindstone+1","floor":21.0},{"not_picked":["Runesmith:Retool+1","Runesmith:PerfectChisel"],"picked":"Runesmith:MetallurgicalResearch+1","floor":23.0},{"not_picked":["Runesmith:ChargedHammer","Runesmith:CraftProtectio+1"],"picked":"Runesmith:CraftIncendium+1","floor":25.0},{"not_picked":["Runesmith:ChiselStab","Runesmith:CraftVitae+1"],"picked":"Runesmith:ChaoticBlast","floor":26.0},{"not_picked":["Runesmith:Permafrost","Runesmith:HeatExchange"],"picked":"Runesmith:ChargedHammer","floor":28.0},{"not_picked":["Runesmith:Electrocute+1","Runesmith:HeatExchange"],"picked":"Runesmith:CraftProtectio+1","floor":29.0},{"not_picked":["Runesmith:BackupBattery+1","Runesmith:CraftMagma+1"],"picked":"Runesmith:Grindstone+1","floor":31.0},{"not_picked":["Runesmith:ReplicatingBarrier","Runesmith:MetallurgicalResearch+1"],"picked":"Runesmith:CraftIndustria+1","floor":33.0},{"not_picked":["Runesmith:RuneHurl","Runesmith:MakeshiftArmor+1"],"picked":"Runesmith:StaticCage+1","floor":35.0},{"not_picked":["Runesmith:Attraction+1","Runesmith:PerfectChisel"],"picked":"Runesmith:OneForEveryone+1","floor":36.0},{"not_picked":["Runesmith:HammerThrow","Runesmith:MakeshiftArmor+1"],"picked":"Runesmith:StaticCage+1","floor":40.0},{"not_picked":["Runesmith:UnstableHammer","Runesmith:HammerTime+1"],"picked":"Runesmith:Repurpose+1","floor":42.0},{"not_picked":["Runesmith:ChaoticBlast","Runesmith:ChargedHammer"],"picked":"Runesmith:CraftObretio+1","floor":43.0},{"not_picked":["Runesmith:Repurpose+1","Runesmith:ChaoticBlast+1"],"picked":"Runesmith:DoubleUp+1","floor":46.0},{"not_picked":["Runesmith:ChiselStab+1","Runesmith:StaticCage+1"],"picked":"Runesmith:CraftVitae+1","floor":47},{"not_picked":["Runesmith:Superposition+1","Runesmith:UnstableHammer+1"],"picked":"Runesmith:Reinforce+1","floor":48}],"player_experience":2203551,"relics_obtained":[{"floor":6.0,"key":"Toxic Egg 2"},{"floor":9.0,"key":"Akabeko"},{"floor":10.0,"key":"Toy Ornithopter"},{"floor":12.0,"key":"hubris:OldNail"},{"floor":23.0,"key":"Pantograph"},{"floor":25.0,"key":"Darkstone Periapt"},{"floor":26.0,"key":"Blue Candle"},{"floor":28.0,"key":"Pear"},{"floor":31.0,"key":"Gremlin Horn"},{"floor":40.0,"key":"Eternal Feather"},{"floor":42.0,"key":"Unceasing Top"},{"floor":43.0,"key":"Mango"},{"floor":48,"key":"hubris:Teleporter"}],"event_choices":[{"damage_healed":0.0,"max_hp_gain":5.0,"max_hp_loss":0.0,"gold_gain":0.0,"event_name":"Big Fish","player_choice":"Donut","floor":2.0,"gold_loss":0.0,"damage_taken":0.0},{"damage_healed":68.0,"max_hp_gain":0.0,"max_hp_loss":75.0,"gold_gain":0.0,"event_name":"betterThird:BetterShining","player_choice":"Upgrade","floor":3.0,"gold_loss":0.0,"damage_taken":15.0,"cards_upgraded":["Runesmith:Strike_RS","Runesmith:Fortify"]},{"damage_healed":0.0,"max_hp_gain":0.0,"max_hp_loss":0.0,"gold_gain":0.0,"event_name":"Accursed Blacksmith","player_choice":"Forge","floor":11.0,"gold_loss":0.0,"damage_taken":0.0,"cards_upgraded":["Runesmith:Firestorm"]},{"damage_healed":0.0,"max_hp_gain":0.0,"max_hp_loss":0.0,"gold_gain":75.0,"event_name":"FaceTrader","player_choice":"Touch","floor":19.0,"gold_loss":0.0,"damage_taken":7.0},{"damage_healed":0.0,"max_hp_gain":0.0,"max_hp_loss":5.0,"gold_gain":0.0,"event_name":"betterThird:BetterWriting","player_choice":"Simplicity","floor":30.0,"gold_loss":0.0,"damage_taken":0.0},{"cards_removed":["Runesmith:MetallurgicalResearch"],"damage_healed":34.0,"max_hp_gain":10.0,"max_hp_loss":0.0,"gold_gain":0.0,"event_name":"Bonfire Elementals","player_choice":"Offered Rare","floor":37.0,"gold_loss":0.0,"damage_taken":0.0},{"cards_removed":["Runesmith:Defend_RS"],"damage_healed":0.0,"max_hp_gain":0.0,"max_hp_loss":0.0,"gold_gain":0.0,"event_name":"Designer","player_choice":"Upgrade and Remove","floor":44.0,"gold_loss":90.0,"damage_taken":0.0,"cards_upgraded":["Runesmith:ChargedHammer"]},{"damage_healed":0,"gold_gain":0,"player_choice":"Fight","damage_taken":0,"max_hp_gain":0,"max_hp_loss":0,"event_name":"Mysterious Sphere","floor":48,"gold_loss":0}],"is_beta":false,"boss_relics":[{"not_picked":["Ectoplasm","hubris:RunicObelisk"],"picked":"hubris:ScarierMask"},{"not_picked":["energizedSpire:EnergizedDie","hubris:VirtuousBlindfold"],"picked":"Runesmith:CoreCrystal"}],"items_purged_floors":[4],"is_endless":false,"potions_floor_spawned":[1,6,13,16,20,21,25,28,29,33,35,42,46],"ascension_level":6}}