{"host":"mgc7o2tpy0ck407l","time":1613342430,"event":{"mods":["Alarm Clock","BaseMod","Better Altar","Better Match","Better Note","Better Sensory Stone","Better Skull","Better Third Choice","Better Vampires","BetterRewards","Block Reminder","Bossed Relics","Challenge The Spire","Colored Map","Colored Powertips","Curses Come First","DeckTracker","Disable Question Mark Monsters","Displayed Cursed Tome","Infinite Spire","Key Reminder","Minty Spire (QoL Compilation)","Permanent Neow","Quick Restart","Rare Cards Sparkle","Relic Sorter","Reliquary","Reorder Act Four","Replay The Spire","Shop Mod","Smile Girya","Spicy Shops","StSLib","SuperFastMode","Transform Curses","Unceasing Turn Reminder"],"gold_per_floor":[109,124,24,24,199,199,223,223,248,273,273,608,608,310,310,436,436,455,455,56,81,81,81,106,106,106,106,149,167,183,217,217,337,337,356,54,79,79,102,102,102,120,171,214,60,83,111,132,132,132,132,55,55,94,94,94],"floor_reached":55,"language":"ENG","playtime":2944,"items_purged":["Strike_G","Strike_G","Doubt","Strike_G","Languid","Shame"],"score":1006,"play_id":"e071155a-9330-41e7-b8c4-d1a0e202f973","local_time":"20210214174030","is_ascension_mode":true,"campfire_choices":[{"floor":6.0,"key":"REST"},{"data":"ReplayTheSpireMod:Speed Training","floor":8.0,"key":"SMITH"},{"data":"Neutralize","floor":11.0,"key":"SMITH"},{"floor":13.0,"key":"REST"},{"data":"Prepared","floor":15.0,"key":"SMITH"},{"data":"Storm of Steel","floor":23.0,"key":"SMITH"},{"floor":25.0,"key":"REST"},{"floor":32.0,"key":"REST"},{"floor":40.0,"key":"RECALL"},{"floor":49.0,"key":"REST"},{"data":"Accuracy","floor":53.0,"key":"SMITH"}],"circlet_count":0,"master_deck":["Strike_G","Defend_G","Defend_G","Defend_G","Defend_G","Defend_G","Survivor","Neutralize+1","Infinite Blades+1","Infinite Blades+1","ReplayTheSpireMod:Speed Training+1","Prepared+1","Cloak And Dagger","Storm of Steel+1","ReplayTheSpireMod:Shiv Toss","infinitespire:TheBestDefense+1","Replay:BasicMightCard","Accuracy+1","Accuracy+1","ReplayTheSpireMod:Speed Training","Prepared+1"],"relics":["Ring of the Snake","reliquary:OuijaBoard","Kunai","Shuriken","reliquary:Knoch","Golden Idol","Old Coin","ReplayTheSpireMod:CursedCoin","Bag of Preparation","reliquary:Bookmark","Empty Cage","Sling","Torii","Replay:Bottled Eggs","Replay:Ancient Bell","Blue Doll","Molten Egg 2","Tingsha","Snake Skull","WristBlade","reliquary:Aerogel","infinitespire:Lychee Nut","infinitespire:EvilPickle","TwistedFunnel","HandDrill","Bottled Tornado"],"acts_visited":["Exordium","TheCity","TheBeyond","TheEnding"],"potions_floor_usage":[55,55],"damage_taken":[{"damage":0.0,"enemies":"Jaw Worm","floor":1.0,"turns":4.0},{"damage":4.0,"enemies":"2 Louse","floor":2.0,"turns":3.0},{"damage":1.0,"enemies":"Cultist","floor":7.0,"turns":4.0},{"damage":5.0,"enemies":"Exordium Thugs","floor":10.0,"turns":8.0},{"damage":18.0,"enemies":"Lagavulin","floor":12.0,"turns":7.0},{"damage":11.0,"enemies":"Fading Forest","floor":16.0,"turns":11.0},{"damage":15.0,"enemies":"3 Byrds","floor":18.0,"turns":5.0},{"damage":17.0,"enemies":"Shell Parasite","floor":21.0,"turns":4.0},{"damage":7.0,"enemies":"Shelled Parasite and Fungi","floor":24.0,"turns":7.0},{"damage":17.0,"enemies":"Slavers","floor":28.0,"turns":9.0},{"damage":13.0,"enemies":"Centurion and Healer","floor":29.0,"turns":7.0},{"damage":6.0,"enemies":"Cultist and Chosen","floor":30.0,"turns":6.0},{"damage":5.0,"enemies":"Book of Stabbing","floor":31.0,"turns":5.0},{"damage":14.0,"enemies":"Pondfish","floor":33.0,"turns":11.0},{"damage":27.0,"enemies":"Orb Walker","floor":35.0,"turns":4.0},{"damage":12.0,"enemies":"3 Shapes","floor":37.0,"turns":1.0},{"damage":1.0,"enemies":"Maw","floor":39.0,"turns":5.0},{"damage":0.0,"enemies":"4 Shapes","floor":42.0,"turns":3.0},{"damage":18.0,"enemies":"Reptomancer","floor":44.0,"turns":4.0},{"damage":3.0,"enemies":"Writhing Mass","floor":46.0,"turns":6.0},{"damage":1.0,"enemies":"Transient","floor":47.0,"turns":5.0},{"damage":6.0,"enemies":"Spire Growth","floor":48.0,"turns":3.0},{"damage":10.0,"enemies":"Replay:Hell Engine","floor":50.0,"turns":7.0},{"damage":17.0,"enemies":"Shield and Spear","floor":54.0,"turns":4.0},{"damage":59,"enemies":"The Heart","floor":55,"turns":2}],"seed_played":"1157632762761373790","potions_obtained":[{"floor":10.0,"key":"Dexterity Potion"},{"floor":16.0,"key":"Strength Potion"},{"floor":18.0,"key":"SpeedPotion"},{"floor":28.0,"key":"Milkshake"},{"floor":35.0,"key":"Swift Potion"},{"floor":39.0,"key":"Venom Potion"}],"is_trial":false,"path_per_floor":["M","M","$","?","?","R","M","R","T","M","R","E","R","$","R","B",null,"M","?","$","M","?","R","M","R","T","?","E","M","M","E","R","B",null,"M","$","M","AVR","M","R","?","M","T","E","$","M","M","M","R","B",null,"$","R","E","B"],"character_chosen":"THE_SILENT","items_purchased":["Infinite Blades","Infinite Blades","ReplayTheSpireMod:CursedCoin","Bag of Preparation","Cloak And Dagger","reliquary:Bookmark","Replay:BasicMightCard","Sling","Accuracy","Snake Skull","TwistedFunnel","HandDrill"],"campfire_rested":5,"item_purchase_floors":[0,0,14,14,14,14,20,20,36,36,45,52],"current_hp_per_floor":[43,39,39,22,22,43,42,42,42,37,37,19,40,40,40,29,70,55,55,55,38,38,38,31,52,52,52,35,22,16,11,32,18,70,43,43,31,31,30,30,30,30,30,12,12,15,20,19,34,30,52,52,52,38,0,0],"gold":94,"neow_bonus":"","is_daily":false,"chose_seed":false,"campfire_upgraded":5,"win_rate":0.0,"timestamp":1613342430,"path_taken":["M","M","$","?","?","R","M","R","T","M","R","E","R","$","R","BOSS","M","?","?","M","?","R","?","R","T","?","E","M","?","E","R","BOSS","M","$","?","AVR","M","R","?","M","T","E","?","M","M","M","R","BOSS","$","R","E","BOSS"],"items_purchased_type":["Card","Card","Relic","Relic","Card","Relic","Card","Relic","Card","Relic","Relic","Relic"],"build_version":"2020-12-22","purchased_purges":6,"victory":false,"max_hp_per_floor":[70,70,70,70,70,70,70,70,70,70,70,70,70,70,70,70,70,70,70,70,70,70,70,70,70,70,70,70,70,70,70,70,70,70,70,70,70,70,70,70,70,70,70,52,52,52,52,52,52,52,52,52,52,52,52,52],"card_choices":[{"not_picked":["Acrobatics","Underhanded Strike"],"picked":"Blade Dance","floor":1.0},{"not_picked":["Dodge and Roll","Bane","Riddle With Holes"],"picked":"SKIP","floor":2.0},{"not_picked":["Deadly Poison","Hidden Blade"],"picked":"ReplayTheSpireMod:Speed Training","floor":7.0},{"not_picked":["Dodge and Roll","Draining Mist"],"picked":"Prepared","floor":10.0},{"not_picked":["Dagger Throw","Masterful Stab","Caltrops"],"picked":"SKIP","floor":12.0},{"not_picked":["Die Die Die","Poison Darts"],"picked":"Storm of Steel","floor":16.0},{"not_picked":["Quick Slash","Draining Mist"],"picked":"ReplayTheSpireMod:Shiv Toss","floor":18.0},{"not_picked":["Prepared","Sucker Punch+1","ReplayTheSpireMod:Shiv Toss"],"picked":"SKIP","floor":21.0},{"not_picked":["Sucker Punch","Riddle With Holes","Quick Slash+1"],"picked":"SKIP","floor":24.0},{"not_picked":["Toxin Wave","Escape Plan","Atom Bomb"],"picked":"SKIP","floor":28.0},{"not_picked":["Deflect","Bane","Poisoned Stab+1"],"picked":"SKIP","floor":29.0},{"not_picked":["Blade Dance","ReplayTheSpireMod:Tripwire","Outmaneuver"],"picked":"SKIP","floor":30.0},{"not_picked":["Hidden Blade","Deflect","Distraction+1"],"picked":"SKIP","floor":31.0},{"not_picked":["ReplayTheSpireMod:Faulty Equipment","Voices"],"picked":"Shame","floor":34.0},{"not_picked":["Pain","Overencumbered"],"picked":"Writhe","floor":34.0},{"not_picked":["Pain","ReplayTheSpireMod:Faulty Equipment"],"picked":"Languid","floor":34.0},{"not_picked":["Dagger Throw+1","Bane+1","Backstab+1"],"picked":"SKIP","floor":35.0},{"not_picked":["Deflect+1","Quick Slash+1"],"picked":"Accuracy+1","floor":37.0},{"not_picked":["Backflip","Accuracy","Tools of the Trade"],"picked":"SKIP","floor":39.0},{"not_picked":["Bane+1","Cloak And Dagger+1"],"picked":"ReplayTheSpireMod:Speed Training","floor":42.0},{"not_picked":["Quick Slash+1","Hidden Blade+1","Well Laid Plans+1"],"picked":"SKIP","floor":44.0},{"not_picked":["Poisoned Stab+1","Quick Slash+1","Blade Dance+1"],"picked":"SKIP","floor":46.0},{"not_picked":["PiercingWail+1","Deadly Poison","Underhanded Strike+1"],"picked":"SKIP","floor":47.0},{"not_picked":["Poisoned Stab+1","Blur","Bane+1"],"picked":"SKIP","floor":48.0},{"not_picked":["Backflip","Dagger Throw+1"],"picked":"Prepared+1","floor":54.0}],"player_experience":770394,"relics_obtained":[{"floor":9.0,"key":"reliquary:Knoch"},{"floor":12.0,"key":"Old Coin"},{"floor":26.0,"key":"Torii"},{"floor":28.0,"key":"Replay:Bottled Eggs"},{"floor":31.0,"key":"Shuriken"},{"floor":44.0,"key":"infinitespire:Lychee Nut"},{"floor":54.0,"key":"Bottled Tornado"}],"event_choices":[{"damage_healed":0.0,"max_hp_gain":0.0,"max_hp_loss":0.0,"gold_gain":0.0,"event_name":"Golden Idol","player_choice":"Take Damage","floor":4.0,"gold_loss":0.0,"damage_taken":17.0,"relics_obtained":["Golden Idol"]},{"damage_healed":0.0,"max_hp_gain":0.0,"max_hp_loss":0.0,"gold_gain":175.0,"event_name":"betterThird:BetterSerpent","player_choice":"AGREE","floor":5.0,"gold_loss":0.0,"damage_taken":24.0},{"cards_removed":["Strike_G"],"damage_healed":0.0,"max_hp_gain":0.0,"max_hp_loss":0.0,"gold_gain":0.0,"event_name":"betterNote:BetterNote","player_choice":"Take \u0026 Give","floor":19.0,"gold_loss":0.0,"damage_taken":0.0,"cards_obtained":["infinitespire:TheBestDefense"]},{"cards_removed":["Blade Dance"],"damage_healed":0.0,"max_hp_gain":0.0,"max_hp_loss":0.0,"gold_gain":0.0,"event_name":"WeMeetAgain","player_choice":"Gave Card","floor":27.0,"gold_loss":0.0,"damage_taken":0.0,"relics_obtained":["Kunai"]},{"cards_removed":["Writhe"],"damage_healed":0.0,"max_hp_gain":0.0,"max_hp_loss":0.0,"gold_gain":0.0,"event_name":"Fountain of Cleansing","player_choice":"Removed Curses","floor":41.0,"gold_loss":0.0,"damage_taken":0.0}],"is_beta":false,"boss_relics":[{"not_picked":["Ring of the Serpent","ReplayTheSpireMod:SealedPack"],"picked":"Empty Cage"},{"not_picked":["Honey Jar","ChewingGum"],"picked":"Replay:Ancient Bell"},{"not_picked":["Replay:Bandana","Replay:Baseball"],"picked":"Blue Doll"},{"not_picked":["StrikeDummy","Replay:Ringing Soul"],"picked":"Molten Egg 2"},{"not_picked":["Du-Vu Doll","Turnip"],"picked":"Tingsha"}],"items_purged_floors":[0,3,14,20,36,38],"is_endless":false,"potions_floor_spawned":[10,16,18,24,28,30,35,39,46,47],"killed_by":"The Heart","ascension_level":1}}