{"host":"hw9lt6p3yhr90vz0","time":1613277795,"event":{"mods":["BaseMod","DeckTracker","Minty Spire (QoL Compilation)","Relic Stats"],"gold_per_floor":[111,121,140,140,140,140,140],"floor_reached":6,"language":"ENG","playtime":342,"items_purged":[],"score":50,"play_id":"705145ff-6ff3-4c7f-936f-a1f4179cd7af","local_time":"20210213234315","is_ascension_mode":true,"campfire_choices":[],"circlet_count":0,"master_deck":["Strike_B","Strike_B","Strike_B","Strike_B","Defend_B","Defend_B","Defend_B","Defend_B","Zap","Dualcast","Conserve Battery","Genetic Algorithm","Injury","Regret"],"relics":["Cracked Core","Golden Idol","Gremlin Horn"],"acts_visited":["Exordium"],"potions_floor_usage":[6],"damage_taken":[{"damage":7,"enemies":"Small Slimes","floor":1,"turns":3},{"damage":0,"enemies":"2 Louse","floor":2,"turns":2},{"damage":4,"enemies":"Cultist","floor":3,"turns":4},{"damage":82,"enemies":"Gremlin Nob","floor":6,"turns":6}],"seed_played":"-5939482892457225320","potions_obtained":[{"floor":1,"key":"Energy Potion"},{"floor":3,"key":"EssenceOfSteel"}],"is_trial":false,"path_per_floor":["M","M","M","?","?","E"],"character_chosen":"DEFECT","items_purchased":[],"campfire_rested":0,"item_purchase_floors":[],"current_hp_per_floor":[68,68,64,64,64,0,0],"gold":140,"neow_bonus":"TEN_PERCENT_HP_BONUS","is_daily":false,"chose_seed":false,"campfire_upgraded":0,"win_rate":0.0,"timestamp":1613277795,"path_taken":["M","M","M","?","?","E"],"items_purchased_type":[],"build_version":"2020-12-22","purchased_purges":0,"victory":false,"max_hp_per_floor":[82,82,82,82,82,82,82],"relic_stats":{"Gremlin Horn":[0,0],"counters":[4,15],"Golden Idol":0,"obtain_stats":[{"Gremlin Horn":5,"Golden Idol":4,"Cracked Core":0},{"Gremlin Horn":3,"Golden Idol":3,"Cracked Core":0},{"Gremlin Horn":9,"Golden Idol":9,"Cracked Core":0}]},"card_choices":[{"not_picked":["Compile Driver","Barrage","Stack"],"picked":"SKIP","floor":1},{"not_picked":["Beam Cell","Blizzard"],"picked":"Conserve Battery","floor":2},{"not_picked":["Sunder","Reinforced Body"],"picked":"Genetic Algorithm","floor":3}],"player_experience":1451447,"relics_obtained":[],"event_choices":[{"damage_healed":0,"gold_gain":0,"player_choice":"Take Wound","damage_taken":0,"relics_obtained":["Golden Idol"],"max_hp_gain":0,"max_hp_loss":0,"event_name":"Golden Idol","floor":4,"gold_loss":0,"cards_obtained":["Injury"]},{"damage_healed":0,"gold_gain":0,"player_choice":"Box","damage_taken":0,"relics_obtained":["Gremlin Horn"],"max_hp_gain":0,"max_hp_loss":0,"event_name":"Big Fish","floor":5,"gold_loss":0,"cards_obtained":["Regret"]}],"is_beta":false,"boss_relics":[],"items_purged_floors":[],"is_endless":false,"potions_floor_spawned":[1,3],"killed_by":"Gremlin Nob","ascension_level":8}}