{"host":"4epvxsx6d4oxmc67","time":1613280715,"event":{"mods":["AchievementEnabler","BaseMod","Colored Map","Highlight Path","Minty Spire (QoL Compilation)"],"gold_per_floor":[113,113,128,144,144,144,177,187,213,213,213,70,70,145,145,249,249,263,178,193,208,62,62,62,62],"floor_reached":24,"language":"ENG","playtime":743,"items_purged":["Defend_P"],"score":256,"play_id":"9e83c5cb-786c-4e69-aff9-c8715f410ed2","local_time":"20210214053155","is_ascension_mode":true,"campfire_choices":[{"data":"FlyingSleeves","floor":6,"key":"SMITH"},{"data":"Eruption","floor":11,"key":"SMITH"},{"data":"Tantrum","floor":13,"key":"SMITH"},{"data":"WheelKick","floor":15,"key":"SMITH"},{"data":"Ragnarok","floor":23,"key":"SMITH"}],"circlet_count":0,"master_deck":["Strike_P","Strike_P","Defend_P","Defend_P","Defend_P","Eruption+1","Vigilance","FlyingSleeves+1","CutThroughFate","DeceiveReality","FlurryOfBlows","WheelKick+1","Tantrum+1","Establishment","FollowUp","JustLucky+1","EmptyFist+1","Ragnarok+1"],"relics":["PureWater","NeowsBlessing","Potion Belt","Ancient Tea Set","Snecko Eye","Omamori"],"acts_visited":["Exordium","TheCity"],"potions_floor_usage":[20,20,24],"damage_taken":[{"damage":0,"enemies":"2 Louse","floor":1,"turns":1},{"damage":0,"enemies":"Cultist","floor":3,"turns":1},{"damage":0,"enemies":"Jaw Worm","floor":4,"turns":1},{"damage":20,"enemies":"Lagavulin","floor":7,"turns":6},{"damage":0,"enemies":"Large Slime","floor":8,"turns":4},{"damage":0,"enemies":"Slime Boss","floor":16,"turns":3},{"damage":0,"enemies":"Spheric Guardian","floor":18,"turns":1},{"damage":20,"enemies":"2 Thieves","floor":20,"turns":2},{"damage":7,"enemies":"Centurion and Healer","floor":21,"turns":4},{"damage":46,"enemies":"Slavers","floor":24,"turns":3}],"seed_played":"8042896291394107295","potions_obtained":[{"floor":1,"key":"Explosive Potion"},{"floor":3,"key":"Explosive Potion"},{"floor":8,"key":"Weak Potion"},{"floor":18,"key":"Ambrosia"}],"is_trial":false,"path_per_floor":["M","?","M","M","?","R","E","M","T","?","R","$","R","?","R","B",null,"M","?","M","M","$","R","E"],"character_chosen":"WATCHER","items_purchased":["Tantrum","Ragnarok"],"campfire_rested":0,"item_purchase_floors":[12,22],"current_hp_per_floor":[72,72,72,72,77,77,57,57,57,50,50,50,50,39,39,39,77,77,77,57,50,50,50,4,4],"gold":62,"neow_bonus":"THREE_ENEMY_KILL","is_daily":false,"chose_seed":false,"campfire_upgraded":5,"win_rate":0.0,"timestamp":1613280715,"path_taken":["M","?","?","M","?","R","E","M","T","?","R","$","R","?","R","BOSS","M","?","M","M","$","R","E"],"items_purchased_type":["Card","Card"],"build_version":"2020-12-22","purchased_purges":1,"victory":false,"max_hp_per_floor":[72,72,72,72,77,77,77,77,77,77,77,77,77,77,77,77,77,77,77,77,77,77,77,77,77],"card_choices":[{"not_picked":["Pray","WreathOfFlame"],"picked":"FlyingSleeves","floor":1},{"not_picked":["Consecrate","BowlingBash"],"picked":"CutThroughFate","floor":3},{"not_picked":["FlurryOfBlows","FlyingSleeves"],"picked":"DeceiveReality","floor":4},{"not_picked":["Crescendo","Weave"],"picked":"FlurryOfBlows","floor":7},{"not_picked":["CrushJoints","Nirvana"],"picked":"WheelKick","floor":8},{"not_picked":["Alpha","Omniscience"],"picked":"Establishment","floor":16},{"not_picked":["ThirdEye","Evaluate"],"picked":"FollowUp","floor":18},{"not_picked":["Meditate","Crescendo"],"picked":"JustLucky+1","floor":20},{"not_picked":["Fasting2+1","CrushJoints+1"],"picked":"EmptyFist+1","floor":21}],"player_experience":118801,"relics_obtained":[{"floor":7,"key":"Potion Belt"},{"floor":9,"key":"Ancient Tea Set"}],"event_choices":[{"cards_removed":["Strike_P"],"damage_healed":0,"gold_gain":0,"player_choice":"Purged","damage_taken":0,"max_hp_gain":0,"max_hp_loss":0,"event_name":"Purifier","floor":2,"gold_loss":0},{"damage_healed":0,"gold_gain":0,"player_choice":"Donut","damage_taken":0,"max_hp_gain":5,"max_hp_loss":0,"event_name":"Big Fish","floor":5,"gold_loss":0},{"cards_removed":["Strike_P"],"damage_healed":0,"gold_gain":0,"player_choice":"Card Removal","damage_taken":7,"max_hp_gain":0,"max_hp_loss":0,"event_name":"Golden Wing","floor":10,"gold_loss":0},{"damage_healed":0,"gold_gain":75,"player_choice":"Gather Gold","damage_taken":11,"max_hp_gain":0,"max_hp_loss":0,"event_name":"World of Goop","floor":14,"gold_loss":0},{"damage_healed":0,"gold_gain":0,"player_choice":"Obtained Relic","damage_taken":0,"relics_obtained":["Omamori"],"max_hp_gain":0,"max_hp_loss":0,"event_name":"Addict","floor":19,"gold_loss":85}],"is_beta":false,"boss_relics":[{"not_picked":["Pandora\u0027s Box","Sozu"],"picked":"Snecko Eye"}],"items_purged_floors":[12],"is_endless":false,"potions_floor_spawned":[1,3,8,18],"killed_by":"Slavers","ascension_level":1}}