{"host":"c97twqu0op5dg8i4","time":1613340379,"event":{"mods":["AchievementEnabler","BaseMod","Colored Map","Minty Spire (QoL Compilation)","Permanent Neow"],"gold_per_floor":[18,18,33,46,46,46,78,88,88,88,105,105,105,166,116,116,116,116],"floor_reached":17,"language":"ENG","playtime":466,"items_purged":[],"score":168,"play_id":"29322229-cc24-44c3-9cac-684affbb193b","local_time":"20210214170619","is_ascension_mode":true,"campfire_choices":[{"data":"Carnage","floor":6,"key":"SMITH"},{"data":"True Grit","floor":9,"key":"SMITH"},{"data":"Flame Barrier","floor":12,"key":"SMITH"},{"data":"Barricade","floor":16,"key":"SMITH"}],"circlet_count":0,"master_deck":["AscendersBane","Strike_R","Strike_R","Strike_R","Strike_R","Defend_R","Defend_R","Defend_R","Defend_R","Bash","Pummel","Carnage+1","Evolve","Barricade+1","True Grit+1","Flame Barrier+1","Shockwave"],"relics":["Burning Blood","Peace Pipe","Smiling Mask","Tiny Chest","Meat on the Bone"],"acts_visited":["Exordium"],"potions_floor_usage":[8,11,17],"damage_taken":[{"damage":6.0,"enemies":"Cultist","floor":1.0,"turns":4.0},{"damage":18.0,"enemies":"Small Slimes","floor":3.0,"turns":4.0},{"damage":8,"enemies":"2 Louse","floor":4,"turns":2},{"damage":30,"enemies":"3 Sentries","floor":7,"turns":7},{"damage":4,"enemies":"2 Fungi Beasts","floor":8,"turns":3},{"damage":0,"enemies":"Looter","floor":11,"turns":1},{"damage":16,"enemies":"3 Sentries","floor":14,"turns":8},{"damage":39,"enemies":"Hexaghost","floor":17,"turns":14}],"seed_played":"1761084769959842819","potions_obtained":[{"floor":1.0,"key":"DistilledChaos"},{"floor":4,"key":"Fire Potion"},{"floor":8,"key":"Fire Potion"},{"floor":14,"key":"Regen Potion"}],"is_trial":false,"path_per_floor":["M","?","M","M","$","R","E","M","R","T","M","R","?","?","?","R","B"],"character_chosen":"IRONCLAD","items_purchased":[],"campfire_rested":0,"item_purchase_floors":[],"current_hp_per_floor":[72,72,60,58,58,58,34,36,36,36,42,42,62,52,52,52,13,13],"gold":116,"neow_bonus":"ONE_RARE_RELIC","is_daily":false,"chose_seed":false,"campfire_upgraded":4,"win_rate":0.0,"timestamp":1613340379,"path_taken":["M","?","M","?","?","R","E","M","R","T","M","R","?","?","?","R","BOSS"],"items_purchased_type":[],"build_version":"2020-12-22","purchased_purges":0,"victory":false,"max_hp_per_floor":[80,80,80,80,80,80,80,80,80,80,80,80,80,80,77,77,77,77],"card_choices":[{"not_picked":["Intimidate","Clash"],"picked":"Pummel","floor":1.0},{"not_picked":["Perfected Strike","Havoc"],"picked":"Carnage","floor":3.0},{"not_picked":["Pommel Strike","Sentinel"],"picked":"Evolve","floor":4},{"not_picked":["Disarm","Headbutt"],"picked":"Barricade","floor":7},{"not_picked":["Warcry","Dropkick"],"picked":"True Grit","floor":8},{"not_picked":["Warcry","Havoc"],"picked":"Flame Barrier","floor":11},{"not_picked":["Warcry","Wild Strike"],"picked":"Shockwave","floor":14}],"player_experience":410364,"relics_obtained":[{"floor":7,"key":"Smiling Mask"},{"floor":10,"key":"Tiny Chest"},{"floor":14,"key":"Meat on the Bone"}],"event_choices":[{"cards_removed":["Strike_R"],"damage_healed":0.0,"max_hp_gain":0.0,"max_hp_loss":0.0,"gold_gain":0.0,"event_name":"Purifier","player_choice":"Purged","floor":2.0,"gold_loss":0.0,"damage_taken":0.0},{"damage_healed":20,"gold_gain":0,"player_choice":"Healed and dodged fight","damage_taken":0,"max_hp_gain":0,"max_hp_loss":0,"event_name":"Mushrooms","floor":13,"gold_loss":0,"cards_obtained":["Parasite"]},{"damage_healed":0,"gold_gain":0,"player_choice":"Searched \u00272\u0027 times","damage_taken":0,"max_hp_gain":0,"max_hp_loss":0,"event_name":"Dead Adventurer","floor":14,"gold_loss":0},{"cards_removed":["Parasite"],"damage_healed":0,"gold_gain":0,"player_choice":"Card Removal","damage_taken":0,"max_hp_gain":0,"max_hp_loss":0,"event_name":"The Cleric","floor":15,"gold_loss":50}],"is_beta":false,"boss_relics":[],"items_purged_floors":[],"is_endless":false,"potions_floor_spawned":[1,4,8,14],"killed_by":"Hexaghost","ascension_level":12}}