{"host":"qrt7o4dq2qslzw13","time":1613303821,"event":{"mods":["AchievementEnabler","BaseMod","Colored Map","Colored Powertips","Minty Spire (QoL Compilation)","Quick Restart","StSLib","SuperFastMode"],"gold_per_floor":[114,74,88,108,108,108,127,158,158,158,170,170,495,475,475,475,475],"floor_reached":16,"language":"ENG","playtime":182,"items_purged":[],"score":220,"play_id":"63427af9-36d5-40aa-9a96-c10aa31caec2","local_time":"20210214065701","is_ascension_mode":true,"campfire_choices":[{"floor":6.0,"key":"REST"},{"data":"Heavy Blade","floor":10.0,"key":"SMITH"},{"data":"Inflame","floor":12.0,"key":"SMITH"},{"floor":15.0,"key":"REST"}],"circlet_count":0,"master_deck":["AscendersBane","Strike_R","Strike_R","Strike_R","Strike_R","Strike_R","Defend_R","Defend_R+1","Defend_R","Defend_R","Bash","Decay","Carnage+1","Inflame+1","Heavy Blade+1","Anger","Brutality","Sever Soul","Pummel"],"relics":["Burning Blood","Blue Candle","Thread and Needle","Old Coin"],"acts_visited":["Exordium"],"potions_floor_usage":[],"damage_taken":[{"damage":6.0,"enemies":"Cultist","floor":1.0,"turns":3.0},{"damage":16.0,"enemies":"Jaw Worm","floor":3.0,"turns":4.0},{"damage":11.0,"enemies":"2 Louse","floor":4.0,"turns":3.0},{"damage":16.0,"enemies":"Lots of Slimes","floor":7.0,"turns":5.0},{"damage":10.0,"enemies":"Gremlin Nob","floor":8.0,"turns":3.0},{"damage":11.0,"enemies":"Exordium Wildlife","floor":11.0,"turns":4.0},{"damage":21.0,"enemies":"Lagavulin","floor":13.0,"turns":5.0},{"damage":1,"enemies":"The Guardian","floor":16,"turns":2}],"seed_played":"7660953675590962237","potions_obtained":[{"floor":3.0,"key":"PowerPotion"},{"floor":7.0,"key":"Strength Potion"},{"floor":11.0,"key":"SmokeBomb"},{"floor":14.0,"key":"SneckoOil"}],"is_trial":false,"path_per_floor":["M","$","M","M","?","R","M","E","T","R","M","R","E","?","R","B"],"character_chosen":"IRONCLAD","items_purchased":["Inflame"],"campfire_rested":2,"item_purchase_floors":[2],"current_hp_per_floor":[82,82,72,67,40,66,56,52,52,52,47,47,32,32,58,57,57],"gold":475,"neow_bonus":"TWENTY_PERCENT_HP_BONUS","is_daily":false,"chose_seed":false,"campfire_upgraded":2,"win_rate":0.0,"timestamp":1613303821,"path_taken":["M","?","M","M","?","R","M","E","T","R","M","R","E","?","R","BOSS"],"items_purchased_type":["Card"],"build_version":"2020-12-22","purchased_purges":0,"victory":false,"max_hp_per_floor":[89,89,89,89,89,89,89,89,89,89,89,89,89,89,89,89,89],"card_choices":[{"not_picked":["Dark Embrace","Shrug It Off"],"picked":"Carnage","floor":1.0},{"not_picked":["Iron Wave","Perfected Strike"],"picked":"Heavy Blade","floor":3.0},{"not_picked":["Warcry","Body Slam","Perfected Strike"],"picked":"SKIP","floor":4.0},{"not_picked":["Twin Strike","Armaments"],"picked":"Anger","floor":7.0},{"not_picked":["Shrug It Off","Clothesline"],"picked":"Brutality","floor":8.0},{"not_picked":["Pommel Strike","Clothesline"],"picked":"Sever Soul","floor":11.0},{"not_picked":["Burning Pact","Pommel Strike"],"picked":"Pummel","floor":13.0}],"player_experience":637837,"relics_obtained":[{"floor":8.0,"key":"Blue Candle"},{"floor":9.0,"key":"Thread and Needle"},{"floor":13.0,"key":"Old Coin"}],"event_choices":[{"damage_healed":0.0,"max_hp_gain":0.0,"max_hp_loss":0.0,"gold_gain":0.0,"event_name":"Shining Light","player_choice":"Entered Light","floor":5.0,"gold_loss":0.0,"damage_taken":27.0,"cards_upgraded":["Defend_R","Carnage"]},{"damage_healed":0.0,"max_hp_gain":0.0,"max_hp_loss":0.0,"gold_gain":0.0,"event_name":"The Woman in Blue","player_choice":"Bought 1 Potion","floor":14.0,"gold_loss":0.0,"damage_taken":0.0}],"is_beta":false,"boss_relics":[],"items_purged_floors":[],"is_endless":false,"potions_floor_spawned":[3,7,11],"killed_by":"The Guardian","ascension_level":20}}