{"host":"mhzgc0zma59jtmoj","time":1613279889,"event":{"mods":["BaseMod","BetterRewards","Custom Start","Glutton Mod","Ironclad Rager","Minty Spire (QoL Compilation)","Replay The Spire","Somnambulant","StSLib","The Cursed","The Hierophant","The Jungle","Treasure Hunter"],"gold_per_floor":[604,623,642,660,660,660,689,701,701,701,715,715,665,685,685,780,780,797,797,811,811,822,854,235,246,269,269,269,281,295,308,308,404,404,418,433,446,291,303,303,303,320,374,401,412,412,412,412],"floor_reached":47,"language":"ENG","playtime":2859,"items_purged":[],"score":510,"play_id":"9eb2e697-51a2-41fa-863f-a099892e215b","local_time":"20210214001809","daily_mods":["SealedDeck"],"is_ascension_mode":false,"campfire_choices":[{"data":"Glutton:Migraine","floor":6,"key":"SMITH"},{"data":"Glutton:GuardStance","floor":12,"key":"SMITH"},{"data":"Glutton:GuardStance","floor":15,"key":"SMITH"},{"data":"Glutton:SelfFlagellate","floor":27,"key":"SMITH"},{"data":"Glutton:GuardStance","floor":32,"key":"SMITH"},{"floor":40,"key":"REST"}],"circlet_count":0,"master_deck":["Glutton:Migraine+1","Glutton:GuardStance+1","Glutton:GuardStance+1","Glutton:Chomp","Glutton:KneeJerk","Glutton:KneeJerk","Glutton:SelfFlagellate+1","Glutton:SelfFlagellate+1","Glutton:Bite","Glutton:Chomp","Glutton:GuardStance+1","TH:EnergyPotion","TH:CopperCoins","Glutton:BloodyKnuckle","Glutton:Fast+1","TH:ElvenBoots+1","Glutton:Bite","TH:EnergyPotion","Glutton:SelfFlagellate+1","TH:EnergyPotion","Glutton:Migraine+1","TH:DeckOfManyThings","Glutton:StarvationMode","Glutton:Avarice","TH:Mimic"],"relics":["Glutton:EternalHunger","ReplayTheSpireMod:Ninjato","Divine Protection","Velvet Choker","Glutton:LuckySock","Nunchaku","Pear","Guide Book","Lantern","Glutton:Gemstone","Bag of Preparation","MealTicket","Frozen Egg 2"],"acts_visited":["Exordium","TheCity","TheBeyond"],"potions_floor_usage":[33,33],"damage_taken":[{"damage":22,"enemies":"Cultist","floor":1,"turns":3},{"damage":18,"enemies":"2 Louse","floor":2,"turns":3},{"damage":16,"enemies":"Jaw Worm","floor":3,"turns":3},{"damage":14,"enemies":"Blue Slaver","floor":4,"turns":3},{"damage":23,"enemies":"Gremlin Nob","floor":7,"turns":3},{"damage":59,"enemies":"Red Slaver","floor":8,"turns":5},{"damage":33,"enemies":"Gremlin Gang","floor":11,"turns":5},{"damage":14,"enemies":"2 Fungi Beasts","floor":14,"turns":3},{"damage":57,"enemies":"Slime Boss","floor":16,"turns":8},{"damage":51,"enemies":"2 Thieves","floor":18,"turns":4},{"damage":68,"enemies":"Chosen","floor":20,"turns":6},{"damage":59,"enemies":"Centurion and Healer","floor":22,"turns":4},{"damage":88,"enemies":"Slavers","floor":23,"turns":4},{"damage":28,"enemies":"Cultist and Chosen","floor":25,"turns":4},{"damage":45,"enemies":"Chosen and Byrds","floor":29,"turns":4},{"damage":30,"enemies":"Sentry and Sphere","floor":30,"turns":3},{"damage":51,"enemies":"Snake Plant","floor":31,"turns":3},{"damage":117,"enemies":"Collector","floor":33,"turns":6},{"damage":51,"enemies":"3 Shapes","floor":35,"turns":3},{"damage":19,"enemies":"Orb Walker","floor":36,"turns":2},{"damage":98,"enemies":"Maw","floor":37,"turns":6},{"damage":104,"enemies":"Transient","floor":39,"turns":5},{"damage":64,"enemies":"4 Shapes","floor":42,"turns":5},{"damage":123,"enemies":"Giant Head","floor":44,"turns":7},{"damage":67,"enemies":"3 Darklings","floor":45,"turns":4},{"damage":0,"enemies":"Spire Growth","floor":47,"turns":1}],"seed_played":"-2607413258800075238","potions_obtained":[{"floor":7,"key":"ColorlessPotion"},{"floor":14,"key":"PowerPotion"},{"floor":16,"key":"SteroidPotion"},{"floor":33,"key":"FearPotion"},{"floor":37,"key":"LiquidMemories"},{"floor":45,"key":"DistilledChaos"}],"is_trial":true,"path_per_floor":["M","M","M","M","$","R","E","M","T","?","M","R","?","M","R","B",null,"M","$","M","?","M","E","$","M","T","R","?","M","M","M","R","B",null,"M","M","M","$","M","R","?","M","T","E","M","?","M"],"character_chosen":"GLUTTON","items_purchased":["Nunchaku","Pear","Guide Book","Glutton:ToxicResidue","Bag of Preparation"],"campfire_rested":1,"item_purchase_floors":[24,24,24,24,38],"current_hp_per_floor":[98,103,101,106,106,106,108,86,86,86,85,85,85,89,89,76,120,113,113,101,101,90,60,70,93,93,93,93,89,65,55,55,5,130,106,110,78,78,57,96,130,95,95,43,23,23,23,23],"gold":412,"neow_bonus":"","is_daily":false,"chose_seed":false,"campfire_upgraded":5,"win_rate":0.0,"timestamp":1613279889,"path_taken":["M","?","M","M","$","R","E","M","T","?","?","R","?","M","R","BOSS","M","$","M","?","M","E","$","M","T","R","?","?","M","M","R","BOSS","M","M","M","$","M","R","?","?","T","E","M","?","?"],"items_purchased_type":["Relic","Relic","Relic","Card","Relic"],"build_version":"2020-12-22","purchased_purges":0,"victory":false,"max_hp_per_floor":[120,120,120,120,120,120,120,120,120,120,120,120,120,120,120,120,120,120,120,120,120,120,120,130,130,130,130,130,130,130,130,130,130,130,130,130,130,130,130,130,130,130,130,130,130,130,130,130],"card_choices":[{"not_picked":["Glutton:DecrepitStrike","Glutton:Chrysosphagy"],"picked":"Glutton:Bite","floor":1},{"not_picked":["Glutton:FeebleKick","Glutton:Salivate"],"picked":"Glutton:Chomp","floor":2},{"not_picked":["Glutton:Demolish","Glutton:Yearn","Glutton:Thrombosis"],"picked":"SKIP","floor":3},{"not_picked":["Glutton:LashOut","Glutton:Thrombosis","Glutton:Dispepsia"],"picked":"SKIP","floor":4},{"not_picked":["Glutton:Nostalgia","Glutton:Thrombosis"],"picked":"Glutton:GuardStance","floor":7},{"not_picked":["TH:DeckOfManyThings"],"picked":"TH:EnergyPotion","floor":7},{"not_picked":["Glutton:Tantrum","Glutton:BloodyKnuckle","Glutton:SelfFlagellate"],"picked":"SKIP","floor":8},{"not_picked":["TH:TreasureMap"],"picked":"TH:CopperCoins","floor":9},{"not_picked":["Glutton:ToxicResidue","Glutton:KneeJerk","Glutton:Demolish"],"picked":"SKIP","floor":11},{"not_picked":["Glutton:Yearn","Glutton:Scab","Glutton:Devour"],"picked":"SKIP","floor":14},{"not_picked":["Glutton:Vitality","Glutton:Nostalgia"],"picked":"Glutton:Fast","floor":16},{"not_picked":["TH:PixieDust"],"picked":"TH:ElvenBoots","floor":16},{"not_picked":["Glutton:Devour","Glutton:Tumor","Glutton:Brace"],"picked":"SKIP","floor":18},{"not_picked":["Glutton:Chomp","Glutton:Masochism","Glutton:KneeJerk"],"picked":"SKIP","floor":20},{"not_picked":["Glutton:Rest","Glutton:Yearn"],"picked":"Glutton:Bite","floor":22},{"not_picked":["TH:BikiniMail"],"picked":"TH:EnergyPotion","floor":23},{"not_picked":["Glutton:FeverVisions","Glutton:Treat","Glutton:Bite"],"picked":"SKIP","floor":23},{"not_picked":["Glutton:Borborygmi","Glutton:Rest"],"picked":"Glutton:SelfFlagellate+1","floor":25},{"not_picked":["TH:TreasureMap"],"picked":"TH:EnergyPotion","floor":26},{"not_picked":["Glutton:Devour","Glutton:Feed","Glutton:Misery"],"picked":"SKIP","floor":29},{"not_picked":["Glutton:Bite","Glutton:Borborygmi+1","Glutton:Slam+1"],"picked":"SKIP","floor":30},{"not_picked":["Glutton:Feed","Glutton:FeebleKick"],"picked":"Glutton:Migraine+1","floor":31},{"not_picked":["TH:ArmorSpikes"],"picked":"TH:DeckOfManyThings","floor":33},{"not_picked":["Glutton:Avarice","Glutton:Inversion"],"picked":"Glutton:StarvationMode","floor":33},{"not_picked":["Glutton:Rest+1","Glutton:SelfFlagellate+1","Glutton:Tumor+1"],"picked":"SKIP","floor":35},{"not_picked":["Glutton:Scab","Glutton:FeebleKick+1","Glutton:GuardStance+1"],"picked":"SKIP","floor":36},{"not_picked":["Glutton:SelfFlagellate","Glutton:Feed+1","Glutton:Treat"],"picked":"SKIP","floor":37},{"not_picked":["Glutton:Mug+1","Glutton:Delusion"],"picked":"Glutton:Avarice","floor":39},{"not_picked":["Glutton:Strain","Glutton:Tantrum+1","Glutton:Scab"],"picked":"SKIP","floor":42},{"not_picked":["TH:CursedSword"],"picked":"TH:Mimic","floor":43},{"not_picked":["TH:PixieDust","TH:ElvenBoots"],"picked":"SKIP","floor":44},{"not_picked":["Glutton:Bite+1","Glutton:Salivate+1","Glutton:Demolish+1"],"picked":"SKIP","floor":44},{"not_picked":["Glutton:PainMeditation","Glutton:ShedFat+1","Glutton:LashOut"],"picked":"SKIP","floor":45}],"player_experience":285331,"relics_obtained":[{"floor":7,"key":"ReplayTheSpireMod:Ninjato"},{"floor":9,"key":"Divine Protection"},{"floor":23,"key":"Glutton:LuckySock"},{"floor":26,"key":"Lantern"},{"floor":43,"key":"MealTicket"},{"floor":44,"key":"Frozen Egg 2"}],"event_choices":[{"damage_healed":0,"gold_gain":0,"cards_transformed":["Glutton:Slam"],"player_choice":"Transformed","damage_taken":0,"max_hp_gain":0,"max_hp_loss":0,"event_name":"Transmorgrifier","floor":10,"gold_loss":0,"cards_obtained":["Glutton:BloodyKnuckle"]},{"cards_removed":["Glutton:KneeJerk"],"damage_healed":0,"gold_gain":0,"player_choice":"Card Removal","damage_taken":0,"max_hp_gain":0,"max_hp_loss":0,"event_name":"The Cleric","floor":13,"gold_loss":50},{"damage_healed":0,"gold_gain":0,"player_choice":"Ignored","damage_taken":0,"max_hp_gain":0,"max_hp_loss":0,"event_name":"Ghosts","floor":21,"gold_loss":0},{"damage_healed":0,"gold_gain":0,"player_choice":"Upgraded","damage_taken":0,"max_hp_gain":0,"max_hp_loss":0,"event_name":"Upgrade Shrine","floor":28,"gold_loss":0,"cards_upgraded":["Glutton:SelfFlagellate"]},{"cards_removed":["Glutton:ToxicResidue"],"damage_healed":34,"gold_gain":0,"player_choice":"Offered Uncommon","damage_taken":0,"max_hp_gain":0,"max_hp_loss":0,"event_name":"Bonfire Elementals","floor":41,"gold_loss":0},{"damage_healed":0,"gold_gain":0,"player_choice":"Bought 0 Potions","damage_taken":0,"max_hp_gain":0,"max_hp_loss":0,"event_name":"The Woman in Blue","floor":46,"gold_loss":0}],"is_beta":false,"boss_relics":[{"not_picked":["Ectoplasm","Empty Cage"],"picked":"Velvet Choker"},{"not_picked":["Honey Jar","Replay:Bronze Core"],"picked":"Glutton:Gemstone"}],"items_purged_floors":[],"is_endless":false,"potions_floor_spawned":[2,7,11,14,16,20,23,25,33,37,45],"killed_by":"Spire Growth","ascension_level":0}}