{"host":"uiabnm26t0ss3jkq","time":1613305690,"event":{"mods":["BaseMod","Better Note","Better Skull","Better Third Choice","Bossed Relics","Colored Powertips","Curses Come First","Minty Spire (QoL Compilation)","Relic Stats","StSLib","SuperFastMode","Waifu the Spire"],"gold_per_floor":[111,386,4,18,18,50,50,66,66,66,94,94,106,106,106,205,205,219,219,219,269,258,258,258,258],"floor_reached":24,"language":"ENG","playtime":881,"items_purged":["Regret"],"score":297,"play_id":"13c08d95-6c25-424b-9051-28c3e95d2ad0","local_time":"20210214152810","is_ascension_mode":true,"campfire_choices":[{"data":"Strike_B","floor":7.0,"key":"PURGE"},{"data":"Strike_B","floor":10.0,"key":"PURGE"},{"data":"Strike_B","floor":12.0,"key":"PURGE"},{"data":"Regret","floor":15.0,"key":"PURGE"},{"data":"Defend_B","floor":23.0,"key":"PURGE"}],"circlet_count":0,"master_deck":["Strike_B","Defend_B","Defend_B","Defend_B","Zap","Dualcast","Storm","Ball Lightning","Sunder","Hologram","Double Energy","Fission","Conserve Battery","Conserve Battery"],"relics":["Cracked Core","NeowsBlessing","Peace Pipe","Matryoshka","Shuriken","Anchor","Blue Candle","Mango","Symbiotic Virus","Black Star"],"acts_visited":["Exordium","TheCity"],"potions_floor_usage":[24,24],"damage_taken":[{"damage":0.0,"enemies":"Jaw Worm","floor":1.0,"turns":1.0},{"damage":0.0,"enemies":"Cultist","floor":4.0,"turns":1.0},{"damage":0.0,"enemies":"Gremlin Nob","floor":6.0,"turns":1.0},{"damage":0.0,"enemies":"2 Louse","floor":8.0,"turns":1.0},{"damage":10.0,"enemies":"Lagavulin","floor":11.0,"turns":5.0},{"damage":3.0,"enemies":"Blue Slaver","floor":13.0,"turns":3.0},{"damage":30.0,"enemies":"The Guardian","floor":16.0,"turns":10.0},{"damage":31.0,"enemies":"Shell Parasite","floor":18.0,"turns":5.0},{"damage":12.0,"enemies":"2 Thieves","floor":22.0,"turns":4.0},{"damage":46,"enemies":"Slavers","floor":24,"turns":5}],"seed_played":"525437079917418675","potions_obtained":[{"floor":1.0,"key":"DuplicationPotion"},{"floor":4.0,"key":"Dexterity Potion"},{"floor":8.0,"key":"PowerPotion"},{"floor":13.0,"key":"Strength Potion"},{"floor":18.0,"key":"EssenceOfSteel"},{"floor":22.0,"key":"Regen Potion"}],"is_trial":false,"path_per_floor":["M","?","$","M","?","E","R","M","T","R","E","R","M","?","R","B",null,"M","?","?","?","M","R","E"],"character_chosen":"DEFECT","items_purchased":["Peace Pipe"],"campfire_rested":0,"item_purchase_floors":[3],"current_hp_per_floor":[75,75,75,75,42,42,42,42,42,42,46,46,43,43,43,13,89,58,58,41,41,29,29,0,0],"gold":258,"neow_bonus":"THREE_ENEMY_KILL","is_daily":false,"chose_seed":false,"campfire_upgraded":0,"win_rate":0.0,"timestamp":1613305690,"path_taken":["M","?","?","M","?","E","R","M","T","R","E","R","?","?","R","BOSS","M","?","?","?","?","R","E"],"items_purchased_type":["Relic"],"build_version":"2020-12-22","purchased_purges":1,"victory":false,"max_hp_per_floor":[75,75,75,75,75,75,75,75,75,75,89,89,89,89,89,89,89,89,89,94,94,94,94,94,94],"relic_stats":{"Peace Pipe":5,"counters":[10,36],"Shuriken":[0],"Blue Candle":[0],"Black Star":0,"obtain_stats":[{"Peace Pipe":3,"Anchor":9,"Matryoshka":5,"NeowsBlessing":0,"Shuriken":6,"Blue Candle":9,"Mango":11,"Black Star":17,"Cracked Core":0,"Symbiotic Virus":14},{"Peace Pipe":1,"Anchor":4,"Matryoshka":2,"NeowsBlessing":0,"Shuriken":3,"Blue Candle":4,"Mango":5,"Black Star":7,"Cracked Core":0,"Symbiotic Virus":6},{"Peace Pipe":1,"Anchor":4,"Matryoshka":2,"NeowsBlessing":0,"Shuriken":3,"Blue Candle":4,"Mango":9,"Black Star":22,"Cracked Core":0,"Symbiotic Virus":12}]},"card_choices":[{"not_picked":["Lockon","Rebound"],"picked":"Storm","floor":1.0},{"not_picked":["Darkness","Steam"],"picked":"Ball Lightning","floor":4.0},{"not_picked":["Hello World","Steam Power"],"picked":"Sunder","floor":6.0},{"not_picked":["Barrage","Sweeping Beam"],"picked":"Hologram","floor":8.0},{"not_picked":["Blizzard","Force Field"],"picked":"Double Energy","floor":11.0},{"not_picked":["Rebound","Beam Cell","Redo"],"picked":"SKIP","floor":13.0},{"not_picked":["Core Surge","Reboot"],"picked":"Fission","floor":16.0},{"not_picked":["Ball Lightning","Consume"],"picked":"Conserve Battery","floor":18.0},{"not_picked":["Hologram","Gash+1"],"picked":"Conserve Battery","floor":22.0}],"player_experience":408615,"relics_obtained":[{"floor":6.0,"key":"Shuriken"},{"floor":9.0,"key":"Anchor"},{"floor":9.0,"key":"Blue Candle"},{"floor":11.0,"key":"Mango"}],"event_choices":[{"damage_healed":0.0,"max_hp_gain":0.0,"max_hp_loss":0.0,"gold_gain":275.0,"event_name":"Golden Shrine","player_choice":"Desecrate","floor":2.0,"gold_loss":0.0,"damage_taken":0.0,"cards_obtained":["Regret"]},{"damage_healed":0.0,"max_hp_gain":0.0,"max_hp_loss":0.0,"gold_gain":0.0,"event_name":"betterThird:BetterScrap","player_choice":"Relic ","floor":5.0,"gold_loss":0.0,"damage_taken":33.0,"cards_obtained":["Tantrum"]},{"damage_healed":0.0,"max_hp_gain":0.0,"max_hp_loss":0.0,"gold_gain":0.0,"event_name":"Big Fish","player_choice":"Box","floor":14.0,"gold_loss":0.0,"damage_taken":0.0,"relics_obtained":["Symbiotic Virus"],"cards_obtained":["Regret"]},{"damage_healed":0.0,"max_hp_gain":5.0,"max_hp_loss":0.0,"gold_gain":0.0,"event_name":"Forgotten Altar","player_choice":"Shed Blood","floor":20.0,"gold_loss":0.0,"damage_taken":22.0},{"damage_healed":0.0,"max_hp_gain":0.0,"max_hp_loss":0.0,"gold_gain":100.0,"event_name":"The Joust","player_choice":"Bet on Murderer","floor":21.0,"gold_loss":50.0,"damage_taken":0.0}],"is_beta":false,"boss_relics":[{"not_picked":["Inserter","Velvet Choker"],"picked":"Black Star"}],"items_purged_floors":[3],"is_endless":false,"potions_floor_spawned":[1,4,8,13,18,22],"killed_by":"Slavers","ascension_level":4}}