{"host":"4epvxsx6d4oxmc67","time":1613342357,"event":{"mods":["AchievementEnabler","BaseMod","Colored Map","Highlight Path","Minty Spire (QoL Compilation)"],"gold_per_floor":[109,109,129,147,162,162,179,179,206,218,143,159,178,192,192,290,290,309,295,295,295,38,38,38,38],"floor_reached":24,"language":"ENG","playtime":1034,"items_purged":["Strike_G","Malaise"],"score":221,"play_id":"d9ef10f9-2980-4aac-bc42-f46d806b70f4","local_time":"20210214223917","is_ascension_mode":true,"campfire_choices":[{"data":"Dagger Spray","floor":6,"key":"SMITH"},{"data":"Enlightenment","floor":8,"key":"SMITH"},{"data":"Bouncing Flask","floor":15,"key":"SMITH"},{"floor":23,"key":"REST"}],"circlet_count":0,"master_deck":["Strike_G+1","Strike_G+1","Defend_G+1","Defend_G+1","Defend_G+1","Defend_G+1","Defend_G+1","Survivor","Neutralize","Predator","Enlightenment+1","Footwork","Dagger Spray+1","Well Laid Plans","Bouncing Flask+1","Noxious Fumes","Footwork","Malaise","Slice+1","Dodge and Roll","Corpse Explosion"],"relics":["Ring of the Snake","Calipers","Strawberry","Fusion Hammer","Snake Skull"],"acts_visited":["Exordium","TheCity"],"potions_floor_usage":[5,5,14,16],"damage_taken":[{"damage":1.0,"enemies":"Small Slimes","floor":1.0,"turns":4.0},{"damage":0.0,"enemies":"Cultist","floor":3.0,"turns":3.0},{"damage":1.0,"enemies":"Jaw Worm","floor":4.0,"turns":4.0},{"damage":8,"enemies":"Large Slime","floor":5,"turns":5},{"damage":0,"enemies":"2 Fungi Beasts","floor":7,"turns":2},{"damage":4,"enemies":"Red Slaver","floor":10,"turns":4},{"damage":0,"enemies":"Exordium Wildlife","floor":12,"turns":3},{"damage":5,"enemies":"Looter","floor":13,"turns":4},{"damage":0,"enemies":"2 Fungi Beasts","floor":14,"turns":1},{"damage":27,"enemies":"The Guardian","floor":16,"turns":8},{"damage":15,"enemies":"Spheric Guardian","floor":18,"turns":4},{"damage":27,"enemies":"2 Thieves","floor":19,"turns":4},{"damage":55,"enemies":"Slavers","floor":24,"turns":5}],"seed_played":"-7961217729841546069","potions_obtained":[{"floor":1.0,"key":"Energy Potion"},{"floor":4.0,"key":"SkillPotion"},{"floor":5,"key":"Dexterity Potion"},{"floor":10,"key":"Explosive Potion"},{"floor":19,"key":"GamblersBrew"}],"is_trial":false,"path_per_floor":["M","?","M","M","M","R","M","R","T","M","$","M","M","M","R","B",null,"M","M","?","?","$","R","E"],"character_chosen":"THE_SILENT","items_purchased":["Snake Skull"],"campfire_rested":1,"item_purchase_floors":[22],"current_hp_per_floor":[62,62,62,61,53,53,53,53,60,56,56,56,51,51,51,24,70,55,28,28,28,28,49,0,0],"gold":38,"neow_bonus":"ONE_RARE_RELIC","is_daily":false,"chose_seed":false,"campfire_upgraded":3,"win_rate":0.0,"timestamp":1613342357,"path_taken":["M","?","M","M","M","R","M","R","T","M","?","M","?","M","R","BOSS","M","M","?","?","$","R","E"],"items_purchased_type":["Relic"],"build_version":"2020-12-22","purchased_purges":2,"victory":false,"max_hp_per_floor":[63,63,63,63,63,63,63,63,70,70,70,70,70,70,70,70,70,70,70,70,70,70,70,70,70],"card_choices":[{"not_picked":["Slice","PiercingWail"],"picked":"Predator","floor":1.0},{"not_picked":["Leg Sweep","Eviscerate"],"picked":"Footwork","floor":3.0},{"not_picked":["Outmaneuver","Acrobatics","Prepared"],"picked":"SKIP","floor":4.0},{"not_picked":["Slice","Dagger Throw"],"picked":"Dagger Spray","floor":5},{"not_picked":["Outmaneuver","After Image"],"picked":"Well Laid Plans","floor":7},{"not_picked":["Dagger Spray","Cloak And Dagger"],"picked":"Bouncing Flask","floor":10},{"not_picked":["Acrobatics","Underhanded Strike"],"picked":"Noxious Fumes","floor":12},{"not_picked":["Acrobatics","Blade Dance","Sucker Punch"],"picked":"SKIP","floor":13},{"not_picked":["Blade Dance","Concentrate"],"picked":"Footwork","floor":14},{"not_picked":["After Image","Grand Finale"],"picked":"Malaise","floor":16},{"not_picked":["Dagger Spray","Riddle With Holes"],"picked":"Slice+1","floor":18},{"not_picked":["Underhanded Strike","Outmaneuver"],"picked":"Dodge and Roll","floor":19}],"player_experience":126469,"relics_obtained":[{"floor":9,"key":"Strawberry"}],"event_choices":[{"damage_healed":0.0,"max_hp_gain":0.0,"max_hp_loss":0.0,"gold_gain":0.0,"event_name":"Match and Keep!","player_choice":"1 cards matched","floor":2.0,"gold_loss":0.0,"damage_taken":0.0,"cards_obtained":["Enlightenment"]},{"damage_healed":0,"gold_gain":0,"player_choice":"Simplicity","damage_taken":0,"max_hp_gain":0,"max_hp_loss":0,"event_name":"Back to Basics","floor":20,"gold_loss":0,"cards_upgraded":["Strike_G","Strike_G","Strike_G","Strike_G","Defend_G","Defend_G","Defend_G","Defend_G","Defend_G"]},{"damage_healed":0,"gold_gain":0,"cards_transformed":["Strike_G","Strike_G"],"player_choice":"Became Test Subject","damage_taken":0,"max_hp_gain":0,"max_hp_loss":0,"event_name":"Drug Dealer","floor":21,"gold_loss":0,"cards_obtained":["Corpse Explosion","Malaise"]}],"is_beta":false,"boss_relics":[{"not_picked":["Tiny House","Black Star"],"picked":"Fusion Hammer"}],"items_purged_floors":[11,22],"is_endless":false,"potions_floor_spawned":[1,4,5,10,19],"killed_by":"Slavers","ascension_level":3}}