{"host":"vyiqbz5w606ur92t","time":1613261806,"event":{"mods":["BaseMod","Downfall","Minty Spire (QoL Compilation)","Relic Stats","StSLib"],"gold_per_floor":[99,113,130,130,143,160,160,189,189,189,199,199,225,135,153,257,257,257,272,283,293,293,328,399,415,415,444,457,17,27,86,105,204,204,204,218,245,258,258,286,286,303,3,31,31,59,59,74,84,84,84,111,11,11,11,11],"floor_reached":57,"language":"ENG","playtime":6172,"items_purged":["downfall:Malfunctioning","bronze:Strike"],"score":1913,"play_id":"bfd82e83-8c2a-413d-b251-9f83dcc3eab3","local_time":"20210214001646","is_ascension_mode":true,"campfire_choices":[{"data":"bronze:Goto","floor":1.0,"key":"SMITH"},{"data":"bronze:InfiniteLoop","floor":9.0,"key":"SMITH"},{"floor":12.0,"key":"REST"},{"data":"bronze:Library","floor":18,"key":"SMITH"},{"floor":35,"key":"RECALL"},{"data":"bronze:Mutator","floor":43,"key":"SMITH"},{"data":"bronze:ItsAFeature","floor":45,"key":"SMITH"},{"data":"bronze:Turbo","floor":47,"key":"SMITH"},{"data":"bronze:ForceShield","floor":54,"key":"SMITH"}],"circlet_count":0,"master_deck":["bronze:Strike","bronze:Defend+1","bronze:Defend","bronze:Defend","bronze:Defend+1","bronze:Replicate","bronze:Goto+1","bronze:Return","bronze:Separator","bronze:InfiniteLoop+1","bronze:FineTuning","bronze:WildBeam","bronze:Branch+1","bronze:BronzeOrb","bronze:Return","bronze:Iterate","bronze:Library+1","bronze:Repulsor+1","bronze:Shield","bronze:ForceShield+1","CurseOfTheBell","CurseOfTheBell","bronze:Turbo+1","bronze:BuggyMess","bronze:Allocate","bronze:Repulsor+1","bronze:ItsAFeature+1","bronze:Mutator+1","bronze:Repair+1","bronze:Library","bronze:BuggyMess","bronze:Safeguard+1","bronze:InfiniteBeams+1","bronze:BuggyMess","bronze:BurnOut","bronze:MaxOutput+1"],"relics":["Black Star","hexamod:CandleOfCauterizing","HornCleat","Blue Candle","White Beast Statue","Eternal Feather","bronze:MakeshiftBattery","downfall:ExtraCursedBell","Lantern","Gremlin Horn","Ice Cream","Darkstone Periapt","Omamori","The Courier","bronze:CableSpool","Bag of Preparation","Chemical X","bronze:Mallet","Mummified Hand","SacredBark","hexamod:BolsterEngine","Du-Vu Doll","bronze:DecasWashers","downfall:HeartBlessingRed","downfall:HeartBlessingGreen","downfall:HeartBlessingBlue","Akabeko","Art of War","Pear","Shuriken","Mango","Slimebound:PreparedRelic"],"acts_visited":["Exordium","TheCity","TheBeyond","TheEnding"],"potions_floor_usage":[21,23,23,25,27,28,30,32,33,33,33,33,33,40,42,42,46,49,50,52,53,56,56],"damage_taken":[{"damage":0.0,"enemies":"Cultist","floor":2.0,"turns":4.0},{"damage":4.0,"enemies":"Jaw Worm","floor":3.0,"turns":5.0},{"damage":7.0,"enemies":"Small Slimes","floor":5.0,"turns":4.0},{"damage":11.0,"enemies":"downfall:LooterAlt","floor":6.0,"turns":2.0},{"damage":8.0,"enemies":"Gremlin Nob","floor":8.0,"turns":3.0},{"damage":6.0,"enemies":"Gremlin Gang","floor":11.0,"turns":4.0},{"damage":11.0,"enemies":"3 Sentries","floor":13.0,"turns":7.0},{"damage":1.0,"enemies":"downfall:FleeingMerchant","floor":14.0,"turns":4.0},{"damage":2.0,"enemies":"2 Fungi Beasts","floor":15.0,"turns":3.0},{"damage":0,"enemies":"WA_ARCHETYPE_RETAIN","floor":16,"turns":4},{"damage":0,"enemies":"3 Byrds","floor":19,"turns":3},{"damage":8,"enemies":"downfall:LooterAlt2","floor":20,"turns":3},{"damage":11,"enemies":"3 Cultists","floor":21,"turns":5},{"damage":21,"enemies":"Slavers","floor":23,"turns":5},{"damage":10,"enemies":"Snake Plant","floor":25,"turns":4},{"damage":1,"enemies":"Book of Stabbing","floor":27,"turns":4},{"damage":7,"enemies":"Chosen and Byrds","floor":28,"turns":5},{"damage":0,"enemies":"downfall:FleeingMerchant","floor":29,"turns":4},{"damage":0,"enemies":"Centurion and Healer","floor":30,"turns":4},{"damage":0,"enemies":"downfall:FleeingMerchant","floor":31,"turns":4},{"damage":0,"enemies":"Cultist and Chosen","floor":32,"turns":4},{"damage":10,"enemies":"IC_MUSHROOM_ARCHETYPE","floor":33,"turns":3},{"damage":0,"enemies":"Orb Walker","floor":36,"turns":2},{"damage":1,"enemies":"3 Shapes","floor":38,"turns":4},{"damage":14,"enemies":"Reptomancer","floor":40,"turns":5},{"damage":0,"enemies":"Spire Growth","floor":42,"turns":3},{"damage":6,"enemies":"Giant Head","floor":44,"turns":5},{"damage":0,"enemies":"Nemesis","floor":46,"turns":3},{"damage":0,"enemies":"3 Darklings","floor":48,"turns":3},{"damage":0,"enemies":"Writhing Mass","floor":49,"turns":2},{"damage":10,"enemies":"DF_ARCHETYPE_ORBS","floor":50,"turns":4},{"damage":0,"enemies":"downfall:CharBossMerchant","floor":52,"turns":3},{"damage":51,"enemies":"downfall:NeowBoss","floor":55,"turns":8},{"damage":63,"enemies":"downfall:NeowBossFinal","floor":56,"turns":7}],"seed_played":"7533122073604164594","potions_obtained":[{"floor":3.0,"key":"SteroidPotion"},{"floor":11.0,"key":"bronze:FreeFunctionsPotion"},{"floor":13.0,"key":"bronze:FreeFunctionsPotion"},{"floor":14.0,"key":"Weak Potion"},{"floor":21,"key":"SkillPotion"},{"floor":23,"key":"Fruit Juice"},{"floor":25,"key":"PowerPotion"},{"floor":27,"key":"LiquidMemories"},{"floor":28,"key":"Explosive Potion"},{"floor":29,"key":"AttackPotion"},{"floor":30,"key":"Strength Potion"},{"floor":32,"key":"EntropicBrew"},{"floor":33,"key":"Energy Potion"},{"floor":36,"key":"Explosive Potion"},{"floor":38,"key":"sneckomod:MuddlingPotion"},{"floor":40,"key":"Swift Potion"},{"floor":42,"key":"Swift Potion"},{"floor":44,"key":"Ancient Potion"},{"floor":46,"key":"SteroidPotion"},{"floor":48,"key":"Dexterity Potion"},{"floor":49,"key":"CultistPotion"},{"floor":52,"key":"Fruit Juice"}],"is_trial":false,"path_per_floor":["R","M","M","?","M","M","T","E","R","?","M","R","E","$","M","B",null,"R","M","M","M","?","E","T","M","?","E","M","$","M","$","M","B",null,"R","M","?","M","?","E","T","M","R","E","R","E","R","M","M","B",null,"E","$","R","B","B",null],"character_chosen":"THE_AUTOMATON","items_purchased":["Chemical X","bronze:Mallet","bronze:ItsAFeature","Mummified Hand","Energy Potion","GamblersBrew"],"campfire_rested":1,"item_purchase_floors":[29,29,29,31,53,53],"current_hp_per_floor":[63,63,59,59,52,41,41,33,33,33,27,48,37,36,34,34,61,70,70,62,51,51,30,30,20,20,19,12,12,17,17,17,7,58,75,75,75,74,74,61,61,61,85,79,85,95,95,95,95,95,95,109,119,119,69,26],"gold":11,"neow_bonus":"BOSS_RELIC","is_daily":false,"chose_seed":false,"campfire_upgraded":7,"win_rate":0.0,"timestamp":1613261806,"path_taken":["R","M","M","?","M","M","T","E","R","?","M","R","E","$","M","BOSS","R","M","M","M","?","E","T","M","?","E","?","$","M","$","M","BOSS","R","M","?","M","?","E","T","M","R","E","R","E","R","?","M","BOSS","E","$","R","BOSS","BOSS"],"items_purchased_type":["Relic","Relic","Card","Relic","Potion","Potion"],"build_version":"2020-12-22","purchased_purges":2,"victory":true,"max_hp_per_floor":[70,70,70,70,70,70,70,70,70,70,70,70,70,70,70,70,70,70,70,70,70,70,70,70,70,70,70,70,70,75,75,75,75,75,75,75,75,75,75,75,75,75,85,85,85,95,95,95,95,95,95,109,119,119,119,119],"relic_stats":{"Darkstone Periapt":0,"Gremlin Horn":[17,17],"counters":[34,137],"Mummified Hand":[95],"Shuriken":[28],"Blue Candle":[13],"Eternal Feather":46,"Black Star":8,"Bag of Preparation":[36],"Art of War":[0],"Chemical X":[14],"obtain_stats":[{"Ice Cream":22,"Darkstone Periapt":23,"Lantern":22,"bronze:BronzeCore":0,"Gremlin Horn":22,"SacredBark":34,"downfall:HeartBlessingGreen":43,"Mango":52,"Bag of Preparation":27,"bronze:Mallet":29,"bronze:CableSpool":27,"HornCleat":8,"Mummified Hand":31,"downfall:HeartBlessingBlue":43,"Chemical X":29,"downfall:ExtraCursedBell":22,"hexamod:CandleOfCauterizing":7,"Pear":46,"downfall:HeartBlessingRed":43,"Blue Candle":8,"bronze:DecasWashers":41,"Eternal Feather":13,"The Courier":24,"Omamori":23,"White Beast Statue":13,"Akabeko":44,"Du-Vu Doll":40,"Shuriken":46,"Slimebound:PreparedRelic":52,"Black Star":0,"Art of War":44,"hexamod:BolsterEngine":40,"bronze:MakeshiftBattery":17},{"Ice Cream":13,"Darkstone Periapt":14,"Lantern":13,"bronze:BronzeCore":0,"Gremlin Horn":13,"SacredBark":22,"downfall:HeartBlessingGreen":26,"Mango":32,"Bag of Preparation":16,"bronze:Mallet":18,"bronze:CableSpool":16,"HornCleat":5,"Mummified Hand":20,"downfall:HeartBlessingBlue":26,"Chemical X":18,"downfall:ExtraCursedBell":13,"hexamod:CandleOfCauterizing":4,"Pear":28,"downfall:HeartBlessingRed":26,"Blue Candle":5,"bronze:DecasWashers":25,"Eternal Feather":7,"The Courier":14,"Omamori":14,"White Beast Statue":7,"Akabeko":27,"Du-Vu Doll":25,"Shuriken":28,"Slimebound:PreparedRelic":32,"Black Star":0,"Art of War":27,"hexamod:BolsterEngine":25,"bronze:MakeshiftBattery":10},{"Ice Cream":51,"Darkstone Periapt":56,"Lantern":51,"bronze:BronzeCore":0,"Gremlin Horn":51,"SacredBark":88,"downfall:HeartBlessingGreen":102,"Mango":122,"Bag of Preparation":64,"bronze:Mallet":73,"bronze:CableSpool":64,"HornCleat":18,"Mummified Hand":81,"downfall:HeartBlessingBlue":102,"Chemical X":73,"downfall:ExtraCursedBell":51,"hexamod:CandleOfCauterizing":15,"Pear":110,"downfall:HeartBlessingRed":102,"Blue Candle":18,"bronze:DecasWashers":99,"Eternal Feather":29,"The Courier":56,"Omamori":56,"White Beast Statue":29,"Akabeko":107,"Du-Vu Doll":99,"Shuriken":110,"Slimebound:PreparedRelic":122,"Black Star":0,"Art of War":107,"hexamod:BolsterEngine":99,"bronze:MakeshiftBattery":40}]},"card_choices":[{"not_picked":["bronze:WildBeam","bronze:Shield"],"picked":"bronze:Return","floor":2.0},{"not_picked":["bronze:DelayedSlice","bronze:Allocate"],"picked":"bronze:Separator","floor":3.0},{"not_picked":["bronze:WildBeam","bronze:Refactor"],"picked":"bronze:FineTuning","floor":5.0},{"not_picked":["bronze:Invalidate","bronze:Shield"],"picked":"bronze:WildBeam","floor":6.0},{"not_picked":["bronze:Boost","bronze:AlphaBuild"],"picked":"bronze:Branch","floor":8.0},{"not_picked":["bronze:BitShift","bronze:Shell","bronze:Overload"],"picked":"SKIP","floor":11.0},{"not_picked":["bronze:Philosophize","bronze:DelayedSlice"],"picked":"bronze:BronzeOrb","floor":13.0},{"not_picked":["bronze:MaxOutput","bronze:NullPointer"],"picked":"bronze:Return","floor":14.0},{"not_picked":["bronze:Overload","bronze:OilSpill"],"picked":"bronze:Iterate","floor":15.0},{"not_picked":["bronze:Assembly","bronze:Format"],"picked":"bronze:Library","floor":16},{"not_picked":["bronze:ItsAFeature+1","bronze:WildBeam"],"picked":"bronze:Repulsor+1","floor":19},{"not_picked":["bronze:ForLoop","bronze:DarkDash"],"picked":"bronze:Shield","floor":20},{"not_picked":["bronze:DelayedGuard","bronze:BronzeOrb"],"picked":"bronze:ForceShield","floor":21},{"not_picked":["bronze:OilSpill","bronze:Fortify"],"picked":"bronze:Turbo","floor":23},{"not_picked":["bronze:Fortify","bronze:ChosenStrike"],"picked":"bronze:BuggyMess","floor":25},{"not_picked":["bronze:ForceShield","bronze:Frontload","bronze:Branch"],"picked":"SKIP","floor":27},{"not_picked":["bronze:ForceShield+1","bronze:CutThrough+1"],"picked":"bronze:Allocate","floor":28},{"not_picked":["bronze:DelayedGuard","bronze:ChildClass+1"],"picked":"bronze:Repulsor+1","floor":29},{"not_picked":["bronze:ClassDefault","bronze:BronzeArmor"],"picked":"bronze:Mutator","floor":30},{"not_picked":["bronze:Separator","bronze:DelayedSlice","bronze:Boost+1"],"picked":"SKIP","floor":31},{"not_picked":["bronze:Overload","bronze:Invalidate"],"picked":"bronze:Repair+1","floor":32},{"not_picked":["bronze:AlphaBuild","bronze:InfiniteLoop"],"picked":"bronze:Library","floor":33},{"not_picked":["bronze:ForLoop+1","bronze:BitShift"],"picked":"bronze:BuggyMess","floor":36},{"not_picked":["bronze:Frontload","bronze:FineTuning+1"],"picked":"bronze:Safeguard+1","floor":38},{"not_picked":["bronze:MaxOutput","bronze:Deprecate"],"picked":"bronze:InfiniteBeams+1","floor":40},{"not_picked":["bronze:Frontload+1","bronze:CloningBeam"],"picked":"bronze:BuggyMess","floor":42},{"not_picked":["bronze:Separator","bronze:WildBeam+1"],"picked":"bronze:BurnOut","floor":44},{"not_picked":["bronze:InfiniteBeams","bronze:Invalidate","bronze:Overheat"],"picked":"SKIP","floor":46},{"not_picked":["bronze:Iterate","bronze:FineTuning"],"picked":"bronze:MaxOutput+1","floor":48},{"not_picked":["bronze:Invalidate","bronze:Separator+1","bronze:CloningBeam"],"picked":"SKIP","floor":49},{"not_picked":["bronze:ChildClass+1","bronze:BuggyMess","bronze:DigitalCarnage"],"picked":"SKIP","floor":52}],"player_experience":1759318,"relics_obtained":[{"floor":7.0,"key":"hexamod:CandleOfCauterizing"},{"floor":8.0,"key":"HornCleat"},{"floor":8.0,"key":"Blue Candle"},{"floor":13.0,"key":"White Beast Statue"},{"floor":13.0,"key":"Eternal Feather"},{"floor":22,"key":"Lantern"},{"floor":22,"key":"Gremlin Horn"},{"floor":22,"key":"Ice Cream"},{"floor":23,"key":"Darkstone Periapt"},{"floor":23,"key":"Omamori"},{"floor":24,"key":"The Courier"},{"floor":27,"key":"bronze:CableSpool"},{"floor":27,"key":"Bag of Preparation"},{"floor":40,"key":"hexamod:BolsterEngine"},{"floor":40,"key":"Du-Vu Doll"},{"floor":41,"key":"bronze:DecasWashers"},{"floor":44,"key":"Akabeko"},{"floor":44,"key":"Art of War"},{"floor":46,"key":"Pear"},{"floor":46,"key":"Shuriken"},{"floor":52,"key":"Mango"},{"floor":52,"key":"Slimebound:PreparedRelic"}],"event_choices":[{"cards_removed":["bronze:Strike"],"damage_healed":0,"gold_gain":0,"player_choice":"Offered Basic","damage_taken":0,"max_hp_gain":0,"max_hp_loss":0,"event_name":"Bonfire Elementals","floor":26,"gold_loss":0}],"is_beta":false,"boss_relics":[{"not_picked":["Snecko Eye","Empty Cage"],"picked":"bronze:MakeshiftBattery"},{"not_picked":["Tiny House","Sozu"],"picked":"SacredBark"}],"items_purged_floors":[14,31],"is_endless":false,"potions_floor_spawned":[3,11,13,14,15,16,19,20,21,23,25,27,28,29,30,31,32,33,36,38,40,42,44,46,48,49,52],"ascension_level":7}}