{"host":"4gkev1dtxxhiue3x","time":1613307412,"event":{"mods":["AchievementEnabler","BaseMod","Colored Powertips","Minty Spire (QoL Compilation)","Relic Stats","Robot Space Explorer","StSLib","The Hierophant"],"gold_per_floor":[111,36,36,49,79,79,75,75],"floor_reached":7,"language":"ENG","playtime":527,"items_purged":["hierophant:Strike_Hierophant"],"score":41,"play_id":"6305405d-0730-4c65-ab60-b9f4701a0140","local_time":"20210214135652","is_ascension_mode":false,"campfire_choices":[{"data":"hierophant:ChurchCoffers","floor":6,"key":"SMITH"}],"circlet_count":0,"master_deck":["hierophant:Strike_Hierophant","hierophant:Strike_Hierophant","hierophant:Strike_Hierophant","hierophant:Punish","hierophant:Defend_Hierophant","hierophant:Defend_Hierophant","hierophant:Defend_Hierophant","hierophant:Defend_Hierophant","hierophant:ChurchCoffers+1","hierophant:OrnateBuckler","hierophant:Doubloon","hierophant:Dazzle","hierophant:Doubloon","hierophant:Dazzle"],"relics":["hierophant:PropheticMaskRelic","NeowsBlessing"],"acts_visited":["Exordium"],"potions_floor_usage":[7],"damage_taken":[{"damage":0,"enemies":"2 Louse","floor":1,"turns":1},{"damage":0,"enemies":"Cultist","floor":4,"turns":1},{"damage":0,"enemies":"Small Slimes","floor":5,"turns":1},{"damage":102,"enemies":"Gremlin Nob","floor":7,"turns":7}],"seed_played":"-7952699514434206064","potions_obtained":[{"floor":3,"key":"Block Potion"},{"floor":3,"key":"ColorlessPotion"},{"floor":3,"key":"Swift Potion"},{"floor":5,"key":"PowerPotion"}],"is_trial":false,"path_per_floor":["M","$","?","M","M","R","E"],"character_chosen":"HIEROPHANT","items_purchased":[],"campfire_rested":0,"item_purchase_floors":[],"current_hp_per_floor":[75,75,75,75,75,75,0,0],"gold":75,"neow_bonus":"THREE_ENEMY_KILL","is_daily":false,"chose_seed":false,"campfire_upgraded":1,"win_rate":0.0,"timestamp":1613307412,"path_taken":["M","$","?","M","?","R","E"],"items_purchased_type":[],"build_version":"2020-12-22","purchased_purges":1,"victory":false,"max_hp_per_floor":[75,75,75,75,75,75,75,75],"relic_stats":{"counters":[4,10],"obtain_stats":[{"NeowsBlessing":0,"hierophant:PropheticMaskRelic":0},{"NeowsBlessing":0,"hierophant:PropheticMaskRelic":0},{"NeowsBlessing":0,"hierophant:PropheticMaskRelic":0}]},"card_choices":[{"not_picked":["hierophant:Purify","hierophant:TollTheBells"],"picked":"hierophant:OrnateBuckler","floor":1},{"not_picked":["hierophant:SealAway","hierophant:OrnateBuckler"],"picked":"hierophant:Dazzle","floor":4},{"not_picked":["hierophant:AuricShield","hierophant:AuricBeam"],"picked":"hierophant:Dazzle","floor":5}],"player_experience":153611,"relics_obtained":[],"event_choices":[{"damage_healed":0,"gold_gain":0,"player_choice":"Got Potions","damage_taken":0,"max_hp_gain":0,"max_hp_loss":0,"event_name":"Lab","floor":3,"gold_loss":0}],"is_beta":false,"boss_relics":[],"items_purged_floors":[2],"is_endless":false,"potions_floor_spawned":[5],"killed_by":"Gremlin Nob","ascension_level":0}}