{"host":"kh6fvhxn285ncg0o","time":1613327989,"event":{"mods":["Act Like it!","BaseMod","Colored Map","Friendly Minions","Keyboard Shortcuts","Minty Spire (QoL Compilation)","Quick Restart","Relic Stats","StSLib","SuperFastMode","UnlockEverythingMod"],"gold_per_floor":[116,116,116,135,182,182,193,222,276,288,304,304,334,96,96,175,175,195,195,195,31,31,65,78,110,110,110,110,10,110,142,142,217,217,228,244,264,264,264,296,296,331,356,390,410,343,343,387,387,387,387,387,387,86,116,116],"floor_reached":57,"language":"KOR","playtime":2959,"items_purged":["Strike_R","Strike_R+1","Uppercut+1"],"score":3114,"play_id":"28d11236-4449-4601-b3ee-bbb6ab3f3cfe","local_time":"20210215033949","is_ascension_mode":true,"campfire_choices":[{"data":"Body Slam","floor":6.0,"key":"SMITH"},{"data":"Uppercut","floor":15.0,"key":"SMITH"},{"data":"Offering","floor":28,"key":"SMITH"},{"floor":32,"key":"REST"},{"data":"Feel No Pain","floor":41,"key":"SMITH"},{"floor":49,"key":"RECALL"},{"data":"Feel No Pain","floor":53,"key":"SMITH"}],"circlet_count":0,"master_deck":["AscendersBane","Defend_R","Defend_R","Defend_R+1","Defend_R","Body Slam+1","Evolve","Shrug It Off","Shrug It Off","Impervious","Impervious","Offering+1","Inflame+1","Clothesline+1","Shrug It Off+1","Burning Pact","Feel No Pain+1","Burning Pact+1","Battle Trance+1","Feed","Warcry+1","Ghostly Armor+1","Shrug It Off+1","Shrug It Off+1","Feel No Pain+1","Disarm+1","Entrench+1"],"relics":["Burning Blood","NeowsBlessing","Regal Pillow","Art of War","Dream Catcher","Self Forming Clay","Lee\u0027s Waffle","Astrolabe","Nilry\u0027s Codex","Happy Flower","Bottled Tornado","MealTicket","Gambling Chip","Toxic Egg 2","Omamori","Calling Bell","Bronze Scales","Eternal Feather","Dead Branch","Matryoshka","CeramicFish","Lantern","Strawberry","Bird Faced Urn","StoneCalendar","Membership Card","Charon\u0027s Ashes"],"acts_visited":["Exordium","TheCity","TheBeyond","TheEnding"],"potions_floor_usage":[31,31,45,56,56],"damage_taken":[{"damage":0.0,"enemies":"Small Slimes","floor":1.0,"turns":1.0},{"damage":0.0,"enemies":"2 Louse","floor":4.0,"turns":1.0},{"damage":0.0,"enemies":"Jaw Worm","floor":7.0,"turns":1.0},{"damage":30.0,"enemies":"Gremlin Nob","floor":8.0,"turns":4.0},{"damage":6.0,"enemies":"Looter","floor":10.0,"turns":4.0},{"damage":21.0,"enemies":"Exordium Thugs","floor":11.0,"turns":5.0},{"damage":20.0,"enemies":"3 Sentries","floor":13.0,"turns":10.0},{"damage":6.0,"enemies":"The Guardian","floor":16.0,"turns":12.0},{"damage":6,"enemies":"Shell Parasite","floor":18,"turns":6},{"damage":28,"enemies":"Gremlin Leader","floor":23,"turns":7},{"damage":0,"enemies":"3 Byrds","floor":24,"turns":7},{"damage":10,"enemies":"Book of Stabbing","floor":25,"turns":7},{"damage":7,"enemies":"Colosseum Slavers","floor":30,"turns":5},{"damage":28,"enemies":"Colosseum Nobs","floor":30,"turns":8},{"damage":9,"enemies":"Slavers","floor":31,"turns":6},{"damage":13,"enemies":"Champ","floor":33,"turns":16},{"damage":0,"enemies":"3 Shapes","floor":35,"turns":4},{"damage":10,"enemies":"3 Darklings","floor":36,"turns":7},{"damage":10,"enemies":"4 Shapes","floor":37,"turns":5},{"damage":39,"enemies":"Giant Head","floor":40,"turns":8},{"damage":36,"enemies":"Reptomancer","floor":42,"turns":10},{"damage":18,"enemies":"Nemesis","floor":44,"turns":9},{"damage":6,"enemies":"Maw","floor":45,"turns":7},{"damage":6,"enemies":"Giant Head","floor":48,"turns":2},{"damage":55,"enemies":"Awakened One","floor":50,"turns":31},{"damage":14,"enemies":"Time Eater","floor":51,"turns":17},{"damage":29,"enemies":"Shield and Spear","floor":55,"turns":10},{"damage":65,"enemies":"The Heart","floor":56,"turns":11}],"seed_played":"4927478172631217579","potions_obtained":[{"floor":4.0,"key":"LiquidBronze"},{"floor":7.0,"key":"LiquidBronze"},{"floor":11.0,"key":"Energy Potion"},{"floor":13.0,"key":"Explosive Potion"},{"floor":30,"key":"Dexterity Potion"},{"floor":33,"key":"SmokeBomb"},{"floor":37,"key":"SteroidPotion"},{"floor":45,"key":"Ancient Potion"}],"is_trial":false,"path_per_floor":["M","?","?","M","T","R","M","E","T","M","M","?","E","$","R","B",null,"M","?","?","$","?","E","M","E","T","$","R","$","?","E","R","B",null,"M","M","M","?","?","E","R","E","T","E","M","$","?","E","R","B","B",null,"R","$","E","B",null],"character_chosen":"IRONCLAD","items_purchased":["Lee\u0027s Waffle","Happy Flower","Feel No Pain","Membership Card","Entrench+1","DistilledChaos"],"campfire_rested":1,"item_purchase_floors":[14,21,46,54,54,54],"current_hp_per_floor":[74,51,51,57,57,57,63,39,39,39,24,24,10,82,82,82,82,82,82,61,61,37,15,21,17,17,32,32,47,24,21,62,55,79,88,87,86,96,96,63,78,48,55,43,62,77,77,85,100,86,98,106,109,109,108,67],"gold":116,"neow_bonus":"THREE_ENEMY_KILL","is_daily":false,"chose_seed":false,"campfire_upgraded":5,"win_rate":0.0,"timestamp":1613327989,"path_taken":["M","?","?","M","?","R","M","E","T","M","M","?","E","$","R","BOSS","BOSS","M","?","?","?","?","E","M","E","T","$","R","$","?","E","R","BOSS","M","M","M","?","?","E","R","E","T","E","M","$","?","E","R","BOSS","BOSS","R","$","E","BOSS"],"items_purchased_type":["Relic","Relic","Card","Relic","Card","Potion"],"build_version":"2020-12-22","purchased_purges":3,"victory":true,"max_hp_per_floor":[75,75,75,75,75,75,75,75,75,75,75,75,75,82,82,82,82,82,82,82,82,87,87,87,87,87,87,87,87,87,87,87,87,87,90,93,96,96,96,96,96,96,103,103,106,106,106,106,106,109,109,109,109,109,109,112],"relic_stats":{"Regal Pillow":15,"Lee\u0027s Waffle":72,"Happy Flower":[59],"counters":[28,221],"Self Forming Clay":[210],"Astrolabe":["Inflame","Clothesline","Clothesline"],"Dead Branch":[388],"CeramicFish":36,"Eternal Feather":33,"StoneCalendar":[208],"Charon\u0027s Ashes":[105],"Burning Blood":168,"Dream Catcher":1,"Gambling Chip":[40],"Bronze Scales":[638],"Bird Faced Urn":[113],"MealTicket":45,"Art of War":[85],"obtain_stats":[{"Regal Pillow":5,"Lantern":43,"Nilry\u0027s Codex":20,"CeramicFish":42,"StoneCalendar":48,"Bottled Tornado":23,"Burning Blood":0,"Dream Catcher":9,"Matryoshka":40,"Gambling Chip":30,"Strawberry":43,"MealTicket":25,"Toxic Egg 2":30,"Lee\u0027s Waffle":14,"NeowsBlessing":0,"Happy Flower":21,"Self Forming Clay":13,"Astrolabe":17,"Dead Branch":34,"Eternal Feather":34,"Charon\u0027s Ashes":55,"Omamori":31,"Calling Bell":34,"Bronze Scales":34,"Bird Faced Urn":44,"Art of War":8,"Membership Card":54},{"Regal Pillow":2,"Lantern":21,"Nilry\u0027s Codex":9,"CeramicFish":21,"StoneCalendar":24,"Bottled Tornado":10,"Burning Blood":0,"Dream Catcher":4,"Matryoshka":20,"Gambling Chip":14,"Strawberry":21,"MealTicket":12,"Toxic Egg 2":14,"Lee\u0027s Waffle":7,"NeowsBlessing":0,"Happy Flower":9,"Self Forming Clay":7,"Astrolabe":8,"Dead Branch":16,"Eternal Feather":16,"Charon\u0027s Ashes":27,"Omamori":15,"Calling Bell":16,"Bronze Scales":16,"Bird Faced Urn":22,"Art of War":4,"Membership Card":26},{"Regal Pillow":2,"Lantern":134,"Nilry\u0027s Codex":44,"CeramicFish":134,"StoneCalendar":152,"Bottled Tornado":51,"Burning Blood":0,"Dream Catcher":7,"Matryoshka":124,"Gambling Chip":78,"Strawberry":134,"MealTicket":65,"Toxic Egg 2":78,"Lee\u0027s Waffle":26,"NeowsBlessing":0,"Happy Flower":44,"Self Forming Clay":26,"Astrolabe":38,"Dead Branch":100,"Eternal Feather":100,"Charon\u0027s Ashes":210,"Omamori":84,"Calling Bell":100,"Bronze Scales":100,"Bird Faced Urn":143,"Art of War":7,"Membership Card":200}]},"card_choices":[{"not_picked":["Berserk","Flex"],"picked":"Body Slam","floor":4.0},{"not_picked":["Searing Blow","Pommel Strike"],"picked":"Uppercut","floor":7.0},{"not_picked":["Corruption","Cleave"],"picked":"Evolve","floor":10.0},{"not_picked":["Cleave","Anger"],"picked":"Shrug It Off","floor":11.0},{"not_picked":["Double Tap","Thunderclap"],"picked":"Impervious","floor":13.0},{"not_picked":["Immolate","Feed"],"picked":"Offering","floor":16},{"not_picked":["Rage","Evolve+1"],"picked":"Shrug It Off+1","floor":23},{"not_picked":["Intimidate","Twin Strike"],"picked":"Burning Pact","floor":24},{"not_picked":["Shrug It Off","Dark Embrace"],"picked":"Feel No Pain","floor":25},{"not_picked":["Heavy Blade","Infernal Blade+1"],"picked":"Burning Pact+1","floor":30},{"not_picked":["Combust","Cleave"],"picked":"Battle Trance+1","floor":31},{"not_picked":["True Grit+1","Havoc+1"],"picked":"Feed","floor":32},{"not_picked":["Iron Wave","Rampage","Clothesline"],"picked":"SKIP","floor":35},{"not_picked":["Flex+1","Whirlwind+1"],"picked":"Warcry+1","floor":36},{"not_picked":["Demon Form","Spot Weakness+1"],"picked":"Ghostly Armor+1","floor":37},{"not_picked":["Rampage","Searing Blow"],"picked":"Shrug It Off+1","floor":40},{"not_picked":["Flex+1","Evolve","Bludgeon"],"picked":"SKIP","floor":42},{"not_picked":["Twin Strike+1","Wild Strike","Sword Boomerang"],"picked":"SKIP","floor":44},{"not_picked":["Pommel Strike+1","Perfected Strike"],"picked":"Shrug It Off+1","floor":45},{"not_picked":["Body Slam+1","Immolate"],"picked":"Disarm+1","floor":48},{"not_picked":["Headbutt","Twin Strike","Dual Wield+1"],"picked":"SKIP","floor":55}],"player_experience":1410274,"relics_obtained":[{"floor":5.0,"key":"Regal Pillow"},{"floor":8.0,"key":"Art of War"},{"floor":9.0,"key":"Dream Catcher"},{"floor":13.0,"key":"Self Forming Clay"},{"floor":20,"key":"Nilry\u0027s Codex"},{"floor":23,"key":"Bottled Tornado"},{"floor":25,"key":"MealTicket"},{"floor":30,"key":"Gambling Chip"},{"floor":30,"key":"Toxic Egg 2"},{"floor":31,"key":"Omamori"},{"floor":34,"key":"Bronze Scales"},{"floor":34,"key":"Eternal Feather"},{"floor":34,"key":"Dead Branch"},{"floor":40,"key":"Matryoshka"},{"floor":42,"key":"CeramicFish"},{"floor":43,"key":"Lantern"},{"floor":43,"key":"Strawberry"},{"floor":44,"key":"Bird Faced Urn"},{"floor":48,"key":"StoneCalendar"},{"floor":55,"key":"Charon\u0027s Ashes"}],"event_choices":[{"damage_healed":0.0,"max_hp_gain":0.0,"max_hp_loss":0.0,"gold_gain":0.0,"event_name":"Shining Light","player_choice":"Entered Light","floor":2.0,"gold_loss":0.0,"damage_taken":23.0,"cards_upgraded":["Defend_R","Strike_R"]},{"cards_removed":["Strike_R"],"damage_healed":0.0,"max_hp_gain":0.0,"max_hp_loss":0.0,"gold_gain":0.0,"event_name":"Living Wall","player_choice":"Forget","floor":3.0,"gold_loss":0.0,"damage_taken":0.0},{"damage_healed":0.0,"max_hp_gain":0.0,"max_hp_loss":0.0,"gold_gain":0.0,"event_name":"Match and Keep!","player_choice":"2 cards matched","floor":12.0,"gold_loss":0.0,"damage_taken":0.0,"cards_obtained":["Shrug It Off","Impervious"]},{"damage_healed":0,"gold_gain":0,"player_choice":"Ignored","damage_taken":0,"max_hp_gain":0,"max_hp_loss":0,"event_name":"Ghosts","floor":19,"gold_loss":0},{"damage_healed":0,"gold_gain":0,"player_choice":"Obtained Book","damage_taken":21,"max_hp_gain":0,"max_hp_loss":0,"event_name":"Cursed Tome","floor":20,"gold_loss":0},{"damage_healed":0,"gold_gain":0,"player_choice":"Shed Blood","damage_taken":29,"max_hp_gain":5,"max_hp_loss":0,"event_name":"Forgotten Altar","floor":22,"gold_loss":0},{"damage_healed":0,"gold_gain":0,"player_choice":"Fight","damage_taken":0,"max_hp_gain":0,"max_hp_loss":0,"event_name":"Colosseum","floor":30,"gold_loss":0},{"damage_healed":0,"gold_gain":0,"player_choice":"Fought Nobs","damage_taken":0,"max_hp_gain":0,"max_hp_loss":0,"event_name":"Colosseum","floor":30,"gold_loss":0},{"damage_healed":19,"gold_gain":0,"player_choice":"Writhe","damage_taken":0,"max_hp_gain":0,"max_hp_loss":0,"event_name":"Winding Halls","floor":38,"gold_loss":0,"cards_obtained":["Writhe"]},{"damage_healed":0,"gold_gain":0,"player_choice":"Ignored","damage_taken":0,"max_hp_gain":0,"max_hp_loss":0,"event_name":"Tomb of Lord Red Mask","floor":39,"gold_loss":0},{"cards_removed":["Clothesline"],"damage_healed":0,"gold_gain":0,"player_choice":"Removed Attack","damage_taken":0,"max_hp_gain":0,"max_hp_loss":0,"event_name":"Falling","floor":47,"gold_loss":0}],"is_beta":false,"boss_relics":[{"not_picked":["Runic Cube","Snecko Eye"],"picked":"Astrolabe"},{"not_picked":["Philosopher\u0027s Stone","Empty Cage"],"picked":"Calling Bell"}],"items_purged_floors":[14,29,54],"is_endless":false,"potions_floor_spawned":[4,7,11,13,30,30,33,37,42,45,55],"ascension_level":20}}