{"host":"b5mzvg96njlg7ry9","time":1613296122,"event":{"mods":["AlwaysNeverKeys","BaseMod","Colored Map","Colored Powertips","Downfall","Highlight Path","Minty Spire (QoL Compilation)","Quick Restart","Relic Sorter","Shop Mod","StSLib","SuperFastMode","everything is the same but u backflip on backflip"],"gold_per_floor":[299,311,311,322,91,107,107,339,369,369,369,369,386,26,37,136,136,136,149,149,149,162,192,192,207,142,142,173,188,215,215,234,329,329,341,371,383,442,58,58,58,75,175,189,219,238,255,282,293,293,293,322,789,789,789,1289],"floor_reached":57,"language":"ENG","playtime":5282,"items_purged":["hexamod:Strike","hexamod:Defend","Pain","downfall:Bewildered","hexamod:ApocalypseNow","hexamod:Strike"],"score":1501,"play_id":"9e97425d-81ab-4326-9d93-5a74333774f5","local_time":"20210214104842","is_ascension_mode":true,"campfire_choices":[{"data":"hexamod:VolcanoVisage","floor":1.0,"key":"SMITH"},{"data":"hexamod:HeatShield","floor":10.0,"key":"SMITH"},{"data":"hexamod:Float","floor":18.0,"key":"SMITH"},{"data":"hexamod:ThermalTransfer","floor":27.0,"key":"SMITH"},{"data":"hexamod:Sear","floor":35.0,"key":"SMITH"},{"data":"hexamod:PowerFromBeyond","floor":40.0,"key":"SMITH"},{"floor":54.0,"key":"DIG"}],"circlet_count":0,"master_deck":["hexamod:Strike","hexamod:Defend","hexamod:Defend","hexamod:Defend","hexamod:Sear+1","hexamod:Float+1","hexamod:VolcanoVisage+1","hexamod:SuperheatedStrike+1","hexamod:ThermalTransfer+1","hexamod:HeatShield+1","hexamod:ExtraCrispy","hexamod:FlamesFromBeyond+1","hexamod:TimeOfNeed","hexamod:SpectralSpark+1","CurseOfTheBell","hexamod:PowerFromBeyond+1","Finesse","hexamod:RainOfEmbers+1","hexamod:TimeOfNeed"],"relics":["hexamod:SpiritBrand","downfall:HeartBlessingGreen","downfall:HeartBlessingBlue","downfall:HeartBlessingRed","Anchor","downfall:ShatteredFragment","WarpedTongs","sneckomod:SneckoTalon","sneckomod:BabySnecko","PreservedInsect","Gremlin Horn","Akabeko","Mercury Hourglass","Torii","MerchantsRug","Eternal Feather","downfall:GremlinWheel","Shovel","Pantograph","Sundial","InkBottle","TheAbacus","Chemical X","Blue Candle"],"acts_visited":["Exordium","TheCity","TheBeyond","TheEnding"],"potions_floor_usage":[55,56,56,56,56,56],"damage_taken":[{"damage":0.0,"enemies":"Cultist","floor":2.0,"turns":3.0},{"damage":6.0,"enemies":"Jaw Worm","floor":4.0,"turns":3.0},{"damage":0.0,"enemies":"downfall:FleeingMerchant","floor":5.0,"turns":4.0},{"damage":3.0,"enemies":"2 Louse","floor":6.0,"turns":3.0},{"damage":0.0,"enemies":"downfall:FleeingMerchant","floor":8.0,"turns":4.0},{"damage":6.0,"enemies":"Lagavulin","floor":9.0,"turns":6.0},{"damage":10.0,"enemies":"Exordium Thugs","floor":13.0,"turns":3.0},{"damage":5.0,"enemies":"downfall:FleeingMerchant","floor":14.0,"turns":4.0},{"damage":0.0,"enemies":"3 Louse","floor":15.0,"turns":3.0},{"damage":0.0,"enemies":"IC_STATUS_ARCHETYPE","floor":16.0,"turns":6.0},{"damage":0.0,"enemies":"Chosen","floor":19.0,"turns":3.0},{"damage":3.0,"enemies":"downfall:LooterAlt2","floor":22.0,"turns":3.0},{"damage":4.0,"enemies":"Gremlin Leader","floor":23.0,"turns":6.0},{"damage":0.0,"enemies":"Snake Plant","floor":25.0,"turns":3.0},{"damage":14.0,"enemies":"downfall:FleeingMerchant","floor":26.0,"turns":4.0},{"damage":9.0,"enemies":"Slavers","floor":28.0,"turns":4.0},{"damage":0.0,"enemies":"Centurion and Healer","floor":29.0,"turns":4.0},{"damage":0.0,"enemies":"Book of Stabbing","floor":30.0,"turns":3.0},{"damage":0.0,"enemies":"Chosen and Byrds","floor":32.0,"turns":3.0},{"damage":17.0,"enemies":"DF_ARCHETYPE_CLAW","floor":33.0,"turns":8.0},{"damage":0.0,"enemies":"3 Shapes","floor":36.0,"turns":3.0},{"damage":40.0,"enemies":"2 Orb Walkers","floor":38.0,"turns":5.0},{"damage":0.0,"enemies":"downfall:FleeingMerchant","floor":39.0,"turns":3.0},{"damage":0.0,"enemies":"Orb Walker","floor":42.0,"turns":3.0},{"damage":0.0,"enemies":"Orb Walker","floor":43.0,"turns":2.0},{"damage":0.0,"enemies":"Jaw Worm Horde","floor":44.0,"turns":4.0},{"damage":0.0,"enemies":"Nemesis","floor":45.0,"turns":3.0},{"damage":0.0,"enemies":"3 Darklings","floor":46.0,"turns":3.0},{"damage":0.0,"enemies":"Sphere and 2 Shapes","floor":47.0,"turns":3.0},{"damage":6.0,"enemies":"Reptomancer","floor":48.0,"turns":3.0},{"damage":17.0,"enemies":"Writhing Mass","floor":49.0,"turns":6.0},{"damage":92.0,"enemies":"SI_POISON_ARCHETYPE","floor":50.0,"turns":9.0},{"damage":51.0,"enemies":"downfall:CharBossMerchant","floor":52.0,"turns":6.0},{"damage":42,"enemies":"downfall:NeowBoss","floor":55,"turns":15},{"damage":50,"enemies":"downfall:NeowBossFinal","floor":56,"turns":9}],"seed_played":"5106698409979674143","potions_obtained":[{"floor":2.0,"key":"sneckomod:MuddlingPotion"},{"floor":9.0,"key":"EssenceOfSteel"},{"floor":13.0,"key":"Swift Potion"},{"floor":15.0,"key":"LiquidBronze"},{"floor":16.0,"key":"Fire Potion"},{"floor":22.0,"key":"PowerPotion"},{"floor":42.0,"key":"Fire Potion"},{"floor":43.0,"key":"EntropicBrew"},{"floor":48.0,"key":"hexamod:InfernoChargePotion"}],"is_trial":false,"path_per_floor":["R","M","?","M","$","M","T","$","E","R","?","?","M","$","M","B",null,"R","M","?","?","M","E","T","M","$","R","E","M","E","?","M","B",null,"R","M","?","?","$","R","T","M","?","M","E","M","M","E","M","B",null,"E","$","R","B","B",null],"character_chosen":"THE_SPIRIT","items_purchased":["hexamod:HeatShield","hexamod:ExtraCrispy","Anchor","champ:Barbells","Dream Catcher","Matryoshka","Pear","hexamod:PowerFromBeyond","MerchantsRug","Finesse","InkBottle","TheAbacus","Swift Potion"],"campfire_rested":0,"item_purchase_floors":[5,5,8,14,14,39,39,39,39,39,53,53,53],"current_hp_per_floor":[59,59,59,53,53,50,50,50,44,44,23,23,13,8,8,8,80,80,80,80,80,77,73,73,73,59,59,50,50,50,50,50,33,80,80,84,80,42,69,69,83,87,87,91,93,97,99,93,80,13,138,89,104,113,96,71],"gold":1289,"neow_bonus":"THREE_RARE_CARDS","is_daily":false,"chose_seed":false,"campfire_upgraded":6,"win_rate":0.0,"timestamp":1613296122,"path_taken":["R","M","?","M","$","M","T","$","E","R","?","?","?","$","M","BOSS","R","M","?","?","M","E","T","M","$","R","E","?","E","?","M","BOSS","R","M","?","?","$","R","T","M","?","?","E","M","M","E","M","BOSS","E","$","R","BOSS","BOSS"],"items_purchased_type":["Card","Card","Relic","Relic","Relic","Relic","Relic","Card","Relic","Card","Relic","Relic","Potion"],"build_version":"2020-12-22","purchased_purges":6,"victory":true,"max_hp_per_floor":[80,80,80,80,80,80,80,80,80,80,80,80,80,80,80,80,80,80,80,80,80,80,80,80,80,80,80,80,80,80,80,80,80,80,80,84,90,92,104,104,118,122,122,126,128,132,134,134,138,138,138,140,140,140,140,140],"card_choices":[{"not_picked":["hexamod:TimeOfNeed","hexamod:Toasty"],"picked":"hexamod:VolcanoVisage","floor":0.0},{"not_picked":["hexamod:Again","hexamod:SpectersWail"],"picked":"hexamod:SuperheatedStrike","floor":2.0},{"not_picked":["hexamod:BurningTouch","hexamod:SpectersWail"],"picked":"hexamod:ThermalTransfer","floor":4.0},{"not_picked":["hexamod:Hexaguard","hexamod:CatchUp","hexamod:BacktrackSmack"],"picked":"SKIP","floor":5.0},{"not_picked":["hexamod:ThermalTransfer","hexamod:AdvancingGuard"],"picked":"hexamod:FlamesFromBeyond","floor":6.0},{"not_picked":["hexamod:NightmareStrike","hexamod:Toasty","hexamod:BurningTouch","hexamod:GhostShield"],"picked":"SKIP","floor":8.0},{"not_picked":["hexamod:SuperheatedStrike","hexamod:ShieldOfDarkness","hexamod:FlamesFromBeyond","hexamod:AdvancingGuard"],"picked":"SKIP","floor":9.0},{"not_picked":["hexamod:SuperheatedStrike","hexamod:ShieldOfDarkness","hexamod:FlamesFromBeyond","hexamod:AdvancingGuard"],"picked":"SKIP","floor":9.0},{"not_picked":["hexamod:PhantomFireball","hexamod:Incineration","hexamod:HeatMetal","hexamod:SpectersWail"],"picked":"SKIP","floor":13.0},{"not_picked":["hexamod:GhostOfSpirePast","hexamod:RainOfEmbers","hexamod:HauntingEcho","hexamod:ThermalTransfer"],"picked":"SKIP","floor":14.0},{"not_picked":["hexamod:ExtraCrispy","hexamod:SwordOfDarkness","hexamod:Firestarter","hexamod:BacktrackSmack"],"picked":"SKIP","floor":15.0},{"not_picked":["hexamod:TurnItUp","hexamod:Toasty","hexamod:ForkedFlame"],"picked":"hexamod:TimeOfNeed","floor":16.0},{"not_picked":["hexamod:GhostLash","hexamod:HeatCrush","hexamod:StepThrough"],"picked":"hexamod:SpectralSpark+1","floor":19.0},{"not_picked":["hexamod:GhostflameBarrier","hexamod:Again","hexamod:SecondSeal","hexamod:NightmareStrike"],"picked":"SKIP","floor":22.0},{"not_picked":["hexamod:AdvancingGuard","hexamod:HeatMetal","hexamod:PhantomCloak","hexamod:BacktrackSmack"],"picked":"SKIP","floor":23.0},{"not_picked":["hexamod:ShieldOfDarkness+1","hexamod:GhostflameBarrier","hexamod:NightmareGuise","hexamod:UnleashSpirits"],"picked":"SKIP","floor":25.0},{"not_picked":["hexamod:ChargedBarrage","hexamod:UnleashSpirits","hexamod:SuperheatedStrike","hexamod:GhostShield+1"],"picked":"SKIP","floor":26.0},{"not_picked":["hexamod:NightmareGuise+1","hexamod:PhantomCloak","hexamod:TimeWarp","hexamod:DynamicBlow"],"picked":"SKIP","floor":28.0},{"not_picked":["hexamod:HeatShield","hexamod:Hexaguard","hexamod:ThermalTransfer","hexamod:NightmareGuise"],"picked":"SKIP","floor":29.0},{"not_picked":["hexamod:GhostLash","hexamod:NightmareGuise","hexamod:ThirdSeal","hexamod:InspiringFlames+1"],"picked":"SKIP","floor":30.0},{"not_picked":["hexamod:GhostOfSpireFuture","hexamod:GhostLash","hexamod:RadiantFlame+1","hexamod:ShieldOfDarkness"],"picked":"SKIP","floor":32.0},{"not_picked":["hexamod:FlameSwitch","hexamod:SearingWound","hexamod:TimeWarp"],"picked":"hexamod:ApocalypseNow","floor":33.0},{"not_picked":["hexamod:RadiantFlame","hexamod:FlamesFromBeyond+1","hexamod:SuperheatedStrike","hexamod:HeatMetal+1"],"picked":"Singing Bowl","floor":36.0},{"not_picked":["hexamod:FastForward","hexamod:Rewind","hexamod:SuperheatedStrike","hexamod:SwordOfDarkness+1"],"picked":"Singing Bowl","floor":36.0},{"not_picked":["expansioncontent:YouAreMine","expansioncontent:GuardianWhirl","expansioncontent:LastStand"],"picked":"Singing Bowl","floor":37.0},{"not_picked":["expansioncontent:HyperBeam","expansioncontent:AwakenDeath","expansioncontent:PrepareCrush"],"picked":"Singing Bowl","floor":37.0},{"not_picked":["expansioncontent:GuardianWhirl","expansioncontent:HyperBeam","expansioncontent:InvincibleStrength"],"picked":"Singing Bowl","floor":37.0},{"not_picked":["hexamod:HeatCrush+1","hexamod:FastForward","hexamod:Haunt+1","hexamod:ShieldOfDarkness+1"],"picked":"Singing Bowl","floor":38.0},{"not_picked":["hexamod:BacktrackSmack+1","hexamod:BurningTouch+1","hexamod:CatchUp","hexamod:FourthSeal"],"picked":"Singing Bowl","floor":39.0},{"not_picked":["hexamod:GhostOfSpireFuture+1","hexamod:FastForward","hexamod:SwordOfDarkness+1","hexamod:SuperheatedStrike"],"picked":"Singing Bowl","floor":42.0},{"not_picked":["hexamod:GhostShield+1","hexamod:FourthSeal","hexamod:UnlimitedPower","hexamod:PowerFromBeyond"],"picked":"Singing Bowl","floor":42.0},{"not_picked":["hexamod:SpectralAdrenaline","hexamod:InspiringFlames+1","hexamod:Again+1","hexamod:FastForward"],"picked":"Singing Bowl","floor":44.0},{"not_picked":["hexamod:RetreatToShadows","hexamod:SuperheatedStrike+1","hexamod:FastForward+1","hexamod:ChargedBarrage+1"],"picked":"Singing Bowl","floor":44.0},{"not_picked":["hexamod:BurningTouch+1","hexamod:Incineration+1","hexamod:ExtraCrispy","hexamod:GhostOfSpireFuture"],"picked":"Singing Bowl","floor":45.0},{"not_picked":["hexamod:GhostOfSpireFuture","hexamod:GhostLash","hexamod:InspiringFlames","hexamod:ThermalTransfer+1"],"picked":"Singing Bowl","floor":46.0},{"not_picked":["hexamod:BurningTouch","hexamod:Hexaguard+1","hexamod:GhostOfSpireFuture+1","hexamod:ThermalTransfer"],"picked":"Singing Bowl","floor":46.0},{"not_picked":["hexamod:HeatMetal+1","hexamod:Haunt+1","hexamod:Again+1","hexamod:FastForward+1"],"picked":"Singing Bowl","floor":47.0},{"not_picked":["hexamod:Firestarter+1","hexamod:FourthSeal","hexamod:GhostOfSpirePast+1"],"picked":"hexamod:RainOfEmbers+1","floor":47.0},{"not_picked":["hexamod:BurningTouch","hexamod:ExtraCrispy","hexamod:Hexaguard"],"picked":"hexamod:TimeOfNeed","floor":48.0},{"not_picked":["hexamod:FlamesFromBeyond","hexamod:ThermalTransfer","hexamod:BacktrackSmack","hexamod:SuperheatedStrike"],"picked":"Singing Bowl","floor":49.0},{"not_picked":["hexamod:ThermalTransfer+1","hexamod:CatchUp+1","hexamod:ChargedBarrage+1","hexamod:Haunt"],"picked":"Singing Bowl","floor":49.0},{"not_picked":["hexamod:Incineration","hexamod:CatchUp","hexamod:GhostShield+1","hexamod:SuperheatedStrike"],"picked":"Singing Bowl","floor":52.0}],"player_experience":842789,"relics_obtained":[{"floor":7.0,"key":"Question Card"},{"floor":9.0,"key":"Smiling Mask"},{"floor":23.0,"key":"PreservedInsect"},{"floor":24.0,"key":"Gremlin Horn"},{"floor":28.0,"key":"Akabeko"},{"floor":30.0,"key":"MealTicket"},{"floor":34.0,"key":"MawBank"},{"floor":34.0,"key":"Singing Bowl"},{"floor":34.0,"key":"Prayer Wheel"},{"floor":38.0,"key":"Torii"},{"floor":41.0,"key":"Eternal Feather"},{"floor":41.0,"key":"Mango"},{"floor":43.0,"key":"downfall:GremlinWheel"},{"floor":45.0,"key":"Shovel"},{"floor":48.0,"key":"Pantograph"},{"floor":52.0,"key":"Sundial"},{"floor":54.0,"key":"Blue Candle"}],"event_choices":[{"damage_healed":0.0,"max_hp_gain":0.0,"max_hp_loss":0.0,"gold_gain":0.0,"event_name":"Accursed Blacksmith","player_choice":"Rummage","floor":12.0,"gold_loss":0.0,"damage_taken":0.0,"relics_obtained":["WarpedTongs"],"cards_obtained":["Pain"]},{"damage_healed":0.0,"max_hp_gain":0.0,"max_hp_loss":0.0,"gold_gain":0.0,"event_name":"Vampires","player_choice":"Ignored","floor":21.0,"gold_loss":0.0,"damage_taken":0.0},{"damage_healed":0.0,"max_hp_gain":0.0,"max_hp_loss":0.0,"gold_gain":0.0,"event_name":"Mysterious Sphere","player_choice":"Fight","floor":38.0,"gold_loss":0.0,"damage_taken":0.0}],"is_beta":false,"boss_relics":[{"not_picked":["Philosopher\u0027s Stone","SacredBark"],"picked":"sneckomod:SneckoTalon"},{"not_picked":["Astrolabe","Busted Crown"],"picked":"Calling Bell"}],"items_purged_floors":[5,8,14,26,39,53],"is_endless":false,"potions_floor_spawned":[2,9,13,15,16,22,23,29,32,33,36,42,43,48,52],"ascension_level":1}}