{"host":"a3gu5zu37ht99mpa","time":1613326464,"event":{"mods":["100% Spire Juice","Act Like it!","Arknights","BaseMod","Better Silent Start","BetterRewards","Conspire","Downfall","Energized Spire","GifTheSpireLib","Gold Saver","Halation","Minty Spire (QoL Compilation)","Prisma Mod","Robot Space Explorer","Shop Mod","StSLib","Stuff the Spire","The Servant 0.9.4","Virulent Crown","Wandering Minibosses","yUi"],"gold_per_floor":[25,41,53,53,38,55,55,66,78,112,14,36,64,88,119,131,131],"floor_reached":16,"language":"ENG","playtime":1599,"items_purged":[],"score":110,"play_id":"8f8d0725-0e46-4f42-b4b9-1a34e13fceeb","local_time":"20210214131424","is_ascension_mode":false,"campfire_choices":[{"floor":1.0,"key":"RECALL"}],"circlet_count":0,"master_deck":["Moonworks:Strike","Moonworks:Strike","Moonworks:Strike","Moonworks:Strike","Moonworks:Defend","Moonworks:Defend","Moonworks:Defend","Moonworks:Defend","Moonworks:Ambush","Moonworks:LongDistanceShot","Moonworks:EvilSpyWorkPreparation+1","Moonworks:ImOnFire","Moonworks:SakisCookie","Moonworks:IndiscriminateFireSupport","Moonworks:SealedMemories","Moonworks:EvilSpyWorkPreparation","Moonworks:LulusLuckyEgg","Moonworks:AngelHand","Moonworks:SakisCookie","Moonworks:DeployBits","Moonworks:DeployBits","Moonworks:BigBangBell"],"relics":["Moonworks:BrokenBomb","Moonworks:Homemark","MawBank"],"acts_visited":["Exordium"],"potions_floor_usage":[16,16,16],"damage_taken":[{"damage":0.0,"enemies":"2 Louse","floor":2.0,"turns":3.0},{"damage":0.0,"enemies":"Cultist","floor":3.0,"turns":3.0},{"damage":4.0,"enemies":"downfall:FleeingMerchant","floor":5.0,"turns":4.0},{"damage":0.0,"enemies":"Jaw Worm","floor":6.0,"turns":3.0},{"damage":5.0,"enemies":"Exordium Thugs","floor":8.0,"turns":3.0},{"damage":6.0,"enemies":"3 Louse","floor":9.0,"turns":3.0},{"damage":31.0,"enemies":"Lagavulin","floor":10.0,"turns":6.0},{"damage":0.0,"enemies":"2 Fungi Beasts","floor":11.0,"turns":3.0},{"damage":0.0,"enemies":"Blue Slaver","floor":12.0,"turns":3.0},{"damage":16.0,"enemies":"Large Slime","floor":13.0,"turns":3.0},{"damage":12.0,"enemies":"Exordium Thugs","floor":14.0,"turns":3.0},{"damage":1.0,"enemies":"Large Slime","floor":15.0,"turns":4.0},{"damage":16,"enemies":"DF_ARCHETYPE_STREAMLINE","floor":16,"turns":6}],"seed_played":"8410781033411257535","potions_obtained":[{"floor":6.0,"key":"conspire:TimeTravelPotion"},{"floor":10.0,"key":"Explosive Potion"},{"floor":11.0,"key":"SneckoOil"},{"floor":13.0,"key":"SpeedPotion"},{"floor":15.0,"key":"CultistPotion"}],"is_trial":false,"path_per_floor":["R","M","M","?","$","M","T","M","M","E","M","M","M","M","M","B"],"character_chosen":"THE_STARBREAKER","items_purchased":[],"campfire_rested":0,"item_purchase_floors":[],"current_hp_per_floor":[66,66,66,66,62,62,62,57,51,33,35,37,21,13,14,0,0],"gold":131,"neow_bonus":"TEN_PERCENT_HP_BONUS","is_daily":false,"chose_seed":false,"campfire_upgraded":0,"win_rate":0.0,"timestamp":1613326464,"path_taken":["R","M","M","?","$","M","T","M","M","E","M","?","M","?","M","BOSS"],"items_purchased_type":[],"build_version":"2020-12-22","purchased_purges":0,"victory":false,"max_hp_per_floor":[66,66,66,66,66,66,66,66,66,66,66,66,66,66,66,66,66],"card_choices":[{"not_picked":["Moonworks:LulusLuckyEgg","Moonworks:ImOnFire"],"picked":"Moonworks:EvilSpyWorkPreparation","floor":2.0},{"not_picked":["Moonworks:Poppoformation","Moonworks:Bloodlust"],"picked":"Moonworks:ImOnFire","floor":3.0},{"not_picked":["Moonworks:IntelligenceOfficer","Moonworks:NicePresent"],"picked":"Moonworks:SakisCookie","floor":5.0},{"not_picked":["Moonworks:Assault","Moonworks:MeltingMemories"],"picked":"Moonworks:IndiscriminateFireSupport","floor":6.0},{"not_picked":["Moonworks:ScrambledEve","Moonworks:ImOnFire"],"picked":"Moonworks:SealedMemories","floor":8.0},{"not_picked":["Moonworks:DevilHand","Moonworks:LulusLuckyEgg"],"picked":"Moonworks:EvilSpyWorkPreparation","floor":9.0},{"not_picked":["Moonworks:LeapThroughSpace","Moonworks:ImOnFire"],"picked":"Moonworks:LulusLuckyEgg","floor":10.0},{"not_picked":["Moonworks:BeyondHell","Moonworks:WindyEnchantment"],"picked":"Moonworks:AngelHand","floor":11.0},{"not_picked":["Moonworks:JonathanRush","Moonworks:Heat300Percent"],"picked":"Moonworks:SakisCookie","floor":12.0},{"not_picked":["Moonworks:BeyondHell","Moonworks:JonathanRush"],"picked":"Moonworks:DeployBits","floor":13.0},{"not_picked":["Moonworks:BigMagnum","Moonworks:MiracleRedBeanIceCream"],"picked":"Moonworks:DeployBits","floor":14.0},{"not_picked":["Moonworks:ImOnFire","Moonworks:NicePresent"],"picked":"Moonworks:BigBangBell","floor":15.0}],"player_experience":31112,"relics_obtained":[{"floor":10.0,"key":"MawBank"}],"event_choices":[],"is_beta":false,"boss_relics":[],"items_purged_floors":[],"is_endless":false,"potions_floor_spawned":[6,10,11,13,15],"killed_by":"DF_ARCHETYPE_STREAMLINE","ascension_level":0}}