{"host":"rolltorest","time":1613336989,"event":{"mods":["BaseMod","Minty Spire (QoL Compilation)","Relic Stats","Slay the Relics Exporter","StSLib"],"gold_per_floor":[116,116,131,131,142,142,177,177,177,205,236,248,276,336,348,434,446,478,508,38,51,51,83,83,83,132,25,25,25],"floor_reached":28,"language":"ENG","playtime":583,"items_purged":["Writhe"],"score":592,"play_id":"0f7a6c79-5da0-42a1-982d-176736b1a8ea","local_time":"20210214130949","is_ascension_mode":true,"campfire_choices":[{"data":"ForeignInfluence","floor":6,"key":"SMITH"},{"data":"FlyingSleeves","floor":8,"key":"SMITH"},{"data":"Conclude","floor":12,"key":"SMITH"},{"floor":15,"key":"REST"},{"floor":24,"key":"REST"}],"circlet_count":0,"master_deck":["AscendersBane","Strike_P","Strike_P","Defend_P","Defend_P","Defend_P","Defend_P","Eruption","Vigilance","FlyingSleeves+1","CrushJoints","ForeignInfluence+1","Conclude+1","FlurryOfBlows","Vault","LessonLearned","ThirdEye","Tantrum","FearNoEvil","Establishment","MasterReality","Conclude+1","Halt"],"relics":["Velvet Choker","Letter Opener","Blue Candle","MawBank","Art of War","SacredBark","Vajra","Toy Ornithopter","Smiling Mask","Pen Nib","Ancient Tea Set"],"acts_visited":["Exordium","TheCity"],"potions_floor_usage":[10,16,18,21,23,23],"damage_taken":[{"damage":16,"enemies":"2 Louse","floor":1,"turns":2},{"damage":4,"enemies":"Jaw Worm","floor":3,"turns":4},{"damage":0,"enemies":"Cultist","floor":5,"turns":3},{"damage":17,"enemies":"Lagavulin","floor":7,"turns":6},{"damage":10,"enemies":"3 Sentries","floor":10,"turns":3},{"damage":7,"enemies":"Exordium Thugs","floor":11,"turns":4},{"damage":7,"enemies":"Looter","floor":13,"turns":3},{"damage":0,"enemies":"Slime Boss","floor":16,"turns":6},{"damage":22,"enemies":"Shell Parasite","floor":18,"turns":4},{"damage":0,"enemies":"Chosen","floor":19,"turns":3},{"damage":0,"enemies":"3 Cultists","floor":21,"turns":4},{"damage":57,"enemies":"Book of Stabbing","floor":23,"turns":6},{"damage":33,"enemies":"Snake Plant","floor":28,"turns":3}],"seed_played":"2526128992615686023","potions_obtained":[{"floor":1,"key":"AttackPotion"},{"floor":4,"key":"SkillPotion"},{"floor":5,"key":"Explosive Potion"},{"floor":10,"key":"DistilledChaos"},{"floor":16,"key":"Block Potion"},{"floor":21,"key":"SpeedPotion"}],"is_trial":false,"path_per_floor":["M","?","M","?","M","R","E","R","T","E","M","R","M","T","R","B",null,"M","M","$","M","?","E","R","?","T","$","M"],"character_chosen":"WATCHER","items_purchased":["Tantrum","Vajra","Toy Ornithopter","Fruit Juice","Halt"],"campfire_rested":2,"item_purchase_floors":[20,20,20,20,27],"current_hp_per_floor":[45,50,46,46,46,46,29,29,29,19,12,12,5,5,26,26,61,39,39,39,44,44,7,31,31,31,31,0,0],"gold":25,"neow_bonus":"BOSS_RELIC","is_daily":false,"chose_seed":false,"campfire_upgraded":3,"win_rate":0.0,"timestamp":1613336989,"path_taken":["M","?","M","?","M","R","E","R","T","E","M","R","?","?","R","BOSS","M","M","$","M","?","E","R","?","T","$","M"],"items_purchased_type":["Card","Relic","Relic","Potion","Card"],"build_version":"2020-12-18","purchased_purges":1,"victory":false,"max_hp_per_floor":[68,73,73,73,73,73,73,73,73,73,73,73,73,73,73,73,73,73,73,73,73,73,83,83,83,83,83,83,83],"relic_stats":{"counters":[13,51],"Blue Candle":[0],"Pen Nib":[0],"Art of War":[1],"Letter Opener":[7],"MawBank":120,"Smiling Mask":25,"obtain_stats":[{"Blue Candle":9,"SacredBark":17,"Velvet Choker":0,"Vajra":20,"Pen Nib":25,"Art of War":14,"Letter Opener":7,"PureWater":0,"MawBank":10,"Smiling Mask":23,"Ancient Tea Set":26,"Toy Ornithopter":20},{"Blue Candle":4,"SacredBark":8,"Velvet Choker":0,"Vajra":10,"Pen Nib":12,"Art of War":7,"Letter Opener":4,"PureWater":0,"MawBank":5,"Smiling Mask":12,"Ancient Tea Set":12,"Toy Ornithopter":10},{"Blue Candle":15,"SacredBark":31,"Velvet Choker":0,"Vajra":38,"Pen Nib":48,"Art of War":25,"Letter Opener":15,"PureWater":0,"MawBank":18,"Smiling Mask":48,"Ancient Tea Set":48,"Toy Ornithopter":38}],"Toy Ornithopter":15},"card_choices":[{"not_picked":["Pray","Nirvana"],"picked":"FlyingSleeves","floor":1},{"not_picked":["Evaluate","ClearTheMind"],"picked":"CrushJoints","floor":3},{"not_picked":["ClearTheMind","JustLucky"],"picked":"ForeignInfluence","floor":5},{"not_picked":["EmptyBody","Study","Halt"],"picked":"SKIP","floor":7},{"not_picked":["Adaptation","WheelKick"],"picked":"Conclude","floor":10},{"not_picked":["Conclude","Prostrate"],"picked":"FlurryOfBlows","floor":11},{"not_picked":["Wallop","PathToVictory"],"picked":"Vault","floor":13},{"not_picked":["DevaForm","Ragnarok"],"picked":"LessonLearned","floor":16},{"not_picked":["Protect","Evaluate"],"picked":"ThirdEye","floor":18},{"not_picked":["FollowUp","SashWhip","Collect"],"picked":"SKIP","floor":19},{"not_picked":["EmptyBody","Wireheading"],"picked":"FearNoEvil","floor":21},{"not_picked":["Pray+1","WreathOfFlame"],"picked":"Conclude+1","floor":23}],"player_experience":1987670,"relics_obtained":[{"floor":7,"key":"Letter Opener"},{"floor":9,"key":"Blue Candle"},{"floor":10,"key":"MawBank"},{"floor":14,"key":"Art of War"},{"floor":23,"key":"Smiling Mask"},{"floor":26,"key":"Ancient Tea Set"}],"event_choices":[{"damage_healed":0,"gold_gain":0,"player_choice":"Donut","damage_taken":0,"max_hp_gain":5,"max_hp_loss":0,"event_name":"Big Fish","floor":2,"gold_loss":0},{"damage_healed":0,"gold_gain":0,"player_choice":"Got Potions","damage_taken":0,"max_hp_gain":0,"max_hp_loss":0,"event_name":"Lab","floor":4,"gold_loss":0},{"damage_healed":0,"gold_gain":0,"cards_transformed":["Strike_P","Strike_P"],"player_choice":"Became Test Subject","damage_taken":0,"max_hp_gain":0,"max_hp_loss":0,"event_name":"Drug Dealer","floor":22,"gold_loss":0,"cards_obtained":["Establishment","MasterReality"]},{"damage_healed":0,"gold_gain":0,"player_choice":"Opened","damage_taken":0,"relics_obtained":["Pen Nib"],"max_hp_gain":0,"max_hp_loss":0,"event_name":"The Mausoleum","floor":25,"gold_loss":0,"cards_obtained":["Writhe"]}],"is_beta":true,"boss_relics":[{"not_picked":["Empty Cage","Sozu"],"picked":"SacredBark"}],"items_purged_floors":[27],"is_endless":false,"potions_floor_spawned":[1,5,10,16,21],"killed_by":"Snake Plant","ascension_level":20}}