{"host":"nsc6ozq3atyrdr3m","time":1613303618,"event":{"mods":["BaseMod","Colored Map","Minty Spire (QoL Compilation)"],"gold_per_floor":[117,117,40,140,160,160,189,203,228,254,265,265,278,313,313,410,410,422,521,541,102,112,112,144,144,144,178,178,178,98,118,118,223,223,237,237,263,273,273,302,302,332,414,433,433,443,443,471,471,471,471],"floor_reached":50,"language":"FRA","playtime":1412,"items_purged":["Regret"],"score":733,"play_id":"8b0ffe33-9f59-4b62-b031-93cee4feab95","local_time":"20210214125338","is_ascension_mode":true,"campfire_choices":[{"data":"Loop","floor":6,"key":"SMITH"},{"data":"Electrodynamics","floor":12,"key":"SMITH"},{"floor":15,"key":"REST"},{"data":"Storm","floor":23,"key":"SMITH"},{"data":"Chill","floor":25,"key":"SMITH"},{"floor":28,"key":"REST"},{"data":"Defragment","floor":32,"key":"SMITH"},{"floor":41,"key":"REST"},{"floor":45,"key":"REST"},{"floor":47,"key":"REST"},{"floor":49,"key":"REST"}],"circlet_count":0,"master_deck":["Strike_B","Strike_B","Strike_B","Strike_B","Defend_B","Defend_B","Defend_B+1","Defend_B+1","Zap","Dualcast","Ball Lightning","Loop+1","Reinforced Body","Electrodynamics+1","Darkness","Steam Power","Rebound","Tempest","Echo Form","Go for the Eyes+1","Melter+1","Storm+1","Chill+1","Heatsinks+1","Defragment+1","Chaos+1","Electrodynamics","Reinforced Body+1","Defragment+1","Hologram+1"],"relics":["Cracked Core","NeowsBlessing","Tiny Chest","Omamori","Lantern","White Beast Statue","Juzu Bracelet","Sozu","FossilizedHelix","War Paint","Mercury Hourglass","Darkstone Periapt","Bag of Preparation","Runic Pyramid","Bronze Scales","Ornamental Fan","Prayer Wheel","Mummified Hand","Thread and Needle"],"acts_visited":["Exordium","TheCity","TheBeyond"],"potions_floor_usage":[10,14,16,27,33,40],"damage_taken":[{"damage":0,"enemies":"Jaw Worm","floor":1,"turns":1},{"damage":0,"enemies":"Cultist","floor":5,"turns":1},{"damage":0,"enemies":"Gremlin Nob","floor":7,"turns":1},{"damage":13,"enemies":"Small Slimes","floor":8,"turns":4},{"damage":15,"enemies":"3 Sentries","floor":10,"turns":3},{"damage":8,"enemies":"Looter","floor":11,"turns":3},{"damage":4,"enemies":"3 Louse","floor":13,"turns":2},{"damage":8,"enemies":"Gremlin Nob","floor":14,"turns":3},{"damage":22,"enemies":"Hexaghost","floor":16,"turns":8},{"damage":5,"enemies":"Spheric Guardian","floor":18,"turns":3},{"damage":18,"enemies":"Shell Parasite","floor":20,"turns":4},{"damage":0,"enemies":"Sentry and Sphere","floor":22,"turns":2},{"damage":10,"enemies":"Slavers","floor":24,"turns":2},{"damage":15,"enemies":"Gremlin Leader","floor":27,"turns":5},{"damage":0,"enemies":"3 Cultists","floor":31,"turns":2},{"damage":11,"enemies":"Automaton","floor":33,"turns":6},{"damage":0,"enemies":"3 Shapes","floor":35,"turns":2},{"damage":0,"enemies":"3 Darklings","floor":38,"turns":3},{"damage":69,"enemies":"Giant Head","floor":40,"turns":8},{"damage":20,"enemies":"Nemesis","floor":42,"turns":5},{"damage":0,"enemies":"Maw","floor":44,"turns":4},{"damage":0,"enemies":"Transient","floor":46,"turns":5},{"damage":14,"enemies":"Reptomancer","floor":48,"turns":5},{"damage":57,"enemies":"Awakened One","floor":50,"turns":7}],"seed_played":"-3574276492928664262","potions_obtained":[{"floor":7,"key":"Fire Potion"},{"floor":8,"key":"Dexterity Potion"},{"floor":10,"key":"SkillPotion"},{"floor":11,"key":"SkillPotion"},{"floor":14,"key":"Energy Potion"},{"floor":16,"key":"Explosive Potion"}],"is_trial":false,"path_per_floor":["M","?","$","?","M","R","E","M","T","E","M","R","M","E","R","B",null,"M","?","M","$","M","R","E","R","T","E","R","T","$","M","R","B",null,"M","$","T","M","?","E","R","E","T","M","R","M","R","E","R","B"],"character_chosen":"DEFECT","items_purchased":["Loop","Storm","FossilizedHelix","Defragment"],"campfire_rested":6,"item_purchase_floors":[3,21,21,30],"current_hp_per_floor":[75,75,75,75,75,75,75,62,62,47,39,39,35,27,49,27,75,70,70,52,52,52,52,42,42,42,27,49,49,49,49,49,38,75,75,75,75,75,71,2,23,3,3,3,24,24,45,31,52,0,0],"gold":471,"neow_bonus":"THREE_ENEMY_KILL","is_daily":false,"chose_seed":false,"campfire_upgraded":5,"win_rate":0.0,"timestamp":1613303618,"path_taken":["M","?","$","?","?","R","E","M","T","E","M","R","M","E","R","BOSS","M","?","M","$","M","R","E","R","T","E","R","?","$","M","R","BOSS","M","$","?","M","?","E","R","E","T","M","R","M","R","E","R","BOSS"],"items_purchased_type":["Card","Card","Relic","Card"],"build_version":"2020-12-22","purchased_purges":1,"victory":false,"max_hp_per_floor":[75,75,75,75,75,75,75,75,75,75,75,75,75,75,75,75,75,75,75,75,75,75,75,75,75,75,75,75,75,75,75,75,75,75,75,75,75,75,71,71,71,71,71,71,71,71,71,71,71,71,71],"card_choices":[{"not_picked":["Gash","White Noise"],"picked":"Ball Lightning","floor":1},{"not_picked":["Scrape","Streamline"],"picked":"Reinforced Body","floor":5},{"not_picked":["Leap","Redo"],"picked":"Electrodynamics","floor":7},{"not_picked":["Barrage","Streamline"],"picked":"Darkness","floor":8},{"not_picked":["Coolheaded","Sunder"],"picked":"Steam Power","floor":10},{"not_picked":["Conserve Battery","Go for the Eyes"],"picked":"Rebound","floor":11},{"not_picked":["Beam Cell","Conserve Battery"],"picked":"Tempest","floor":13},{"not_picked":["Sweeping Beam","Beam Cell","Steam"],"picked":"SKIP","floor":14},{"not_picked":["Hyperbeam","Fission"],"picked":"Echo Form","floor":16},{"not_picked":["Recycle","Beam Cell"],"picked":"Go for the Eyes+1","floor":18},{"not_picked":["Redo+1","Steam"],"picked":"Melter+1","floor":20},{"not_picked":["Go for the Eyes+1","Compile Driver"],"picked":"Chill","floor":22},{"not_picked":["Recycle","Cold Snap"],"picked":"Heatsinks+1","floor":24},{"not_picked":["Beam Cell","Fission","FTL"],"picked":"SKIP","floor":27},{"not_picked":["Leap","FTL"],"picked":"Chaos+1","floor":31},{"not_picked":["Echo Form","Creative AI"],"picked":"Electrodynamics","floor":33},{"not_picked":["Undo+1","Rebound+1"],"picked":"Reinforced Body+1","floor":35},{"not_picked":["Double Energy+1","Turbo+1"],"picked":"Defragment+1","floor":38},{"not_picked":["Beam Cell","Compile Driver+1","Biased Cognition"],"picked":"SKIP","floor":40},{"not_picked":["Compile Driver+1","Doom and Gloom+1","Recycle"],"picked":"SKIP","floor":42},{"not_picked":["Compile Driver+1","Cold Snap","Gash"],"picked":"SKIP","floor":44},{"not_picked":["Steam+1","Beam Cell+1","Double Energy+1"],"picked":"SKIP","floor":44},{"not_picked":["Sweeping Beam","Gash"],"picked":"Hologram+1","floor":46},{"not_picked":["Darkness+1","Recycle+1","Steam"],"picked":"SKIP","floor":46},{"not_picked":["Compile Driver+1","Chaos","Storm"],"picked":"SKIP","floor":48}],"player_experience":413659,"relics_obtained":[{"floor":7,"key":"Omamori"},{"floor":9,"key":"Lantern"},{"floor":10,"key":"White Beast Statue"},{"floor":14,"key":"Juzu Bracelet"},{"floor":24,"key":"War Paint"},{"floor":26,"key":"Mercury Hourglass"},{"floor":27,"key":"Darkstone Periapt"},{"floor":29,"key":"Bag of Preparation"},{"floor":37,"key":"Bronze Scales"},{"floor":40,"key":"Ornamental Fan"},{"floor":42,"key":"Prayer Wheel"},{"floor":43,"key":"Mummified Hand"},{"floor":48,"key":"Thread and Needle"}],"event_choices":[{"damage_healed":0,"gold_gain":0,"player_choice":"Box","damage_taken":0,"relics_obtained":["Tiny Chest"],"max_hp_gain":0,"max_hp_loss":0,"event_name":"Big Fish","floor":2,"gold_loss":0,"cards_obtained":["Regret"]},{"damage_healed":0,"gold_gain":100,"player_choice":"Pray","damage_taken":0,"max_hp_gain":0,"max_hp_loss":0,"event_name":"Golden Shrine","floor":4,"gold_loss":0},{"damage_healed":0,"gold_gain":99,"player_choice":"Stole From Cult","damage_taken":0,"max_hp_gain":0,"max_hp_loss":0,"event_name":"Nest","floor":19,"gold_loss":0},{"damage_healed":0,"gold_gain":0,"player_choice":"Max HP","damage_taken":0,"max_hp_gain":0,"max_hp_loss":4,"event_name":"Winding Halls","floor":39,"gold_loss":0}],"is_beta":false,"boss_relics":[{"not_picked":["Velvet Choker","Philosopher\u0027s Stone"],"picked":"Sozu"},{"not_picked":["SacredBark","Astrolabe"],"picked":"Runic Pyramid"}],"items_purged_floors":[21],"is_endless":false,"potions_floor_spawned":[7,8,10,11,13,14,16,18,20,22,24,27,31,33,35,38,40,42,44,46,48],"killed_by":"Awakened One","ascension_level":4}}