{"host":"jm9833yuloeli2yd","time":1613325334,"event":{"mods":["BaseMod","Better Altar","Better Match","Better Note","Better Sensory Stone","Better Skull","Better Third Choice","Better Vampires","BetterRewards","Colored Map","Colored Powertips","DeckTracker","Minty Spire (QoL Compilation)","Permanent Neow","Quick Restart","StSLib","SuperFastMode"],"gold_per_floor":[111,125,125,152,179,219,219,246,246,280,217,255,274,274,274,357,357,380,401,119,144,172,210,210,245,257,294,319,347,468,480,480],"floor_reached":31,"language":"ENG","playtime":1271,"items_purged":["Strike_G","Strike_G","Strike_G"],"score":1038,"play_id":"583740d3-6226-479c-bc52-58e5bef4df39","local_time":"20210214125534","is_ascension_mode":true,"campfire_choices":[{"floor":7,"key":"REST"},{"data":"Adrenaline","floor":15,"key":"SMITH"},{"data":"Secret Technique","floor":24,"key":"SMITH"}],"circlet_count":0,"master_deck":["AscendersBane","Defend_G","Defend_G","Defend_G","Defend_G","Defend_G","Survivor","Neutralize","Apotheosis+1","Caltrops","Escape Plan","Noxious Fumes","Skewer","Uppercut","Masterful Stab","Blade Dance","Blade Dance","Adrenaline+1","Crippling Poison","Blur","Dodge and Roll","Die Die Die","Backflip","Backflip","Flash of Steel","Secret Technique+1","Cloak And Dagger+1","Envenom","Catalyst","A Thousand Cuts","Calculated Gamble"],"relics":["Ring of the Snake","Membership Card","Incense Burner","Orichalcum","Centennial Puzzle","CeramicFish","PreservedInsect","Bottled Tornado","Torii","Blood Vial","Kunai","Empty Cage","TheAbacus","Oddly Smooth Stone","MawBank","Singing Bowl","Gambling Chip","Bottled Lightning"],"acts_visited":["Exordium","TheCity"],"potions_floor_usage":[6,13,27],"damage_taken":[{"damage":0,"enemies":"Cultist","floor":1,"turns":4},{"damage":1,"enemies":"2 Louse","floor":2,"turns":3},{"damage":4,"enemies":"Jaw Worm","floor":4,"turns":4},{"damage":0,"enemies":"Red Slaver","floor":5,"turns":2},{"damage":10,"enemies":"Gremlin Nob","floor":6,"turns":4},{"damage":0,"enemies":"3 Louse","floor":8,"turns":5},{"damage":0,"enemies":"3 Sentries","floor":10,"turns":5},{"damage":0,"enemies":"Lagavulin","floor":12,"turns":5},{"damage":2,"enemies":"Gremlin Gang","floor":13,"turns":3},{"damage":12,"enemies":"The Guardian","floor":16,"turns":9},{"damage":4,"enemies":"3 Byrds","floor":18,"turns":3},{"damage":1,"enemies":"2 Thieves","floor":19,"turns":5},{"damage":13,"enemies":"Shelled Parasite and Fungi","floor":21,"turns":4},{"damage":12,"enemies":"Snake Plant","floor":22,"turns":5},{"damage":0,"enemies":"Slavers","floor":23,"turns":4},{"damage":0,"enemies":"Book of Stabbing","floor":25,"turns":5},{"damage":7,"enemies":"Gremlin Leader","floor":27,"turns":6},{"damage":7,"enemies":"Sentry and Sphere","floor":28,"turns":7},{"damage":2,"enemies":"Cultist and Chosen","floor":29,"turns":7},{"damage":14,"enemies":"Colosseum Slavers","floor":30,"turns":4},{"damage":0,"enemies":"Colosseum Nobs","floor":30,"turns":2}],"seed_played":"3474200325162489263","potions_obtained":[{"floor":1,"key":"Ancient Potion"},{"floor":4,"key":"LiquidMemories"},{"floor":8,"key":"Energy Potion"},{"floor":12,"key":"Swift Potion"},{"floor":13,"key":"ColorlessPotion"},{"floor":18,"key":"Strength Potion"},{"floor":21,"key":"Dexterity Potion"},{"floor":27,"key":"LiquidBronze"}],"is_trial":false,"path_per_floor":["M","M","?","M","M","E","R","M","T","E","?","E","M","?","R","B",null,"M","M","$","M","M","E","R","E","T","E","M","M","?","?"],"character_chosen":"THE_SILENT","items_purchased":["Membership Card","Apotheosis","Caltrops","Escape Plan","Orichalcum","Centennial Puzzle","Noxious Fumes","Flash of Steel","TheAbacus","Secret Technique"],"campfire_rested":1,"item_purchase_floors":[0,0,0,0,0,0,0,20,20,20],"current_hp_per_floor":[31,30,16,12,12,2,21,21,21,21,21,23,23,23,23,13,53,51,52,52,41,31,33,33,35,35,32,29,31,21,0,0],"gold":480,"neow_bonus":"","is_daily":false,"chose_seed":false,"campfire_upgraded":2,"win_rate":0.0,"timestamp":1613325334,"path_taken":["M","?","?","M","M","E","R","M","T","E","?","E","?","?","R","BOSS","M","?","$","M","M","E","R","E","T","E","M","M","?","?"],"items_purchased_type":["Relic","Card","Card","Card","Relic","Relic","Card","Card","Relic","Card"],"build_version":"2020-12-22","purchased_purges":3,"victory":false,"max_hp_per_floor":[66,66,66,66,66,66,66,66,66,66,66,66,66,66,66,66,66,66,66,66,66,66,66,66,66,66,68,70,72,72,72,72],"card_choices":[{"not_picked":["Blade Dance","Backflip"],"picked":"Skewer","floor":1},{"not_picked":["Distraction","Dagger Spray","Acrobatics"],"picked":"SKIP","floor":2},{"not_picked":["Poisoned Stab","Sucker Punch"],"picked":"Masterful Stab","floor":4},{"not_picked":["Calculated Gamble","Backflip"],"picked":"Blade Dance","floor":5},{"not_picked":["Poisoned Stab","Riddle With Holes"],"picked":"Blade Dance","floor":6},{"not_picked":["Backflip","Noxious Fumes"],"picked":"Adrenaline","floor":8},{"not_picked":["Setup","Deadly Poison"],"picked":"Crippling Poison","floor":10},{"not_picked":["Underhanded Strike","All Out Attack"],"picked":"Blur","floor":12},{"not_picked":["PiercingWail","Eviscerate"],"picked":"Dodge and Roll","floor":13},{"not_picked":["Grand Finale","Tools of the Trade"],"picked":"Die Die Die","floor":16},{"not_picked":["PiercingWail","Terror"],"picked":"Backflip","floor":18},{"not_picked":["Prepared","Setup"],"picked":"Backflip","floor":19},{"not_picked":["Sucker Punch","Backstab"],"picked":"Cloak And Dagger+1","floor":21},{"not_picked":["Quick Slash","Acrobatics"],"picked":"Envenom","floor":22},{"not_picked":["Crippling Poison","PiercingWail"],"picked":"Catalyst","floor":23},{"not_picked":["Blade Dance","Heel Hook"],"picked":"A Thousand Cuts","floor":25},{"not_picked":["Blade Dance+1","Dodge and Roll","Flechettes"],"picked":"Singing Bowl","floor":27},{"not_picked":["Deadly Poison","Poisoned Stab","Sucker Punch"],"picked":"Singing Bowl","floor":28},{"not_picked":["Deadly Poison+1","Outmaneuver","Crippling Poison"],"picked":"Singing Bowl","floor":29},{"not_picked":["Backflip","Slice"],"picked":"Calculated Gamble","floor":30}],"player_experience":1363703,"relics_obtained":[{"floor":6,"key":"PreservedInsect"},{"floor":9,"key":"Bottled Tornado"},{"floor":10,"key":"Torii"},{"floor":12,"key":"Kunai"},{"floor":23,"key":"Oddly Smooth Stone"},{"floor":25,"key":"MawBank"},{"floor":27,"key":"Singing Bowl"},{"floor":30,"key":"Gambling Chip"},{"floor":30,"key":"Bottled Lightning"}],"event_choices":[{"damage_healed":0,"gold_gain":0,"player_choice":"Paid Gold","damage_taken":0,"relics_obtained":["Blood Vial"],"max_hp_gain":0,"max_hp_loss":0,"event_name":"WeMeetAgain","floor":11,"gold_loss":63},{"damage_healed":0,"gold_gain":0,"player_choice":"Upgraded","damage_taken":0,"max_hp_gain":0,"max_hp_loss":0,"event_name":"Upgrade Shrine","floor":14,"gold_loss":0,"cards_upgraded":["Apotheosis"]},{"damage_healed":0,"gold_gain":0,"player_choice":"Fight","damage_taken":0,"max_hp_gain":0,"max_hp_loss":0,"event_name":"Colosseum","floor":30,"gold_loss":0},{"damage_healed":0,"gold_gain":0,"player_choice":"Fought Nobs","damage_taken":0,"max_hp_gain":0,"max_hp_loss":0,"event_name":"Colosseum","floor":30,"gold_loss":0}],"is_beta":false,"boss_relics":[{"not_picked":["Philosopher\u0027s Stone","Velvet Choker"],"picked":"Empty Cage"}],"items_purged_floors":[0,0,20],"is_endless":false,"potions_floor_spawned":[1,4,8,12,13,18,21,22,27,28,29,30],"ascension_level":20}}