{"host":"kh6fvhxn285ncg0o","time":1613266718,"event":{"mods":["Act Like it!","BaseMod","Colored Map","Friendly Minions","Keyboard Shortcuts","Minty Spire (QoL Compilation)","Quick Restart","Relic Stats","StSLib","SuperFastMode","UnlockEverythingMod"],"gold_per_floor":[111,128,128,147,164,191,191,218,218,244,260,273,323,122,122,200,200,219,219,237,251,265,265,265],"floor_reached":23,"language":"KOR","playtime":566,"items_purged":["Pain"],"score":580,"play_id":"68e31728-bae4-4c3a-b267-fcc5dcbbc63c","local_time":"20210214103838","is_ascension_mode":true,"campfire_choices":[{"floor":7.0,"key":"REST"},{"floor":15.0,"key":"RECALL"}],"circlet_count":0,"master_deck":["AscendersBane","Defend_R","Defend_R","Defend_R","Defend_R","Bash","Evolve","Shrug It Off","Wild Strike","Barricade","Twin Strike","Fire Breathing","Battle Trance","Offering","Barricade+1","Rage+1","Spot Weakness+1","Battle Trance","Pommel Strike","Dark Embrace","Disarm+1","Body Slam"],"relics":["Fusion Hammer","WarpedTongs","Blood Vial","StrikeDummy","StoneCalendar","Ginger","Astrolabe"],"acts_visited":["Exordium","TheCity"],"potions_floor_usage":[18,22,23],"damage_taken":[{"damage":8.0,"enemies":"Small Slimes","floor":1.0,"turns":3.0},{"damage":1.0,"enemies":"Cultist","floor":2.0,"turns":4.0},{"damage":4.0,"enemies":"2 Louse","floor":4.0,"turns":3.0},{"damage":18.0,"enemies":"Exordium Thugs","floor":5.0,"turns":3.0},{"damage":11.0,"enemies":"Gremlin Nob","floor":6.0,"turns":3.0},{"damage":19.0,"enemies":"3 Sentries","floor":8.0,"turns":11.0},{"damage":4.0,"enemies":"Lagavulin","floor":10.0,"turns":7.0},{"damage":2.0,"enemies":"Exordium Wildlife","floor":11.0,"turns":2.0},{"damage":6.0,"enemies":"Looter","floor":12.0,"turns":2.0},{"damage":0,"enemies":"Slime Boss","floor":16,"turns":6},{"damage":5,"enemies":"3 Byrds","floor":18,"turns":4},{"damage":31,"enemies":"Shell Parasite","floor":20,"turns":5},{"damage":4,"enemies":"Snake Plant","floor":21,"turns":4},{"damage":6,"enemies":"Centurion and Healer","floor":22,"turns":4},{"damage":27,"enemies":"Slavers","floor":23,"turns":1}],"seed_played":"7617256548197250403","potions_obtained":[{"floor":2.0,"key":"SkillPotion"},{"floor":4.0,"key":"Explosive Potion"},{"floor":5.0,"key":"ColorlessPotion"},{"floor":10.0,"key":"Strength Potion"},{"floor":12.0,"key":"Fire Potion"},{"floor":18,"key":"SpeedPotion"},{"floor":20,"key":"Block Potion"}],"is_trial":false,"path_per_floor":["M","M","?","M","M","E","R","E","T","E","M","M","?","$","R","B",null,"M","?","M","M","M","E"],"character_chosen":"IRONCLAD","items_purchased":["Fire Breathing","Battle Trance"],"campfire_rested":1,"item_purchase_floors":[14,14],"current_hp_per_floor":[60,59,59,55,37,26,48,31,31,29,29,25,25,25,25,27,63,60,60,31,29,25,0,0],"gold":265,"neow_bonus":"BOSS_RELIC","is_daily":false,"chose_seed":false,"campfire_upgraded":0,"win_rate":0.0,"timestamp":1613266718,"path_taken":["M","M","?","M","M","E","R","E","T","E","?","M","?","?","R","BOSS","M","?","M","M","M","E"],"items_purchased_type":["Card","Card"],"build_version":"2020-12-22","purchased_purges":1,"victory":false,"max_hp_per_floor":[75,75,75,75,75,75,75,75,75,75,75,75,75,75,75,75,75,75,75,75,75,75,75,75],"relic_stats":{"Blood Vial":20,"counters":[15,62],"Astrolabe":["Barricade","Rage","Spot Weakness"],"StoneCalendar":[19],"Ginger":[4],"obtain_stats":[{"Blood Vial":6,"Astrolabe":17,"StoneCalendar":9,"Fusion Hammer":0,"Ginger":10,"StrikeDummy":8,"Burning Blood":0,"WarpedTongs":3},{"Blood Vial":5,"Astrolabe":10,"StoneCalendar":6,"Fusion Hammer":0,"Ginger":7,"StrikeDummy":6,"Burning Blood":0,"WarpedTongs":2},{"Blood Vial":16,"Astrolabe":44,"StoneCalendar":27,"Fusion Hammer":0,"Ginger":34,"StrikeDummy":27,"Burning Blood":0,"WarpedTongs":7}],"WarpedTongs":[53]},"card_choices":[{"not_picked":["Headbutt","Intimidate"],"picked":"Evolve","floor":1.0},{"not_picked":["Warcry","Metallicize"],"picked":"Shrug It Off","floor":2.0},{"not_picked":["Clash","Body Slam","Evolve"],"picked":"SKIP","floor":4.0},{"not_picked":["Clash","Body Slam","Evolve"],"picked":"SKIP","floor":4.0},{"not_picked":["Dropkick","Thunderclap"],"picked":"Wild Strike","floor":5.0},{"not_picked":["Heavy Blade","Searing Blow"],"picked":"Barricade","floor":6.0},{"not_picked":["Heavy Blade","Evolve","Dropkick"],"picked":"SKIP","floor":8.0},{"not_picked":["Searing Blow","Thunderclap","Twin Strike"],"picked":"SKIP","floor":10.0},{"not_picked":["Searing Blow","Thunderclap"],"picked":"Twin Strike","floor":10.0},{"not_picked":["Double Tap","Barricade"],"picked":"Offering","floor":16},{"not_picked":["Sword Boomerang","Whirlwind"],"picked":"Battle Trance","floor":18},{"not_picked":["Headbutt+1","Wild Strike"],"picked":"Disarm+1","floor":20},{"not_picked":["Warcry","Metallicize"],"picked":"Body Slam","floor":21},{"not_picked":["Hemokinesis","Armaments","Spot Weakness"],"picked":"SKIP","floor":22}],"player_experience":1397454,"relics_obtained":[{"floor":6.0,"key":"Blood Vial"},{"floor":8.0,"key":"StrikeDummy"},{"floor":9.0,"key":"StoneCalendar"},{"floor":10.0,"key":"Ginger"}],"event_choices":[{"damage_healed":0.0,"max_hp_gain":0.0,"max_hp_loss":0.0,"gold_gain":0.0,"event_name":"Accursed Blacksmith","player_choice":"Rummage","floor":3.0,"gold_loss":0.0,"damage_taken":0.0,"relics_obtained":["WarpedTongs"],"cards_obtained":["Pain"]},{"damage_healed":0.0,"max_hp_gain":0.0,"max_hp_loss":0.0,"gold_gain":50.0,"event_name":"Golden Shrine","player_choice":"Pray","floor":13.0,"gold_loss":0.0,"damage_taken":0.0},{"damage_healed":0,"gold_gain":0,"cards_transformed":["Strike_R","Strike_R"],"player_choice":"Became Test Subject","damage_taken":0,"max_hp_gain":0,"max_hp_loss":0,"event_name":"Drug Dealer","floor":19,"gold_loss":0,"cards_obtained":["Pommel Strike","Dark Embrace"]}],"is_beta":false,"boss_relics":[{"not_picked":["Snecko Eye","Sozu"],"picked":"Astrolabe"}],"items_purged_floors":[14],"is_endless":false,"potions_floor_spawned":[2,4,5,10,12,16,18,20],"killed_by":"Slavers","ascension_level":20}}