{"host":"a3wpq7kyokchzawk","time":1613307729,"event":{"mods":["BaseMod","Colored Map","Highlight Path","Minty Spire (QoL Compilation)","Permanent Neow","Potion Indicator Mod","Relic Stats","Weighted Paths"],"gold_per_floor":[365,376,392,68,68,103,103,28,97,112,142,142,161,179,179,179,179],"floor_reached":16,"language":"ENG","playtime":1315,"items_purged":["Defend_R"],"score":224,"play_id":"9cc64d2b-a5bb-4a1b-bf59-43e94d08134d","local_time":"20210214110209","is_ascension_mode":true,"campfire_choices":[{"data":"Bash","floor":7,"key":"SMITH"},{"data":"Uppercut","floor":12,"key":"SMITH"},{"data":"Armaments","floor":15,"key":"SMITH"}],"circlet_count":0,"master_deck":["AscendersBane","Strike_R","Strike_R","Strike_R","Strike_R","Defend_R","Defend_R","Defend_R","Bash+1","Pommel Strike","Metallicize","Headbutt","Metallicize","Uppercut+1","Brutality","Armaments+1","Feed"],"relics":["Burning Blood","Happy Flower","Smiling Mask","Letter Opener","Kunai"],"acts_visited":["Exordium"],"potions_floor_usage":[11,13],"damage_taken":[{"damage":12,"enemies":"Jaw Worm","floor":1,"turns":2},{"damage":8,"enemies":"2 Louse","floor":2,"turns":3},{"damage":20,"enemies":"Small Slimes","floor":3,"turns":5},{"damage":28,"enemies":"Lagavulin","floor":6,"turns":7},{"damage":8,"enemies":"Looter","floor":10,"turns":3},{"damage":17,"enemies":"Gremlin Nob","floor":11,"turns":4},{"damage":15,"enemies":"Exordium Wildlife","floor":13,"turns":6},{"damage":10,"enemies":"3 Louse","floor":14,"turns":4},{"damage":35,"enemies":"The Guardian","floor":16,"turns":5}],"seed_played":"8565942379310599106","potions_obtained":[{"floor":2,"key":"Weak Potion"},{"floor":6,"key":"LiquidBronze"},{"floor":11,"key":"Regen Potion"}],"is_trial":false,"path_per_floor":["M","M","M","$","?","E","R","?","T","M","E","R","M","M","R","B"],"character_chosen":"IRONCLAD","items_purchased":["Happy Flower","Metallicize"],"campfire_rested":0,"item_purchase_floors":[4,4],"current_hp_per_floor":[62,60,46,46,68,46,46,46,46,44,33,33,39,35,35,0,0],"gold":179,"neow_bonus":"TWO_FIFTY_GOLD","is_daily":false,"chose_seed":false,"campfire_upgraded":3,"win_rate":0.0,"timestamp":1613307729,"path_taken":["M","M","M","$","?","E","R","?","T","M","E","R","M","M","R","BOSS"],"items_purchased_type":["Relic","Card"],"build_version":"2020-12-22","purchased_purges":1,"victory":false,"max_hp_per_floor":[68,68,68,68,68,68,68,68,68,68,68,68,68,68,68,68,68],"relic_stats":{"Happy Flower":[9],"counters":[9,39],"Letter Opener":[0],"Kunai":[1],"Smiling Mask":0,"obtain_stats":[{"Happy Flower":4,"Letter Opener":9,"Kunai":11,"Smiling Mask":6,"Burning Blood":0},{"Happy Flower":3,"Letter Opener":4,"Kunai":6,"Smiling Mask":4,"Burning Blood":0},{"Happy Flower":10,"Letter Opener":17,"Kunai":24,"Smiling Mask":17,"Burning Blood":0}],"Burning Blood":48},"card_choices":[{"not_picked":["Flex","Infernal Blade"],"picked":"Pommel Strike","floor":1},{"not_picked":["Intimidate","Thunderclap"],"picked":"Metallicize","floor":2},{"not_picked":["Body Slam","Thunderclap"],"picked":"Headbutt","floor":3},{"not_picked":["Clash","Warcry","Flex"],"picked":"SKIP","floor":6},{"not_picked":["Twin Strike","Havoc"],"picked":"Uppercut","floor":10},{"not_picked":["Iron Wave","Havoc"],"picked":"Brutality","floor":11},{"not_picked":["Bloodletting","Havoc"],"picked":"Armaments","floor":13},{"not_picked":["Heavy Blade","Inflame"],"picked":"Feed","floor":14}],"player_experience":2713562,"relics_obtained":[{"floor":6,"key":"Smiling Mask"},{"floor":9,"key":"Letter Opener"},{"floor":11,"key":"Kunai"}],"event_choices":[{"damage_healed":22,"gold_gain":0,"player_choice":"Banana","damage_taken":0,"max_hp_gain":0,"max_hp_loss":0,"event_name":"Big Fish","floor":5,"gold_loss":0},{"cards_removed":["Strike_R"],"damage_healed":0,"gold_gain":0,"player_choice":"Card Removal","damage_taken":0,"max_hp_gain":0,"max_hp_loss":0,"event_name":"The Cleric","floor":8,"gold_loss":75}],"is_beta":false,"boss_relics":[],"items_purged_floors":[4],"is_endless":false,"potions_floor_spawned":[2,6,11],"killed_by":"The Guardian","ascension_level":20}}