{"host":"f5gffvlv6a66yqkd","time":1613320086,"event":{"mods":["2.2 Compatiblity","BaseMod","Colored Map","Custom Start","DeckTracker","Keyboard Shortcuts","Minty Spire (QoL Compilation)","Permanent Neow","Quick Restart","Relic Stats","StSLib","SuperFastMode"],"gold_per_floor":[111,111,127,139,150,178,178,211,211,270,270,270,270,28,28,28,28],"floor_reached":16,"language":"KOR","playtime":331,"items_purged":[],"score":146,"play_id":"b740caf7-2468-47ff-b476-16b29c201d8c","local_time":"20210215012806","is_ascension_mode":true,"campfire_choices":[{"data":"Eruption","floor":7.0,"key":"SMITH"},{"data":"Adaptation","floor":11,"key":"SMITH"},{"data":"MentalFortress","floor":13,"key":"SMITH"},{"data":"SandsOfTime","floor":15,"key":"SMITH"}],"circlet_count":0,"master_deck":["Strike_P","Strike_P","Strike_P","Defend_P","Defend_P","Defend_P","Defend_P","Eruption+1","Vigilance","MentalFortress+1","Adaptation+1","Pray","FearNoEvil","SandsOfTime+1","TalkToTheHand"],"relics":["PureWater","Oddly Smooth Stone","CaptainsWheel","Ginger","Shovel","Frozen Egg 2"],"acts_visited":["Exordium"],"potions_floor_usage":[16],"damage_taken":[{"damage":0.0,"enemies":"Small Slimes","floor":1.0,"turns":3.0},{"damage":0.0,"enemies":"2 Louse","floor":3.0,"turns":4.0},{"damage":0.0,"enemies":"Jaw Worm","floor":4.0,"turns":4.0},{"damage":5.0,"enemies":"Looter","floor":5.0,"turns":4.0},{"damage":18.0,"enemies":"Lagavulin","floor":6.0,"turns":7.0},{"damage":16.0,"enemies":"3 Sentries","floor":8.0,"turns":7.0},{"damage":20,"enemies":"Lagavulin Event","floor":10,"turns":5},{"damage":13,"enemies":"Slime Boss","floor":16,"turns":4}],"seed_played":"5186924298011282857","potions_obtained":[{"floor":0.0,"key":"SkillPotion"},{"floor":0.0,"key":"SpeedPotion"},{"floor":0.0,"key":"DuplicationPotion"},{"floor":5.0,"key":"Fruit Juice"}],"is_trial":false,"path_per_floor":["M","?","M","M","M","E","R","E","T","?","R","?","R","$","R","B"],"character_chosen":"WATCHER","items_purchased":["Frozen Egg 2"],"campfire_rested":0,"item_purchase_floors":[14],"current_hp_per_floor":[65,70,70,70,70,52,52,36,36,16,16,9,9,9,9,0,0],"gold":28,"neow_bonus":"THREE_SMALL_POTIONS","is_daily":false,"chose_seed":false,"campfire_upgraded":4,"win_rate":0.0,"timestamp":1613320086,"path_taken":["M","?","M","M","M","E","R","E","T","?","R","?","R","$","R","BOSS"],"items_purchased_type":["Relic"],"build_version":"2020-12-22","purchased_purges":0,"victory":false,"max_hp_per_floor":[72,77,77,77,82,82,82,82,82,82,82,82,82,82,82,82,82],"relic_stats":{"Shovel":0,"counters":[8,38],"Ginger":[0],"obtain_stats":[{"CaptainsWheel":8,"Shovel":10,"Oddly Smooth Stone":6,"Ginger":9,"PureWater":0,"Frozen Egg 2":14},{"CaptainsWheel":6,"Shovel":6,"Oddly Smooth Stone":5,"Ginger":6,"PureWater":0,"Frozen Egg 2":7},{"CaptainsWheel":29,"Shovel":29,"Oddly Smooth Stone":22,"Ginger":29,"PureWater":0,"Frozen Egg 2":34}]},"card_choices":[{"not_picked":["LikeWater","Protect"],"picked":"MentalFortress","floor":1.0},{"not_picked":["ThirdEye","Crescendo"],"picked":"Adaptation","floor":3.0},{"not_picked":["Crescendo","ClearTheMind","DeceiveReality"],"picked":"SKIP","floor":4.0},{"not_picked":["Alpha","Perseverance"],"picked":"Pray","floor":5.0},{"not_picked":["PathToVictory","CrushJoints"],"picked":"FearNoEvil","floor":6.0},{"not_picked":["BowlingBash","Wireheading"],"picked":"SandsOfTime","floor":8},{"not_picked":["Evaluate","FollowUp"],"picked":"TalkToTheHand","floor":10}],"player_experience":1468167,"relics_obtained":[{"floor":6.0,"key":"Oddly Smooth Stone"},{"floor":8,"key":"CaptainsWheel"},{"floor":9,"key":"Ginger"}],"event_choices":[{"damage_healed":0.0,"max_hp_gain":5.0,"max_hp_loss":0.0,"gold_gain":0.0,"event_name":"Big Fish","player_choice":"Donut","floor":2.0,"gold_loss":0.0,"damage_taken":0.0},{"damage_healed":0,"gold_gain":0,"player_choice":"Searched \u00273\u0027 times","damage_taken":0,"relics_obtained":["Shovel"],"max_hp_gain":0,"max_hp_loss":0,"event_name":"Dead Adventurer","floor":10,"gold_loss":0},{"cards_removed":["Strike_P"],"damage_healed":0,"gold_gain":0,"player_choice":"Card Removal","damage_taken":7,"max_hp_gain":0,"max_hp_loss":0,"event_name":"Golden Wing","floor":12,"gold_loss":0}],"is_beta":false,"boss_relics":[],"items_purged_floors":[],"is_endless":false,"potions_floor_spawned":[3,5],"killed_by":"Slime Boss","ascension_level":7}}