{"host":"n5x0e04y88v3omrc","time":1613290166,"event":{"mods":["Aspiration","BaseMod","Colored Powertips","Downfall","Minty Spire (QoL Compilation)","Replay The Spire","Shop Mod","StSLib"],"gold_per_floor":[99,116,62,162,176,176,176,34,34,45,98,116,116,131,147,147,147,147],"floor_reached":16,"language":"ZHS","playtime":1325,"items_purged":["Slimebound:Defend_Slimebound"],"score":92,"play_id":"cfd0d6d3-0f75-4b4d-85df-33a3527c3bb8","local_time":"20210214160926","is_ascension_mode":false,"campfire_choices":[{"floor":1,"key":"RECALL"},{"data":"Slimebound:Chomp","floor":9,"key":"SMITH"},{"floor":13,"key":"REST"}],"circlet_count":0,"master_deck":["Slimebound:Strike_Slimebound","Slimebound:Strike_Slimebound","Slimebound:Tackle","Slimebound:Defend_Slimebound","Slimebound:Defend_Slimebound","Slimebound:Defend_Slimebound","Slimebound:Split","Slimebound:CorrosiveSpit","Slimebound:Chomp+1","Slimebound:SplitBruiser","Slimebound:GoopTackle+1","Slimebound:DivideAndConquer","Slimebound:GrowthPunch","Slimebound:RejuvenatingLick+1","Slimebound:RejuvenatingLick","Slimebound:Repurpose","Slimebound:RejuvenatingLick","Slimebound:DisruptingSlam","Slimebound:Grow","Slimebound:SplitAcid","Slimebound:SplitSpecialist"],"relics":["Slimebound:AbsorbEndCombat","Gremlin Food"],"acts_visited":["Exordium"],"potions_floor_usage":[8,16,16,16],"damage_taken":[{"damage":15,"enemies":"Small Slimes","floor":2,"turns":3},{"damage":8,"enemies":"downfall:FleeingMerchant","floor":3,"turns":4},{"damage":6,"enemies":"Cultist","floor":5,"turns":2},{"damage":12,"enemies":"downfall:FleeingMerchant","floor":8,"turns":4},{"damage":3,"enemies":"2 Louse","floor":10,"turns":1},{"damage":2,"enemies":"Exordium Wildlife","floor":12,"turns":3},{"damage":5,"enemies":"downfall:LooterAlt","floor":14,"turns":3},{"damage":10,"enemies":"Exordium Thugs","floor":15,"turns":3},{"damage":70,"enemies":"DF_ARCHETYPE_STREAMLINE","floor":16,"turns":9}],"seed_played":"-1609507831695402509","potions_obtained":[{"floor":2,"key":"Block Potion"},{"floor":10,"key":"Toxic Potion"},{"floor":11,"key":"ColorlessPotion"},{"floor":12,"key":"SkillPotion"}],"is_trial":false,"path_per_floor":["R","M","$","?","M","?","T","$","R","M","?","M","R","M","M","B"],"character_chosen":"SLIMEBOUND","items_purchased":["Slimebound:GoopTackle+1","Slimebound:RejuvenatingLick"],"campfire_rested":1,"item_purchase_floors":[3,8],"current_hp_per_floor":[71,58,54,54,50,50,50,44,44,41,24,28,49,48,46,0,0,0],"gold":147,"neow_bonus":"TEN_PERCENT_HP_BONUS","is_daily":false,"chose_seed":false,"campfire_upgraded":1,"win_rate":0.0,"timestamp":1613290166,"path_taken":["R","M","$","?","?","?","T","$","R","M","?","M","R","M","M","BOSS"],"items_purchased_type":["Card","Card"],"build_version":"2020-12-22","purchased_purges":1,"victory":false,"max_hp_per_floor":[71,71,71,71,71,71,71,71,71,71,71,71,71,71,71,71,71,71],"card_choices":[{"not_picked":["Slimebound:HungryTackle","Slimebound:Schlurp"],"picked":"Slimebound:Chomp","floor":2},{"not_picked":["Slimebound:GoopTackle","Slimebound:ItLooksTasty"],"picked":"Slimebound:SplitBruiser","floor":3},{"not_picked":["Slimebound:LeechEnergy","Slimebound:FinishingTackle"],"picked":"Slimebound:DivideAndConquer","floor":5},{"not_picked":["Slimebound:FinishingTackle","Slimebound:SlimeBarrage"],"picked":"Slimebound:GrowthPunch","floor":8},{"not_picked":["Slimebound:HungryTackle","Slimebound:SplitSpecialist"],"picked":"Slimebound:Repurpose","floor":10},{"not_picked":["Slimebound:SlimeTap","Slimebound:ComboTackle"],"picked":"Slimebound:RejuvenatingLick","floor":11},{"not_picked":["Slimebound:LivingWall","Slimebound:ViciousTackle"],"picked":"Slimebound:DisruptingSlam","floor":11},{"not_picked":["Slimebound:FinishingTackle","Slimebound:Schlurp"],"picked":"Slimebound:Grow","floor":12},{"not_picked":["Slimebound:HauntingLick","Slimebound:RollThrough"],"picked":"Slimebound:SplitAcid","floor":14},{"not_picked":["Slimebound:RejuvenatingLick","Slimebound:LivingWall"],"picked":"Slimebound:SplitSpecialist","floor":15}],"player_experience":45332,"relics_obtained":[{"floor":11,"key":"Gremlin Food"}],"event_choices":[],"is_beta":false,"boss_relics":[],"items_purged_floors":[8],"is_endless":false,"potions_floor_spawned":[2,10,12],"killed_by":"DF_ARCHETYPE_STREAMLINE","ascension_level":0}}