{"host":"xw709scqdmsx7obr","time":1613319435,"event":{"mods":["BaseMod","Colored Map","Downfall","Minty Spire (QoL Compilation)","Replay The Spire","StSLib"],"gold_per_floor":[117,130,150,165,184,184,201,213,239,239,269,269,294,294,294,393,393,408,177,196,216,236,236,250,250,250,3,16,29,29,47,47,143,143,162,175,175,191,211,211,244,256,268,280,101,133,161,174,174,174],"floor_reached":51,"language":"ENG","playtime":4761,"items_purged":["Strike_G","Strike_G"],"score":709,"play_id":"9cba7bf8-8c21-45d6-92fc-08aef4fe5c0e","local_time":"20210214111715","is_ascension_mode":true,"campfire_choices":[{"data":"Endless Agony","floor":6,"key":"SMITH"},{"data":"Tools of the Trade","floor":10,"key":"SMITH"},{"floor":12,"key":"REST"},{"data":"Slice","floor":15,"key":"SMITH"},{"data":"Replay:Bag of Tricks","floor":23,"key":"SMITH"},{"floor":25,"key":"REST"},{"data":"Deflect","floor":30,"key":"SMITH"},{"floor":32,"key":"REST"},{"data":"ReplayTheSpireMod:Necrogeddon","floor":40,"key":"SMITH"},{"data":"Infinite Blades","floor":44,"key":"SMITH"},{"floor":49,"key":"REST"}],"circlet_count":0,"master_deck":["Strike_G","Strike_G+1","Defend_G+1","Defend_G","Defend_G","Defend_G","Survivor","Neutralize","Reflex","Quick Slash","Dagger Throw","Dodge and Roll","Endless Agony+1","Blade Dance","Tools of the Trade+1","Tactician","Slice+1","Infinite Blades+1","Endless Agony","Blade Dance+1","Replay:Bag of Tricks+1","Deflect+1","Slice","ReplayTheSpireMod:Necrogeddon+1","Backstab+1","Writhe","Panache","ReplayTheSpireMod:Splinters","ReplayTheSpireMod:The Works+1","After Image"],"relics":["Ring of the Serpent","Simple Rune","TungstenRod","Pantograph","WristBlade","Ornamental Fan","Lantern","MawBank","Chameleon Ring","Shovel","Toy Ornithopter"],"acts_visited":["Exordium","TheCity","TheBeyond"],"potions_floor_usage":[4,11,13,16,21,41,47,47,50],"damage_taken":[{"damage":0,"enemies":"2 Louse","floor":1,"turns":3},{"damage":0,"enemies":"Small Slimes","floor":2,"turns":3},{"damage":0,"enemies":"Cultist","floor":3,"turns":3},{"damage":0,"enemies":"Looter","floor":4,"turns":4},{"damage":10,"enemies":"Large Slime","floor":5,"turns":9},{"damage":9,"enemies":"3 Louse","floor":7,"turns":3},{"damage":0,"enemies":"Exordium Wildlife","floor":8,"turns":3},{"damage":17,"enemies":"3 Sentries","floor":11,"turns":7},{"damage":23,"enemies":"Gremlin Nob","floor":13,"turns":4},{"damage":34,"enemies":"The Guardian","floor":16,"turns":12},{"damage":1,"enemies":"Chosen","floor":18,"turns":3},{"damage":3,"enemies":"2 Thieves","floor":20,"turns":3},{"damage":1,"enemies":"Centurion and Healer","floor":21,"turns":3},{"damage":29,"enemies":"Snake Plant","floor":22,"turns":4},{"damage":5,"enemies":"3 Cultists","floor":24,"turns":4},{"damage":1,"enemies":"Cultist and Chosen","floor":28,"turns":3},{"damage":0,"enemies":"Chosen and Byrds","floor":29,"turns":3},{"damage":1,"enemies":"Shelled Parasite and Fungi","floor":31,"turns":3},{"damage":24,"enemies":"Collector","floor":33,"turns":5},{"damage":0,"enemies":"Orb Walker","floor":35,"turns":2},{"damage":0,"enemies":"3 Darklings","floor":36,"turns":4},{"damage":1,"enemies":"Sphere and 2 Shapes","floor":38,"turns":3},{"damage":0,"enemies":"Spire Growth","floor":39,"turns":2},{"damage":31,"enemies":"Reptomancer","floor":41,"turns":3},{"damage":20,"enemies":"Nemesis","floor":47,"turns":5},{"damage":18,"enemies":"4 Shapes","floor":48,"turns":6},{"damage":55,"enemies":"Awakened One","floor":50,"turns":10}],"seed_played":"-1133634554240917229","potions_obtained":[{"floor":3,"key":"bronze:BurnAndBuffPotion"},{"floor":5,"key":"FearPotion"},{"floor":7,"key":"sneckomod:MuddlingPotion"},{"floor":11,"key":"AttackPotion"},{"floor":13,"key":"Explosive Potion"},{"floor":16,"key":"Explosive Potion"},{"floor":18,"key":"Block Potion"},{"floor":21,"key":"AttackPotion"},{"floor":29,"key":"Dexterity Potion"},{"floor":31,"key":"FairyPotion"},{"floor":41,"key":"Ancient Potion"},{"floor":47,"key":"SpeedPotion"}],"is_trial":false,"path_per_floor":["M","M","M","M","M","R","M","M","T","R","E","R","E","?","R","B",null,"M","$","M","M","M","R","M","R","T","$","M","M","R","M","R","B",null,"M","M","?","M","M","R","E","?","T","R","$","?","E","M","R","B",null],"character_chosen":"THE_SILENT","items_purchased":["Infinite Blades","Endless Agony","Lantern","Panache"],"campfire_rested":4,"item_purchase_floors":[19,19,27,45],"current_hp_per_floor":[70,70,70,70,60,60,51,51,51,51,34,55,32,26,26,17,70,69,69,66,65,36,36,31,52,52,52,51,51,51,50,70,46,70,70,70,70,69,69,69,38,56,56,56,56,56,36,18,39,14],"gold":174,"neow_bonus":"TRANSFORM_CARD","is_daily":false,"chose_seed":false,"campfire_upgraded":7,"win_rate":0.0,"timestamp":1613319435,"path_taken":["M","M","M","M","M","R","M","M","T","R","E","R","E","?","R","BOSS","M","$","M","M","M","R","M","R","T","$","M","M","R","M","R","BOSS","M","M","?","M","M","R","E","?","T","R","$","?","E","M","R","BOSS"],"items_purchased_type":["Card","Card","Relic","Card"],"build_version":"2020-12-22","purchased_purges":2,"victory":true,"max_hp_per_floor":[70,70,70,70,70,70,70,70,70,70,70,70,70,70,70,70,70,70,70,70,70,70,70,70,70,70,70,70,70,70,70,70,70,70,70,70,70,70,70,70,70,70,70,70,70,70,70,70,70,70],"card_choices":[{"not_picked":["Acrobatics","Bane"],"picked":"Quick Slash","floor":1},{"not_picked":["Acrobatics","Outmaneuver"],"picked":"Dagger Throw","floor":2},{"not_picked":["Reflex","Well Laid Plans"],"picked":"Dodge and Roll","floor":3},{"not_picked":["Dagger Spray","Distraction"],"picked":"Endless Agony","floor":4},{"not_picked":["Distraction","ReplayTheSpireMod:Speed Training","Bane"],"picked":"SKIP","floor":5},{"not_picked":["Reflex","Prepared"],"picked":"Blade Dance","floor":7},{"not_picked":["Backflip","Acrobatics"],"picked":"Tools of the Trade","floor":8},{"not_picked":["Blade Dance","Footwork"],"picked":"Tactician","floor":11},{"not_picked":["Bouncing Flask","Storm of Steel"],"picked":"Slice","floor":13},{"not_picked":["Backflip","Dagger Throw","Quick Slash"],"picked":"SKIP","floor":18},{"not_picked":["Masterful Stab","Outmaneuver"],"picked":"Blade Dance+1","floor":20},{"not_picked":["Backstab+1","Acrobatics"],"picked":"Replay:Bag of Tricks","floor":21},{"not_picked":["Dagger Spray+1","Hidden Blade"],"picked":"Deflect","floor":22},{"not_picked":["Calculated Gamble","Dagger Spray"],"picked":"Slice","floor":24},{"not_picked":["Outmaneuver","Burst","Acrobatics"],"picked":"SKIP","floor":28},{"not_picked":["Slice","Toxin Wave+1","Dagger Throw"],"picked":"SKIP","floor":29},{"not_picked":["Sneak Up","Dagger Throw","Cloak And Dagger"],"picked":"SKIP","floor":31},{"not_picked":["Backflip","Footwork+1","Prepared+1"],"picked":"SKIP","floor":35},{"not_picked":["Fluid Movement","Underhanded Strike+1","Dodge and Roll+1"],"picked":"SKIP","floor":36},{"not_picked":["Replay:Parry","Deep Breath"],"picked":"ReplayTheSpireMod:Necrogeddon","floor":37},{"not_picked":["Blade Dance","Skewer","Bane"],"picked":"SKIP","floor":38},{"not_picked":["Catalyst","Sucker Punch+1"],"picked":"Backstab+1","floor":39},{"not_picked":["Outmaneuver+1","Poisoned Stab+1","PiercingWail+1"],"picked":"SKIP","floor":41},{"not_picked":["Dodge and Roll","Quick Slash+1"],"picked":"ReplayTheSpireMod:The Works+1","floor":47},{"not_picked":["Backflip+1","Deflect+1"],"picked":"After Image","floor":48}],"player_experience":110365,"relics_obtained":[{"floor":9,"key":"Simple Rune"},{"floor":11,"key":"TungstenRod"},{"floor":13,"key":"Pantograph"},{"floor":26,"key":"Ornamental Fan"},{"floor":41,"key":"MawBank"},{"floor":43,"key":"Chameleon Ring"},{"floor":46,"key":"Shovel"},{"floor":47,"key":"Toy Ornithopter"}],"event_choices":[{"cards_removed":["Defend_G"],"damage_healed":0,"gold_gain":0,"player_choice":"Card Removal","damage_taken":7,"max_hp_gain":0,"max_hp_loss":0,"event_name":"Golden Wing","floor":14,"gold_loss":0},{"damage_healed":0,"gold_gain":0,"player_choice":"Memory 1","damage_taken":0,"max_hp_gain":0,"max_hp_loss":0,"event_name":"SensoryStone","floor":37,"gold_loss":0},{"damage_healed":18,"gold_gain":0,"player_choice":"Writhe","damage_taken":0,"max_hp_gain":0,"max_hp_loss":0,"event_name":"Winding Halls","floor":42,"gold_loss":0,"cards_obtained":["Writhe"]}],"is_beta":false,"boss_relics":[{"not_picked":["ReplayTheSpireMod:DimensionalGlitch","Black Star"],"picked":"WristBlade"},{"not_picked":["Calling Bell","Tiny House"],"picked":"Ring of the Serpent"}],"items_purged_floors":[19,27],"is_endless":false,"potions_floor_spawned":[3,5,7,11,13,16,18,21,29,31,38,41,47],"ascension_level":1}}