{"host":"3y2rtlgteqp2nuo3","time":1613316653,"event":{"mods":["2.2 Compatiblity","AchievementEnabler","BaseMod","Colored Map","DeckTracker","Highlight Path","Keyboard Shortcuts","Minty Spire (QoL Compilation)","Permanent Neow","Quick Restart","StSLib","SuperFastMode","everything is the same but u backflip on backflip"],"gold_per_floor":[109,125,138,148,148,148,180,180,180,180,195,208,223,223,223,299,299,316,155,155,175,175,175,175,187,268,78,97,114,114,114,114,114,114],"floor_reached":33,"language":"KOR","playtime":700,"items_purged":["Strike_G","Strike_G"],"score":521,"play_id":"52e823a3-87c6-415e-bdb2-17bf68201586","local_time":"20210215003053","is_ascension_mode":true,"campfire_choices":[{"data":"Bouncing Flask","floor":6.0,"key":"SMITH"},{"floor":8.0,"key":"REST"},{"floor":10.0,"key":"REST"},{"data":"Neutralize","floor":15.0,"key":"SMITH"},{"floor":23.0,"key":"REST"},{"floor":24.0,"key":"REST"},{"floor":30.0,"key":"REST"},{"floor":32.0,"key":"REST"}],"circlet_count":0,"master_deck":["AscendersBane","Defend_G","Defend_G","Defend_G","Defend_G","Defend_G","Survivor","Neutralize+1","Bane","Heel Hook","Bouncing Flask+1","Crippling Poison","Backflip","Corpse Explosion","Calculated Gamble","Dodge and Roll+1","Well Laid Plans","Flash of Steel"],"relics":["Ring of the Snake","Matryoshka","Juzu Bracelet","WingedGreaves","Empty Cage","Blood Vial","Paper Crane"],"acts_visited":["Exordium","TheCity"],"potions_floor_usage":[],"damage_taken":[{"damage":2.0,"enemies":"2 Louse","floor":1.0,"turns":2.0},{"damage":6.0,"enemies":"Cultist","floor":2.0,"turns":3.0},{"damage":7.0,"enemies":"Jaw Worm","floor":3.0,"turns":3.0},{"damage":11.0,"enemies":"3 Louse","floor":4.0,"turns":3.0},{"damage":20.0,"enemies":"Lagavulin","floor":7.0,"turns":5.0},{"damage":16.0,"enemies":"Large Slime","floor":11.0,"turns":6.0},{"damage":3.0,"enemies":"2 Fungi Beasts","floor":12.0,"turns":2.0},{"damage":8.0,"enemies":"Blue Slaver","floor":13.0,"turns":3.0},{"damage":36.0,"enemies":"The Guardian","floor":16.0,"turns":9.0},{"damage":13.0,"enemies":"Chosen","floor":18.0,"turns":5.0},{"damage":10.0,"enemies":"Spheric Guardian","floor":21.0,"turns":4.0},{"damage":29.0,"enemies":"Snake Plant","floor":25.0,"turns":4.0},{"damage":16.0,"enemies":"Centurion and Healer","floor":28.0,"turns":7.0},{"damage":1.0,"enemies":"3 Cultists","floor":29.0,"turns":3.0},{"damage":62,"enemies":"Collector","floor":33,"turns":7}],"seed_played":"1120145294392316506","potions_obtained":[{"floor":1.0,"key":"GamblersBrew"},{"floor":11.0,"key":"SneckoOil"},{"floor":12.0,"key":"BlessingOfTheForge"},{"floor":13.0,"key":"Poison Potion"},{"floor":21.0,"key":"LiquidBronze"},{"floor":25.0,"key":"EntropicBrew"}],"is_trial":false,"path_per_floor":["M","M","M","M","?","R","E","R","T","R","M","M","M","?","R","B",null,"M","$","?","M","?","R","R","M","T","$","M","M","R","?","R","B"],"character_chosen":"THE_SILENT","items_purchased":["Well Laid Plans","Flash of Steel"],"campfire_rested":6,"item_purchase_floors":[19,27],"current_hp_per_floor":[57,51,44,33,33,33,13,32,32,51,35,32,24,46,46,10,52,39,39,21,11,11,32,53,24,24,24,10,11,32,32,53,0,0],"gold":114,"neow_bonus":"THREE_CARDS","is_daily":false,"chose_seed":false,"campfire_upgraded":2,"win_rate":0.0,"timestamp":1613316653,"path_taken":["M","M","M","M","?","R","E","R","T","R","M","M","M","?","R","BOSS","M","$","?","M","?","R","R","M","T","$","M","M","R","?","R","BOSS"],"items_purchased_type":["Card","Card"],"build_version":"2020-12-22","purchased_purges":2,"victory":false,"max_hp_per_floor":[66,66,66,66,66,66,66,66,66,66,66,66,66,66,66,66,66,66,66,71,71,71,71,71,71,71,71,71,71,71,71,71,71,71],"card_choices":[{"not_picked":["Tactician","Outmaneuver"],"picked":"Bane","floor":0.0},{"not_picked":["Slice","Sucker Punch"],"picked":"Heel Hook","floor":1.0},{"not_picked":["Outmaneuver","PiercingWail"],"picked":"Bouncing Flask","floor":2.0},{"not_picked":["Cloak And Dagger","Setup"],"picked":"Crippling Poison","floor":3.0},{"not_picked":["Predator","Expertise"],"picked":"Backflip","floor":4.0},{"not_picked":["Outmaneuver","Backflip"],"picked":"Calculated Gamble","floor":7.0},{"not_picked":["Dodge and Roll","Sucker Punch","Corpse Explosion"],"picked":"SKIP","floor":11.0},{"not_picked":["Deflect","Dash","Caltrops"],"picked":"SKIP","floor":12.0},{"not_picked":["Dagger Throw","Underhanded Strike","Deflect"],"picked":"SKIP","floor":13.0},{"not_picked":["Tools of the Trade","A Thousand Cuts"],"picked":"Burst","floor":16.0},{"not_picked":["Setup","Deflect"],"picked":"Dodge and Roll+1","floor":18.0},{"not_picked":["Terror","Prepared","Quick Slash"],"picked":"SKIP","floor":21.0},{"not_picked":["Dodge and Roll","Slice","Prepared"],"picked":"SKIP","floor":25.0},{"not_picked":["Bane","Blade Dance","Outmaneuver"],"picked":"SKIP","floor":28.0},{"not_picked":["Concentrate","Prepared","Bane"],"picked":"SKIP","floor":29.0}],"player_experience":788417,"relics_obtained":[{"floor":7.0,"key":"Matryoshka"},{"floor":9.0,"key":"Juzu Bracelet"},{"floor":9.0,"key":"WingedGreaves"},{"floor":26.0,"key":"Blood Vial"},{"floor":26.0,"key":"Paper Crane"}],"event_choices":[{"damage_healed":0.0,"max_hp_gain":0.0,"max_hp_loss":0.0,"gold_gain":0.0,"event_name":"Match and Keep!","player_choice":"1 cards matched","floor":5.0,"gold_loss":0.0,"damage_taken":0.0,"cards_obtained":["Corpse Explosion"]},{"damage_healed":22.0,"max_hp_gain":0.0,"max_hp_loss":0.0,"gold_gain":0.0,"event_name":"Big Fish","player_choice":"Banana","floor":14.0,"gold_loss":0.0,"damage_taken":0.0},{"damage_healed":0.0,"max_hp_gain":5.0,"max_hp_loss":0.0,"gold_gain":0.0,"event_name":"Forgotten Altar","player_choice":"Shed Blood","floor":20.0,"gold_loss":0.0,"damage_taken":23.0},{"cards_removed":["Strike_G"],"damage_healed":0.0,"max_hp_gain":0.0,"max_hp_loss":0.0,"gold_gain":0.0,"event_name":"Back to Basics","player_choice":"Elegance","floor":22.0,"gold_loss":0.0,"damage_taken":0.0},{"damage_healed":0.0,"max_hp_gain":0.0,"max_hp_loss":0.0,"gold_gain":0.0,"event_name":"Cursed Tome","player_choice":"Ignored","floor":31.0,"gold_loss":0.0,"damage_taken":0.0}],"is_beta":false,"boss_relics":[{"not_picked":["Ectoplasm","HoveringKite"],"picked":"Empty Cage"}],"items_purged_floors":[19,27],"is_endless":false,"potions_floor_spawned":[1,11,12,13,21,25],"killed_by":"Collector","ascension_level":18}}