{"host":"zsnmfqgcm92hlreo","time":1613283995,"event":{"mods":["AchievementEnabler","BaseMod","Bestiary","Block Reminder","Colored Map","Colored Powertips","Filter the Spire","Minty Spire (QoL Compilation)","Permanent Neow","Quick Restart","Relic Stats","StSLib","Weighted Paths"],"gold_per_floor":[114,129,139,139,139,166,166,180,180,210,221,237,57,87,87,166,166,177,190,190,190,190,190,201,229,229,243,87,87,98,98,98,170,170,206,206,245,245,7,7,42,61,61,101,115,145,165,165,165,165,165,165],"floor_reached":51,"language":"ENG","playtime":1990,"items_purged":["Writhe"],"score":1598,"play_id":"102306cf-faab-49e0-be0c-8d4405e939f5","local_time":"20210214002635","is_ascension_mode":true,"campfire_choices":[{"data":"WindmillStrike","floor":7.0,"key":"SMITH"},{"data":"BattleHymn","floor":15.0,"key":"SMITH"},{"floor":23.0,"key":"RECALL"},{"floor":29.0,"key":"REST"},{"floor":32.0,"key":"REST"},{"floor":40.0,"key":"REST"},{"floor":49,"key":"REST"}],"circlet_count":0,"master_deck":["AscendersBane","Strike_P+1","Strike_P+1","Strike_P+1","Strike_P+1","Defend_P+1","Defend_P+1","Defend_P+1","Defend_P+1","Eruption","Vigilance","BowlingBash","WindmillStrike+1","Protect","Establishment","FollowUp+1","Wallop+1","BattleHymn+1","Swivel","DevaForm","Ragnarok+1","Fasting2","WheelKick+1","Conclude+1","TalkToTheHand+1","Worship","Fasting2","Meditate+1","Wish","Wallop+1","SandsOfTime+1","Wish","SandsOfTime+1","CrushJoints+1"],"relics":["Snecko Eye","Molten Egg 2","Meat on the Bone","Letter Opener","Bag of Preparation","Question Card","Fusion Hammer","Damaru","Eternal Feather","Philosopher\u0027s Stone","OrangePellets","Oddly Smooth Stone","Ornamental Fan","Art of War"],"acts_visited":["Exordium","TheCity","TheBeyond"],"potions_floor_usage":[50,50],"damage_taken":[{"damage":0.0,"enemies":"2 Louse","floor":1.0,"turns":3.0},{"damage":1.0,"enemies":"Small Slimes","floor":2.0,"turns":4.0},{"damage":0.0,"enemies":"Cultist","floor":3.0,"turns":3.0},{"damage":3.0,"enemies":"Gremlin Nob","floor":6.0,"turns":3.0},{"damage":0.0,"enemies":"3 Louse","floor":8.0,"turns":3.0},{"damage":5.0,"enemies":"Lagavulin","floor":10.0,"turns":6.0},{"damage":0.0,"enemies":"2 Fungi Beasts","floor":11.0,"turns":2.0},{"damage":3.0,"enemies":"Gremlin Gang","floor":12.0,"turns":4.0},{"damage":0.0,"enemies":"3 Sentries","floor":14.0,"turns":4.0},{"damage":1.0,"enemies":"Slime Boss","floor":16.0,"turns":6.0},{"damage":0.0,"enemies":"Chosen","floor":18.0,"turns":3.0},{"damage":0.0,"enemies":"3 Byrds","floor":19.0,"turns":3.0},{"damage":0.0,"enemies":"Centurion and Healer","floor":24.0,"turns":3.0},{"damage":23.0,"enemies":"Gremlin Leader","floor":25.0,"turns":3.0},{"damage":0.0,"enemies":"Cultist and Chosen","floor":27.0,"turns":4.0},{"damage":0.0,"enemies":"Chosen and Byrds","floor":30.0,"turns":3.0},{"damage":0.0,"enemies":"Champ","floor":33.0,"turns":5.0},{"damage":36.0,"enemies":"3 Darklings","floor":35.0,"turns":5.0},{"damage":0.0,"enemies":"Orb Walker","floor":37.0,"turns":2.0},{"damage":45.0,"enemies":"Nemesis","floor":41.0,"turns":5.0},{"damage":2.0,"enemies":"Writhing Mass","floor":42.0,"turns":5.0},{"damage":0.0,"enemies":"Transient","floor":44.0,"turns":6.0},{"damage":0.0,"enemies":"Spire Growth","floor":45.0,"turns":2.0},{"damage":0.0,"enemies":"Reptomancer","floor":46.0,"turns":2.0},{"damage":20.0,"enemies":"3 Darklings","floor":47.0,"turns":4.0},{"damage":46,"enemies":"Donu and Deca","floor":50,"turns":6},{"damage":39,"enemies":"Awakened One","floor":51,"turns":3}],"seed_played":"-804609508008640786","potions_obtained":[{"floor":2.0,"key":"SkillPotion"},{"floor":10.0,"key":"EssenceOfSteel"},{"floor":12.0,"key":"Swift Potion"},{"floor":25.0,"key":"Energy Potion"},{"floor":35.0,"key":"SneckoOil"},{"floor":42.0,"key":"PowerPotion"}],"is_trial":false,"path_per_floor":["M","M","M","?","?","E","R","M","T","E","M","M","$","E","R","B",null,"M","M","?","?","?","R","M","E","T","M","$","R","M","T","R","B",null,"M","?","M","?","$","R","E","M","T","M","M","E","M","?","R","B","B"],"character_chosen":"WATCHER","items_purchased":["DevaForm","Worship","Fasting2","OrangePellets"],"campfire_rested":4,"item_purchase_floors":[13,28,28,39],"current_hp_per_floor":[61,60,60,65,65,62,62,62,62,57,57,54,54,54,54,53,68,68,68,68,68,68,68,68,45,45,45,45,73,73,73,73,73,73,37,52,52,52,52,73,40,38,38,38,38,38,30,30,69,35,0,0],"gold":165,"neow_bonus":"BOSS_RELIC","is_daily":false,"chose_seed":false,"campfire_upgraded":2,"win_rate":0.0,"timestamp":1613283995,"path_taken":["M","M","M","?","?","E","R","M","T","E","M","?","$","E","R","BOSS","M","M","?","?","?","R","M","E","T","?","$","R","?","?","R","BOSS","M","?","M","?","$","R","E","M","T","?","M","E","M","?","R","BOSS","BOSS"],"items_purchased_type":["Card","Card","Card","Relic"],"build_version":"2020-12-22","purchased_purges":1,"victory":false,"max_hp_per_floor":[68,68,68,73,73,73,73,73,73,73,73,73,73,73,73,73,73,73,73,73,73,73,73,73,73,73,73,73,73,73,73,73,73,73,73,73,73,73,73,73,73,73,73,73,73,73,73,73,73,73,73,73],"relic_stats":{"OrangePellets":[9],"counters":[27,102],"Ornamental Fan":[52],"Snecko Eye":[174,160,170,177],"Eternal Feather":51,"Bag of Preparation":[42],"Art of War":[1],"Letter Opener":[91],"Question Card":17,"obtain_stats":[{"Damaru":25,"Oddly Smooth Stone":41,"Eternal Feather":26,"Bag of Preparation":10,"Letter Opener":9,"Question Card":14,"OrangePellets":39,"Ornamental Fan":43,"Snecko Eye":0,"Molten Egg 2":5,"Philosopher\u0027s Stone":34,"Fusion Hammer":17,"Art of War":46,"PureWater":0,"Meat on the Bone":6},{"Damaru":14,"Oddly Smooth Stone":20,"Eternal Feather":14,"Bag of Preparation":6,"Letter Opener":5,"Question Card":9,"OrangePellets":19,"Ornamental Fan":21,"Snecko Eye":0,"Molten Egg 2":3,"Philosopher\u0027s Stone":17,"Fusion Hammer":10,"Art of War":24,"PureWater":0,"Meat on the Bone":4},{"Damaru":50,"Oddly Smooth Stone":74,"Eternal Feather":50,"Bag of Preparation":22,"Letter Opener":16,"Question Card":32,"OrangePellets":69,"Ornamental Fan":79,"Snecko Eye":0,"Molten Egg 2":10,"Philosopher\u0027s Stone":62,"Fusion Hammer":38,"Art of War":89,"PureWater":0,"Meat on the Bone":13}],"Meat on the Bone":36},"card_choices":[{"not_picked":["Halt","Weave"],"picked":"BowlingBash","floor":1.0},{"not_picked":["BowlingBash","PathToVictory"],"picked":"WindmillStrike","floor":2.0},{"not_picked":["Consecrate","ThirdEye"],"picked":"Protect","floor":3.0},{"not_picked":["Prostrate","WindmillStrike+1"],"picked":"Establishment","floor":6.0},{"not_picked":["JustLucky+1","Crescendo"],"picked":"FollowUp+1","floor":8.0},{"not_picked":["SignatureMove+1","JustLucky+1"],"picked":"Wallop+1","floor":10.0},{"not_picked":["Evaluate","Vengeance"],"picked":"BattleHymn","floor":11.0},{"not_picked":["DeceiveReality","ThirdEye"],"picked":"Swivel","floor":12.0},{"not_picked":["MasterReality","WreathOfFlame","ForeignInfluence"],"picked":"SKIP","floor":14.0},{"not_picked":["LessonLearned+1","Omniscience","Brilliance+1"],"picked":"Ragnarok+1","floor":16.0},{"not_picked":["WaveOfTheHand","FlurryOfBlows+1","WindmillStrike+1"],"picked":"Fasting2","floor":18.0},{"not_picked":["Vengeance","LikeWater","MentalFortress"],"picked":"WheelKick+1","floor":19.0},{"not_picked":["Study","BattleHymn+1","DeceiveReality","PathToVictory"],"picked":"SKIP","floor":24.0},{"not_picked":["PathToVictory","Meditate","Vengeance"],"picked":"Conclude+1","floor":25.0},{"not_picked":["FlyingSleeves+1","Crescendo","FollowUp+1"],"picked":"TalkToTheHand+1","floor":27.0},{"not_picked":["Judgement","Study","ClearTheMind"],"picked":"Meditate+1","floor":30.0},{"not_picked":["Blasphemy","Alpha","ConjureBlade"],"picked":"Wish","floor":33.0},{"not_picked":["PathToVictory","SandsOfTime+1","FollowUp+1"],"picked":"Wallop+1","floor":35.0},{"not_picked":["FollowUp+1","CrushJoints+1","ReachHeaven+1"],"picked":"SandsOfTime+1","floor":37.0},{"not_picked":["JustLucky+1","Sanctity","Conclude+1","ClearTheMind"],"picked":"SKIP","floor":41.0},{"not_picked":["Tantrum+1","WindmillStrike+1","Nirvana"],"picked":"SandsOfTime+1","floor":42.0},{"not_picked":["Halt","EmptyBody","MentalFortress","EmptyFist+1"],"picked":"SKIP","floor":44.0},{"not_picked":["FollowUp+1","ClearTheMind+1","FlurryOfBlows+1"],"picked":"CrushJoints+1","floor":45.0},{"not_picked":["MentalFortress","SignatureMove+1","Establishment","Prostrate"],"picked":"SKIP","floor":46.0},{"not_picked":["Prostrate+1","EmptyBody","SashWhip+1","PathToVictory"],"picked":"SKIP","floor":47.0}],"player_experience":1123695,"relics_obtained":[{"floor":6.0,"key":"Meat on the Bone"},{"floor":9.0,"key":"Letter Opener"},{"floor":10.0,"key":"Bag of Preparation"},{"floor":14.0,"key":"Question Card"},{"floor":25.0,"key":"Damaru"},{"floor":26.0,"key":"Eternal Feather"},{"floor":41.0,"key":"Oddly Smooth Stone"},{"floor":43.0,"key":"Ornamental Fan"},{"floor":46.0,"key":"Art of War"}],"event_choices":[{"damage_healed":0.0,"max_hp_gain":5.0,"max_hp_loss":0.0,"gold_gain":0.0,"event_name":"Big Fish","player_choice":"Donut","floor":4.0,"gold_loss":0.0,"damage_taken":0.0},{"damage_healed":0.0,"max_hp_gain":0.0,"max_hp_loss":0.0,"gold_gain":0.0,"event_name":"WeMeetAgain","player_choice":"Gave Potion","floor":5.0,"gold_loss":0.0,"damage_taken":0.0,"relics_obtained":["Molten Egg 2"]},{"damage_healed":0.0,"max_hp_gain":0.0,"max_hp_loss":0.0,"gold_gain":0.0,"event_name":"Beggar","player_choice":"Ignored","floor":20.0,"gold_loss":0.0,"damage_taken":0.0},{"damage_healed":0.0,"max_hp_gain":0.0,"max_hp_loss":0.0,"gold_gain":0.0,"event_name":"Back to Basics","player_choice":"Simplicity","floor":21.0,"gold_loss":0.0,"damage_taken":0.0,"cards_upgraded":["Strike_P","Strike_P","Strike_P","Strike_P","Defend_P","Defend_P","Defend_P","Defend_P"]},{"damage_healed":0.0,"max_hp_gain":0.0,"max_hp_loss":0.0,"gold_gain":0.0,"event_name":"Transmorgrifier","player_choice":"Ignored","floor":22.0,"gold_loss":0.0,"damage_taken":0.0},{"damage_healed":15.0,"max_hp_gain":0.0,"max_hp_loss":0.0,"gold_gain":0.0,"event_name":"Winding Halls","player_choice":"Writhe","floor":36.0,"gold_loss":0.0,"damage_taken":0.0,"cards_obtained":["Writhe"]},{"damage_healed":0.0,"max_hp_gain":0.0,"max_hp_loss":0.0,"gold_gain":0.0,"event_name":"Duplicator","player_choice":"Copied","floor":38.0,"gold_loss":0.0,"damage_taken":0.0,"cards_obtained":["Wish"]},{"damage_healed":0,"gold_gain":0,"player_choice":"Memory 1","damage_taken":0,"max_hp_gain":0,"max_hp_loss":0,"event_name":"SensoryStone","floor":48,"gold_loss":0}],"is_beta":false,"boss_relics":[{"not_picked":["Calling Bell","Busted Crown"],"picked":"Fusion Hammer"},{"not_picked":["Empty Cage","Runic Pyramid"],"picked":"Philosopher\u0027s Stone"}],"items_purged_floors":[39],"is_endless":false,"potions_floor_spawned":[2,10,12,14,19,25,30,35,42,44],"killed_by":"Awakened One","ascension_level":20}}