{"host":"hpn0uxah5qjr7pa6","time":1613272558,"event":{"mods":["2.2 Compatiblity","Act Like it!","Aspiration","BaseMod","Better Third Choice","BetterRewards","Challenge The Spire","Colored Powertips","Conspire","DeckTracker","Downfall","Energized Spire","Hallownest","Hermit","Highlight Path","Hubris","Infinite Spire","Minty Spire (QoL Compilation)","Permanent Neow","Quick Restart","Rare Cards Sparkle","Replay The Spire","Spicy Shops","StSLib","The Bug Knight","The Jungle"],"gold_per_floor":[113,113,188,199,46,46,57,57,57,57,57,89,14,14,14,24,24,127,127,143,143,143,143,67,77,77,91,91,91,91,106,120,130,130,234,234,252,74,74,74,125,125,138,151,174,174,174,174,188,201,201,201,201,201],"floor_reached":52,"language":"ENG","playtime":1666,"items_purged":["bronze:NullPointer"],"score":678,"play_id":"0e897309-2fed-4f12-aa3d-0d0057ec4511","local_time":"20210213191558","is_ascension_mode":true,"campfire_choices":[{"floor":6,"key":"REST"},{"floor":15,"key":"REST"},{"data":"bronze:ChosenStrike","floor":17,"key":"SMITH"},{"data":"bronze:OilSpill","floor":17,"key":"SMITH"},{"floor":29,"key":"REST"},{"floor":34,"key":"DIG"},{"floor":42,"key":"REST"},{"floor":48,"key":"REST"},{"floor":51,"key":"REST"}],"circlet_count":0,"master_deck":["bronze:Strike","bronze:Strike","bronze:Strike","bronze:Strike","bronze:Defend","bronze:Defend+1","bronze:Defend+1","bronze:Defend","bronze:Replicate","bronze:OilSpill+1","bronze:ChosenStrike+1","bronze:RecursiveStrike+1","bronze:Branch","bronze:BronzeOrb+1","bronze:WhirlingStrike+1","bronze:ChosenStrike+1","bronze:DigitalCarnage","bronze:OilSpill+1"],"relics":["bronze:BronzeCore","aspiration:Lifesprig","Replay:Arrowhead","aspiration:AnachronicSnailShell","War Paint","Snecko Heart","Painkiller Herb","Iron Hammer","Replay:Rubber Ducky","conspire:SeveredTorchhead","DollysMirror","Blue Doll","Gremlin Food"],"acts_visited":["Exordium","TheCity","TheBeyond"],"potions_floor_usage":[18,18,18,18,18,20,31,35,35,37,50],"damage_taken":[{"damage":0,"enemies":"2 Louse","floor":1,"turns":2},{"damage":0,"enemies":"Jaw Worm","floor":4,"turns":2},{"damage":0,"enemies":"Cultist","floor":7,"turns":3},{"damage":27,"enemies":"Gremlin Nob","floor":12,"turns":5},{"damage":3,"enemies":"Looter","floor":16,"turns":3},{"damage":23,"enemies":"Fading Forest","floor":18,"turns":11},{"damage":6,"enemies":"2 Thieves","floor":20,"turns":2},{"damage":0,"enemies":"Shell Parasite","floor":25,"turns":4},{"damage":10,"enemies":"3 Cultists","floor":27,"turns":6},{"damage":22,"enemies":"conspire:HollyBat","floor":31,"turns":8},{"damage":0,"enemies":"Snecko","floor":32,"turns":3},{"damage":7,"enemies":"Centurion and Healer","floor":33,"turns":4},{"damage":42,"enemies":"hubris:MusketHawk","floor":35,"turns":7},{"damage":10,"enemies":"Orb Walker","floor":37,"turns":3},{"damage":22,"enemies":"3 Shapes","floor":43,"turns":3},{"damage":5,"enemies":"Sphere and 2 Shapes","floor":44,"turns":3},{"damage":11,"enemies":"Transient","floor":49,"turns":5},{"damage":11,"enemies":"Spire Growth","floor":50,"turns":3},{"damage":70,"enemies":"hubris:GrandSnecko","floor":52,"turns":5}],"seed_played":"2937016417278151833","potions_obtained":[{"floor":7,"key":"SpeedPotion"},{"floor":12,"key":"EntropicBrew"},{"floor":18,"key":"ColorlessPotion"},{"floor":20,"key":"bronze:CleanCodePotion"},{"floor":27,"key":"SkillPotion"},{"floor":33,"key":"bronze:BuildAFunctionPotion"},{"floor":35,"key":"PowerPotion"},{"floor":43,"key":"Swift Potion"}],"is_trial":false,"path_per_floor":["M","?","?","M","$","R","M","?","T","PTL","PTL","E","$","T","R","M","R","B",null,"M","?","$","AVR","T","?","?","?","T","T","?","?","?","?","T","B",null,"?","T","?","?","T","T","?","?","T","T","?","T","?","?","T","B"],"character_chosen":"THE_AUTOMATON","items_purchased":["aspiration:Lifesprig","bronze:BronzeOrb","bronze:WhirlingStrike+1","DollysMirror"],"campfire_rested":6,"item_purchase_floors":[5,24,38,38],"current_hp_per_floor":[70,70,59,59,59,77,77,77,77,77,77,50,50,50,73,70,70,55,72,66,66,66,66,66,66,77,67,67,77,77,55,55,48,48,6,59,49,49,49,49,49,72,50,45,45,45,45,68,57,46,69,0,0,0],"gold":201,"neow_bonus":"TEN_PERCENT_HP_BONUS","is_daily":false,"chose_seed":false,"campfire_upgraded":2,"win_rate":0.0,"timestamp":1613272558,"path_taken":["M","?","?","M","$","R","M","?","T","PTL","PTL","E","?","?","R","M","R","BOSS","M","?","?","AVR","?","?","?","?","T","T","?","?","?","?","T","BOSS","?","T","?","?","?","T","?","?","T","?","?","T","?","?","T","BOSS"],"items_purchased_type":["Relic","Card","Card","Relic"],"build_version":"2020-12-22","purchased_purges":1,"victory":false,"max_hp_per_floor":[77,77,77,77,77,77,77,77,77,77,77,77,77,77,77,77,77,77,77,77,77,77,77,77,77,77,77,77,77,77,77,77,77,77,77,77,77,77,77,77,77,77,77,77,77,77,77,77,77,77,77,77,77,77],"card_choices":[{"not_picked":["bronze:WildBeam","bronze:BuggyMess"],"picked":"bronze:OilSpill","floor":1},{"not_picked":["bronze:Deprecate","bronze:MaxOutput","bronze:Frontload"],"picked":"SKIP","floor":4},{"not_picked":["bronze:Frontload","bronze:WildBeam","bronze:InfiniteBeams"],"picked":"SKIP","floor":7},{"not_picked":["bronze:TinkerersToolbox","bronze:Frontload"],"picked":"bronze:ChosenStrike","floor":12},{"not_picked":["bronze:Frontload","bronze:FineTuning","bronze:Backtrace"],"picked":"SKIP","floor":16},{"not_picked":["bronze:SpaghettiCode","bronze:BurnOut"],"picked":"bronze:RecursiveStrike","floor":18},{"not_picked":["bronze:Repair","bronze:BuggyMess"],"picked":"bronze:Branch","floor":20},{"not_picked":["bronze:Philosophize","bronze:Shield+1","bronze:Safeguard"],"picked":"SKIP","floor":25},{"not_picked":["bronze:BitShift","bronze:Philosophize","bronze:WhirlingStrike"],"picked":"SKIP","floor":27},{"not_picked":["bronze:Shield+1","bronze:Overheat","bronze:Constructor"],"picked":"SKIP","floor":31},{"not_picked":["bronze:Constructor","bronze:WhirlingStrike","bronze:BugBarrage"],"picked":"SKIP","floor":32},{"not_picked":["bronze:WhirlingStrike","bronze:Fortify","bronze:Mutator"],"picked":"SKIP","floor":33},{"not_picked":["bronze:Overload","bronze:Invalidate+1","bronze:WildBeam"],"picked":"SKIP","floor":37},{"not_picked":["bronze:Repulsor","bronze:Frontload+1"],"picked":"bronze:DigitalCarnage","floor":43},{"not_picked":["bronze:Turbo","bronze:InfiniteBeams","bronze:Separator"],"picked":"SKIP","floor":44},{"not_picked":["bronze:Refactor+1","bronze:DigitalCarnage","bronze:Turbo"],"picked":"SKIP","floor":49},{"not_picked":["bronze:Constructor+1","bronze:DarkDash+1"],"picked":"bronze:OilSpill+1","floor":50}],"player_experience":241112,"relics_obtained":[{"floor":9,"key":"Replay:Arrowhead"},{"floor":12,"key":"aspiration:AnachronicSnailShell"},{"floor":14,"key":"War Paint"},{"floor":28,"key":"Iron Hammer"},{"floor":34,"key":"Replay:Rubber Ducky"},{"floor":41,"key":"Blue Doll"},{"floor":45,"key":"Gremlin Food"}],"event_choices":[{"damage_healed":0,"gold_gain":75,"player_choice":"Gold","damage_taken":11,"max_hp_gain":0,"max_hp_loss":0,"event_name":"betterThird:BetterGoop","floor":3,"gold_loss":0},{"damage_healed":0,"gold_gain":0,"player_choice":"Ignored","damage_taken":0,"max_hp_gain":0,"max_hp_loss":0,"event_name":"Beggar","floor":21,"gold_loss":0},{"damage_healed":25,"gold_gain":0,"player_choice":"Heal","damage_taken":0,"max_hp_gain":0,"max_hp_loss":0,"event_name":"The Library","floor":26,"gold_loss":0},{"damage_healed":0,"gold_gain":0,"player_choice":"Ignored","damage_taken":0,"max_hp_gain":0,"max_hp_loss":0,"event_name":"Transmorgrifier","floor":30,"gold_loss":0},{"damage_healed":0,"gold_gain":0,"player_choice":"Ignored","damage_taken":0,"max_hp_gain":0,"max_hp_loss":0,"event_name":"Tomb of Lord Red Mask","floor":39,"gold_loss":0}],"is_beta":false,"boss_relics":[{"not_picked":["Replay:Ancient Bell","aspiration:RunicSpoon"],"picked":"Snecko Heart"},{"not_picked":["conspire:SpecialSausage","Runic Dome"],"picked":"conspire:SeveredTorchhead"}],"items_purged_floors":[13],"is_endless":false,"potions_floor_spawned":[7,12,18,20,27,33,35,43],"killed_by":"hubris:GrandSnecko","ascension_level":9}}