{"host":"ewn058xs2vaj5uc6","time":1613309018,"event":{"mods":["ATMod(??Mod)","Act Like it!","Aspiration","BaseMod","Better Vampires","BetterRewards","Bossed Relics","Colored Map","Colored Powertips","Downfall","Fox Events","Highlight Path","Minty Spire (QoL Compilation)","MostiFishMod","Quick Restart","Red Circlet Mod","Relic Filter Mod","Reliquary","Replay The Spire","Shop Mod","StSLib","SuperFastMode","TestMod","TheWitcher","??????REMEMod","????"],"gold_per_floor":[109,124,124,137,147,179,179,179,179,192,209,243,169,186,33,134,134,147,165,178,178,178,578,604,633,651,80,95,95,125,140,60,157,157,176,194,194,211,229,262,262,9,37,48,60,110,141,167,22,22],"floor_reached":51,"language":"ZHS","playtime":2370,"items_purged":["Injury"],"score":1195,"play_id":"174248d1-bd1a-460c-a2b4-2b31d44bfd76","local_time":"20210214212338","is_ascension_mode":true,"campfire_choices":[{"floor":9,"key":"RECALL"}],"circlet_count":0,"master_deck":["bronze:Strike","bronze:Strike+1","bronze:Strike","bronze:Defend+1","bronze:Defend","bronze:Defend","bronze:Defend+1","bronze:Replicate","AT_MachinaRedman+1","MostiFishMod:InvigoratingSolution","bronze:BronzeOrb","bronze:Backtrace","testmod-Collector","Voices","AT_MachinaRedman+1"],"relics":["testmod-TestBox","AT_ATBox","DaveBox","Coffee Dripper","testmod-RealStoneCalender","MostiFishMod:Haymaker","SynthV:TestCard","MerchantsRug","BrkXgEgg","JellyFishMachine","downfall:RedIOU","bronze:BottledCode","REME_HandOfSuture","champ:Barbells","reliquary:Knoch","bronze:CableSpool","sneckomod:BabySnecko","testmod-LifeArmor","SlaversCollar","hexamod:BolsterEngine","AT_ArchangelStaff","StrikeDummy","testmod-CasingShield","Chi","Ling","testmod-Maize","DollysMirror","testmod-AssaultLearning"],"acts_visited":["Exordium","TheCity","TheBeyond"],"potions_floor_usage":[26,28,30],"damage_taken":[{"damage":0,"enemies":"Small Slimes","floor":1,"turns":3},{"damage":0,"enemies":"Cultist","floor":2,"turns":2},{"damage":0,"enemies":"2 Louse","floor":4,"turns":1},{"damage":2,"enemies":"Exordium Wildlife","floor":5,"turns":2},{"damage":3,"enemies":"Replay:BlueRogue","floor":6,"turns":3},{"damage":0,"enemies":"Large Slime","floor":10,"turns":1},{"damage":2,"enemies":"downfall:FleeingMerchant","floor":11,"turns":4},{"damage":0,"enemies":"Gremlin Nob","floor":12,"turns":3},{"damage":0,"enemies":"2 Fungi Beasts","floor":14,"turns":2},{"damage":32,"enemies":"WA_ARCHETYPE_RETAIN","floor":16,"turns":5},{"damage":0,"enemies":"3 Byrds","floor":18,"turns":1},{"damage":0,"enemies":"Chosen","floor":19,"turns":1},{"damage":0,"enemies":"Centurion and Healer","floor":20,"turns":2},{"damage":13,"enemies":"Slavers","floor":25,"turns":3},{"damage":0,"enemies":"Cultist and Chosen","floor":26,"turns":2},{"damage":0,"enemies":"downfall:FleeingMerchant","floor":27,"turns":4},{"damage":0,"enemies":"Chosen and Byrds","floor":28,"turns":3},{"damage":18,"enemies":"Gremlin Leader","floor":30,"turns":4},{"damage":0,"enemies":"Centurion and Healer","floor":31,"turns":4},{"damage":4,"enemies":"IC_MUSHROOM_ARCHETYPE","floor":33,"turns":3},{"damage":2,"enemies":"3 Darklings","floor":35,"turns":3},{"damage":0,"enemies":"Orb Walker","floor":36,"turns":2},{"damage":0,"enemies":"Sphere and 2 Shapes","floor":38,"turns":2},{"damage":0,"enemies":"Spire Growth","floor":39,"turns":2},{"damage":2,"enemies":"R_Hoarder","floor":40,"turns":6},{"damage":0,"enemies":"downfall:FleeingMerchant","floor":42,"turns":3},{"damage":16,"enemies":"Giant Head","floor":43,"turns":4},{"damage":5,"enemies":"Writhing Mass","floor":44,"turns":3},{"damage":0,"enemies":"Sphere and 2 Shapes","floor":45,"turns":1},{"damage":10,"enemies":"R_Hoarder","floor":46,"turns":4},{"damage":3,"enemies":"Transient","floor":47,"turns":5},{"damage":1,"enemies":"3 Darklings","floor":48,"turns":1},{"damage":20,"enemies":"DF_ARCHETYPE_ORBS","floor":50,"turns":4}],"seed_played":"-519758556200197885","potions_obtained":[{"floor":2,"key":"Fire Potion"},{"floor":4,"key":"FearPotion"},{"floor":10,"key":"Swift Potion"},{"floor":12,"key":"AttackPotion"},{"floor":16,"key":"Dexterity Potion"},{"floor":18,"key":"Swift Potion"},{"floor":19,"key":"Swift Potion"},{"floor":25,"key":"Slimebound:ThreeZeroPotion"},{"floor":31,"key":"Venom Potion"},{"floor":33,"key":"Elixir"},{"floor":38,"key":"SpeedPotion"},{"floor":40,"key":"Fire Potion"},{"floor":45,"key":"DistilledChaos"},{"floor":46,"key":"bronze:CleanCodePotion"},{"floor":48,"key":"Strength Potion"}],"is_trial":false,"path_per_floor":["M","M","?","M","M","E","T","?","R","M","$","E","R","M","R","B",null,"M","M","M","?","?","?","T","E","M","$","M","?","E","M","R","B",null,"R_BF","M","?","M","M","E","T","$","E","M","M","E","M","M","R","B",null],"character_chosen":"THE_AUTOMATON","items_purchased":["MerchantsRug","testmod-Collector","BrkXgEgg","champ:Barbells","reliquary:Knoch","bronze:CableSpool","testmod-LifeArmor","StrikeDummy","testmod-CasingShield","ChiLing","DollysMirror","testmod-AssaultLearning"],"campfire_rested":0,"item_purchase_floors":[11,13,15,27,27,27,32,42,42,42,49,49],"current_hp_per_floor":[70,70,70,70,68,65,65,58,58,58,56,56,56,56,56,24,70,70,70,70,70,60,60,60,47,47,47,47,47,29,29,29,25,60,58,58,58,58,58,56,56,56,40,35,35,25,22,21,21,1],"gold":22,"neow_bonus":"BOSS_RELIC","is_daily":false,"chose_seed":false,"campfire_upgraded":0,"win_rate":0.0,"timestamp":1613309018,"path_taken":["M","M","?","M","?","E","T","?","R","M","$","E","R","M","R","BOSS","M","M","M","?","?","?","T","E","M","$","M","?","E","M","R","BOSS","R_BF","M","?","M","M","E","T","?","E","M","M","E","M","M","R","BOSS"],"items_purchased_type":["Relic","Card","Relic","Relic","Relic","Relic","Relic","Relic","Relic","Relic","Relic","Relic"],"build_version":"2020-12-22","purchased_purges":1,"victory":true,"max_hp_per_floor":[70,70,70,70,70,70,70,70,70,70,70,70,70,70,70,70,70,70,70,70,70,60,60,60,60,60,60,60,60,60,60,60,60,60,60,60,60,60,60,60,60,60,60,60,60,60,60,60,60,60],"card_choices":[{"not_picked":["bronze:Overheat","bronze:DelayedGuard","bronze:CutThrough"],"picked":"SKIP","floor":1},{"not_picked":["bronze:NullPointer","bronze:Separator","bronze:DigitalCarnage","bronze:OilSpill","bronze:BitShift"],"picked":"SKIP","floor":2},{"not_picked":["bronze:BuggyMess","bronze:Allocate","bronze:BugBarrage","bronze:Separator"],"picked":"bronze:BronzeOrb","floor":4},{"not_picked":["bronze:WhirlingStrike","bronze:DelayedGuard","bronze:Repair","bronze:ClassDefault","bronze:ChildClass"],"picked":"SKIP","floor":5},{"not_picked":["bronze:Shield","bronze:Overheat","bronze:CloningBeam","bronze:Separator","bronze:Iterate"],"picked":"SKIP","floor":6},{"not_picked":["bronze:Iterate","bronze:WhirlingStrike","bronze:Terminator","bronze:Shell","bronze:Constructor"],"picked":"SKIP","floor":10},{"not_picked":["bronze:DigitalCarnage","bronze:HardenedForm","bronze:Format","bronze:DelayedSlice","bronze:WildBeam"],"picked":"SKIP","floor":11},{"not_picked":["bronze:CutThrough","bronze:Philosophize","bronze:Iterate","bronze:Flail"],"picked":"bronze:Backtrace","floor":12},{"not_picked":["bronze:Turbo","bronze:DelayedSlice","bronze:WhirlingStrike","bronze:Shield","bronze:Invalidate"],"picked":"SKIP","floor":14},{"not_picked":["bronze:Allocate+1","bronze:Fortify","bronze:ChildClass","bronze:BronzeArmor","bronze:FineTuning"],"picked":"SKIP","floor":18},{"not_picked":["bronze:Repair","bronze:Repulsor","bronze:WildBeam","bronze:WhirlingStrike","bronze:Frontload+1"],"picked":"SKIP","floor":19},{"not_picked":["bronze:Deprecate","bronze:FineTuning","bronze:DelayedSlice","bronze:OilSpill","bronze:CutThrough"],"picked":"SKIP","floor":20},{"not_picked":["bronze:Iterate","bronze:FineTuning","bronze:FindAndReplace+1","bronze:BitShift","bronze:WildBeam"],"picked":"SKIP","floor":25},{"not_picked":["bronze:Constructor","bronze:Separator+1","bronze:DelayedGuard+1","bronze:BuggyMess","bronze:Branch"],"picked":"SKIP","floor":26},{"not_picked":["bronze:Virus+1","bronze:BitShift","bronze:ChosenStrike","bronze:CutThrough","bronze:Turbo"],"picked":"SKIP","floor":27},{"not_picked":["bronze:Deprecate","bronze:Separator","bronze:BitShift","bronze:FineTuning","bronze:WhirlingStrike"],"picked":"SKIP","floor":28},{"not_picked":["bronze:ItsAFeature","bronze:HardenedForm+1","bronze:BitShift","bronze:Flail","bronze:OilSpill"],"picked":"SKIP","floor":30},{"not_picked":["bronze:BronzeArmor+1","bronze:DelayedGuard","bronze:OilSpill+1","bronze:Safeguard","bronze:Iterate"],"picked":"SKIP","floor":31},{"not_picked":["bronze:DigitalCarnage+1","bronze:Safeguard+1","bronze:BugBarrage","bronze:Invalidate","bronze:Iterate+1"],"picked":"SKIP","floor":35},{"not_picked":["bronze:Overheat+1","bronze:ChildClass+1","bronze:Constructor+1","bronze:WildBeam+1","bronze:ClassDefault"],"picked":"SKIP","floor":36},{"not_picked":["bronze:Terminator","bronze:FineTuning+1","bronze:Iterate","bronze:DelayedGuard","bronze:Overload+1"],"picked":"SKIP","floor":38},{"not_picked":["bronze:WildBeam","bronze:DelayedSlice","bronze:Optimize","bronze:HyperBeam+1","bronze:Shell+1"],"picked":"SKIP","floor":39},{"not_picked":["bronze:Invalidate","bronze:Frontload+1","bronze:Assembly+1","bronze:ChildClass","bronze:ClassDefault"],"picked":"SKIP","floor":40},{"not_picked":["bronze:Constructor","bronze:Safeguard","bronze:WhirlingStrike+1","bronze:Invalidate+1","bronze:Turbo"],"picked":"SKIP","floor":42},{"not_picked":["bronze:Overload","bronze:Mutator+1","bronze:Frontload+1","bronze:FollowUp","bronze:CloningBeam"],"picked":"SKIP","floor":43},{"not_picked":["bronze:Repair","bronze:Shell","bronze:BitShift","bronze:CutThrough","bronze:BuggyMess"],"picked":"SKIP","floor":44},{"not_picked":["bronze:Constructor+1","bronze:GetLatest+1","bronze:CloningBeam","bronze:Repair","bronze:ChildClass"],"picked":"SKIP","floor":45},{"not_picked":["bronze:Overload","bronze:Branch","bronze:DarkDash+1","bronze:CutThrough+1","bronze:Constructor+1"],"picked":"SKIP","floor":46},{"not_picked":["bronze:DelayedGuard","bronze:Frontload+1","bronze:Turbo+1","bronze:ThunderWave+1","bronze:OilSpill+1"],"picked":"SKIP","floor":47},{"not_picked":["bronze:ChosenStrike","bronze:Overheat+1","bronze:Frontload+1","bronze:DelayedGuard+1","bronze:Terminator"],"picked":"SKIP","floor":48}],"player_experience":159736,"relics_obtained":[{"floor":1,"key":"SynthV:TestCard"},{"floor":6,"key":"Peace Pipe"},{"floor":12,"key":"testmod-RandomTest"},{"floor":24,"key":"Replay:Rubber Ducky"},{"floor":25,"key":"REME_HandOfSuture"},{"floor":30,"key":"Replay:Baseball"},{"floor":40,"key":"hexamod:BolsterEngine"},{"floor":41,"key":"AT_ArchangelStaff"},{"floor":43,"key":"testmod-Maize"},{"floor":46,"key":"MawBank"}],"event_choices":[{"damage_healed":0,"gold_gain":0,"player_choice":"Success","damage_taken":7,"relics_obtained":["aspiration:Nostalgia"],"max_hp_gain":0,"max_hp_loss":0,"event_name":"Scrap Ooze","floor":8,"gold_loss":0},{"damage_healed":0,"gold_gain":400,"player_choice":"Sell","damage_taken":0,"max_hp_gain":0,"max_hp_loss":0,"event_name":"??????","floor":23,"relics_lost":["REME_ComplimentaryCards"],"gold_loss":0}],"is_beta":false,"boss_relics":[{"not_picked":["Painkiller Herb","MoonlightInvasionPlan"],"picked":"JellyFishMachine"},{"not_picked":["testmod-Fanaticism","Snecko Heart"],"picked":"SlaversCollar"}],"items_purged_floors":[11],"is_endless":false,"potions_floor_spawned":[2,4,10,12,16,18,19,20,25,31,33,38,40,45,46,48],"ascension_level":1}}