{"host":"31q8uht4v38sth7r","time":1613297929,"event":{"mods":["BaseMod","Colored Map","Highlight Path","Minty Spire (QoL Compilation)","Permanent Neow","StSLib"],"gold_per_floor":[113,126,126,126,144,187,187,218,218,218,236,279,293,317,317,447,447,462,483,558,579,604,604,637,637,637,658,672,672,251,289,289,289,289],"floor_reached":33,"language":"ENG","playtime":1709,"items_purged":["Strike_R"],"score":489,"play_id":"c446062f-abaf-4c43-8b10-e3b3b959e65b","local_time":"20210214181849","is_ascension_mode":true,"campfire_choices":[{"data":"Immolate","floor":7,"key":"SMITH"},{"data":"Uppercut","floor":10,"key":"SMITH"},{"data":"True Grit","floor":15,"key":"SMITH"},{"data":"Armaments","floor":23,"key":"SMITH"},{"data":"Limit Break","floor":25,"key":"SMITH"},{"floor":29,"key":"REST"},{"data":"Barricade","floor":32,"key":"SMITH"}],"circlet_count":0,"master_deck":["AscendersBane","Strike_R","Strike_R","Strike_R","Strike_R","Defend_R","Defend_R","Defend_R","Defend_R","Bash","Immolate+1","Uppercut+1","Warcry","True Grit+1","Metallicize","Feel No Pain","Battle Trance","Intimidate","Headbutt","Limit Break+1","Armaments+1","Impervious","Sword Boomerang","Shockwave","Barricade+1","Evolve","True Grit","Shrug It Off"],"relics":["Burning Blood","Golden Idol","Vajra","White Beast Statue","Meat on the Bone","Omamori","Strawberry","Runic Cube","Mango","Orrery","Oddly Smooth Stone","Toy Ornithopter"],"acts_visited":["Exordium","TheCity"],"potions_floor_usage":[14,16,21,24,24,31,31,33,33],"damage_taken":[{"damage":0,"enemies":"Small Slimes","floor":1,"turns":2},{"damage":2,"enemies":"2 Louse","floor":2,"turns":2},{"damage":0,"enemies":"Cultist","floor":5,"turns":3},{"damage":49,"enemies":"Lagavulin","floor":6,"turns":8},{"damage":15,"enemies":"Gremlin Nob","floor":8,"turns":4},{"damage":0,"enemies":"3 Louse","floor":11,"turns":1},{"damage":14,"enemies":"Lagavulin","floor":12,"turns":7},{"damage":0,"enemies":"Lots of Slimes","floor":13,"turns":1},{"damage":6,"enemies":"Blue Slaver","floor":14,"turns":2},{"damage":14,"enemies":"Slime Boss","floor":16,"turns":7},{"damage":16,"enemies":"Spheric Guardian","floor":18,"turns":5},{"damage":16,"enemies":"Shell Parasite","floor":19,"turns":7},{"damage":21,"enemies":"Shelled Parasite and Fungi","floor":21,"turns":5},{"damage":2,"enemies":"Sentry and Sphere","floor":22,"turns":3},{"damage":41,"enemies":"Slavers","floor":24,"turns":5},{"damage":29,"enemies":"Snecko","floor":27,"turns":6},{"damage":22,"enemies":"Shelled Parasite and Fungi","floor":28,"turns":7},{"damage":16,"enemies":"Gremlin Leader","floor":31,"turns":6},{"damage":92,"enemies":"Collector","floor":33,"turns":11}],"seed_played":"-7512097791111718446","potions_obtained":[{"floor":1,"key":"SneckoOil"},{"floor":8,"key":"SneckoOil"},{"floor":11,"key":"PowerPotion"},{"floor":12,"key":"Block Potion"},{"floor":13,"key":"Fire Potion"},{"floor":14,"key":"Explosive Potion"},{"floor":16,"key":"Energy Potion"},{"floor":18,"key":"Strength Potion"},{"floor":21,"key":"PowerPotion"},{"floor":24,"key":"GamblersBrew"},{"floor":27,"key":"LiquidBronze"},{"floor":31,"key":"BlessingOfTheForge"}],"is_trial":false,"path_per_floor":["M","M","?","?","M","E","R","E","T","R","M","E","M","M","R","B",null,"M","M","?","M","M","R","E","R","T","M","M","R","$","E","R","B"],"character_chosen":"IRONCLAD","items_purchased":["Orrery","Oddly Smooth Stone","Shrug It Off"],"campfire_rested":1,"item_purchase_floors":[30,30,30],"current_hp_per_floor":[57,61,61,61,67,24,24,15,15,15,33,44,50,50,50,54,74,64,54,46,43,47,47,38,38,38,27,23,51,51,53,53,0,0],"gold":289,"neow_bonus":"THREE_RARE_CARDS","is_daily":false,"chose_seed":false,"campfire_upgraded":6,"win_rate":0.0,"timestamp":1613297929,"path_taken":["M","M","?","?","M","E","R","E","T","R","M","E","?","M","R","BOSS","M","M","?","M","M","R","E","R","T","?","M","R","$","E","R","BOSS"],"items_purchased_type":["Relic","Relic","Card"],"build_version":"2020-12-22","purchased_purges":1,"victory":false,"max_hp_per_floor":[80,80,74,74,74,74,74,74,74,74,74,81,81,81,81,81,81,81,81,81,81,81,81,95,95,95,95,95,95,95,95,95,95,95],"card_choices":[{"not_picked":["Limit Break","Corruption"],"picked":"Immolate","floor":0},{"not_picked":["Disarm","Sword Boomerang"],"picked":"Uppercut","floor":1},{"not_picked":["Heavy Blade","Body Slam"],"picked":"Warcry","floor":2},{"not_picked":["Twin Strike","Perfected Strike"],"picked":"True Grit","floor":5},{"not_picked":["Infernal Blade","Iron Wave"],"picked":"Metallicize","floor":6},{"not_picked":["Entrench","Disarm"],"picked":"Feel No Pain","floor":8},{"not_picked":["Entrench","Anger"],"picked":"Battle Trance","floor":11},{"not_picked":["Headbutt","Entrench"],"picked":"Intimidate","floor":12},{"not_picked":["Wild Strike","Rage"],"picked":"Headbutt","floor":13},{"not_picked":["Wild Strike","Twin Strike","Rampage"],"picked":"SKIP","floor":14},{"not_picked":["Reaper","Immolate"],"picked":"Limit Break","floor":16},{"not_picked":["Twin Strike","Flex","Dark Embrace"],"picked":"SKIP","floor":18},{"not_picked":["Havoc","Wild Strike","Heavy Blade"],"picked":"SKIP","floor":19},{"not_picked":["Metallicize","Sever Soul"],"picked":"Armaments","floor":21},{"not_picked":["Rage","Combust+1","Cleave"],"picked":"SKIP","floor":22},{"not_picked":["Burning Pact","Flame Barrier"],"picked":"Impervious","floor":24},{"not_picked":["True Grit","Metallicize"],"picked":"Sword Boomerang","floor":27},{"not_picked":["Clash","Clothesline","Cleave+1"],"picked":"SKIP","floor":28},{"not_picked":["Clash","Flex"],"picked":"Shockwave","floor":30},{"not_picked":["Body Slam","Perfected Strike"],"picked":"Barricade","floor":30},{"not_picked":["Dropkick","Intimidate"],"picked":"Evolve","floor":30},{"not_picked":["Warcry","Clash"],"picked":"True Grit","floor":30},{"not_picked":["Anger","Rampage","Thunderclap+1"],"picked":"SKIP","floor":31}],"player_experience":993354,"relics_obtained":[{"floor":6,"key":"White Beast Statue"},{"floor":8,"key":"Meat on the Bone"},{"floor":9,"key":"Omamori"},{"floor":12,"key":"Strawberry"},{"floor":24,"key":"Mango"},{"floor":31,"key":"Toy Ornithopter"}],"event_choices":[{"damage_healed":0,"gold_gain":0,"player_choice":"Lose Max HP","damage_taken":0,"relics_obtained":["Golden Idol"],"max_hp_gain":0,"max_hp_loss":6,"event_name":"Golden Idol","floor":3,"gold_loss":0},{"damage_healed":0,"gold_gain":0,"player_choice":"Gave Potion","damage_taken":0,"relics_obtained":["Vajra"],"max_hp_gain":0,"max_hp_loss":0,"event_name":"WeMeetAgain","floor":4,"gold_loss":0},{"damage_healed":0,"gold_gain":75,"player_choice":"Touch","damage_taken":8,"max_hp_gain":0,"max_hp_loss":0,"event_name":"FaceTrader","floor":20,"gold_loss":0}],"is_beta":false,"boss_relics":[{"not_picked":["Tiny House","Snecko Eye"],"picked":"Runic Cube"}],"items_purged_floors":[30],"is_endless":false,"potions_floor_spawned":[1,8,11,12,13,14,16,18,19,21,22,24,27,28,31],"killed_by":"Collector","ascension_level":10}}