{"host":"ypzb5vvnu9f3ii1t","time":1613294836,"event":{"mods":["AchievementEnabler","BaseMod","Colored Map","DeckTracker","Keyboard Shortcuts","Minty Spire (QoL Compilation)","Permanent Neow","Quick Restart","SuperFastMode"],"gold_per_floor":[112,187,198,112,62,62,92,92,117,117,117,41,52,63,63,162,162,188,115,147,13,32,32,67,67,67,15,15,15,15,15,15,113,113,130,55,55,67,67,67,84,84,84,84,84,84,84,13,13,13],"floor_reached":51,"language":"KOR","playtime":1370,"items_purged":["Strike_G"],"score":1083,"play_id":"865c0f68-5104-4e46-b597-c5316b8d5b1a","local_time":"20210214182716","is_ascension_mode":true,"campfire_choices":[{"data":"Accuracy","floor":6.0,"key":"SMITH"},{"floor":8.0,"key":"REST"},{"floor":11.0,"key":"REST"},{"floor":15.0,"key":"REST"},{"floor":23.0,"key":"REST"},{"floor":25.0,"key":"REST"},{"floor":32,"key":"REST"},{"data":"Blade Dance","floor":40,"key":"SMITH"},{"data":"Blade Dance","floor":42,"key":"SMITH"},{"data":"Blade Dance","floor":46,"key":"SMITH"},{"data":"Accuracy","floor":49,"key":"SMITH"}],"circlet_count":0,"master_deck":["AscendersBane","Strike_G","Strike_G","Defend_G","Defend_G","Defend_G","Defend_G","Defend_G","Survivor","Neutralize","Blade Dance+1","Dodge and Roll","Accuracy+1","Blade Dance+1","Blade Dance+1","Accuracy+1","Cloak And Dagger","Venomology","CurseOfTheBell","PiercingWail","Accuracy+1","Blade Dance+1","Accuracy+1","Footwork+1"],"relics":["Ring of the Serpent","HornCleat","Art of War","Calling Bell","MawBank","Frozen Egg 2","Ice Cream","CaptainsWheel","DollysMirror","Tiny Chest","Shuriken","MutagenicStrength","FossilizedHelix","Letter Opener","Bronze Scales"],"acts_visited":["Exordium","TheCity","TheBeyond"],"potions_floor_usage":[28,28,33,33,50,50,50,50],"damage_taken":[{"damage":0.0,"enemies":"Jaw Worm","floor":1.0,"turns":5.0},{"damage":9.0,"enemies":"Small Slimes","floor":3.0,"turns":2.0},{"damage":37.0,"enemies":"Gremlin Nob","floor":7.0,"turns":4.0},{"damage":0.0,"enemies":"2 Louse","floor":13.0,"turns":2.0},{"damage":3.0,"enemies":"Blue Slaver","floor":14.0,"turns":2.0},{"damage":0.0,"enemies":"Slime Boss","floor":16.0,"turns":5.0},{"damage":16.0,"enemies":"2 Thieves","floor":18.0,"turns":4.0},{"damage":6.0,"enemies":"3 Byrds","floor":20.0,"turns":3.0},{"damage":14.0,"enemies":"Centurion and Healer","floor":22.0,"turns":4.0},{"damage":27.0,"enemies":"Gremlin Leader","floor":24.0,"turns":6.0},{"damage":0,"enemies":"Colosseum Slavers","floor":28,"turns":3},{"damage":33,"enemies":"Champ","floor":33,"turns":7},{"damage":0,"enemies":"3 Darklings","floor":35,"turns":3},{"damage":0,"enemies":"3 Shapes","floor":38,"turns":2},{"damage":0,"enemies":"Maw","floor":41,"turns":5},{"damage":35,"enemies":"Donu and Deca","floor":50,"turns":6}],"seed_played":"6576746971435473528","potions_obtained":[{"floor":3.0,"key":"Poison Potion"},{"floor":7.0,"key":"SteroidPotion"},{"floor":16.0,"key":"DuplicationPotion"},{"floor":20.0,"key":"Dexterity Potion"},{"floor":22.0,"key":"SteroidPotion"},{"floor":41,"key":"CultistPotion"}],"is_trial":false,"path_per_floor":["M","?","M","$","?","R","E","R","T","?","R","$","M","M","R","B",null,"M","?","M","$","M","R","E","R","T","$","?","?","?","T","R","B",null,"M","$","?","M","?","R","M","R","T","$","T","R","?","$","R","B",null],"character_chosen":"THE_SILENT","items_purchased":["Accuracy","Blade Dance","Accuracy","DollysMirror","Blade Dance","Footwork+1"],"campfire_rested":6,"item_purchase_floors":[4,4,12,21,27,48],"current_hp_per_floor":[63,52,43,43,43,43,6,27,27,20,41,41,41,38,59,59,67,51,51,45,45,31,52,25,46,46,46,46,46,46,46,67,34,61,61,61,61,61,61,61,61,61,61,61,61,61,61,61,61,26],"gold":13,"neow_bonus":"THREE_CARDS","is_daily":false,"chose_seed":false,"campfire_upgraded":5,"win_rate":0.0,"timestamp":1613294836,"path_taken":["M","?","M","$","?","R","E","R","T","?","R","$","M","?","R","BOSS","M","?","M","$","M","R","E","R","T","$","?","?","?","?","R","BOSS","M","$","?","M","?","R","M","R","T","?","?","R","?","$","R","BOSS"],"items_purchased_type":["Card","Card","Card","Relic","Card","Card"],"build_version":"2020-12-22","purchased_purges":1,"victory":true,"max_hp_per_floor":[70,70,70,70,70,70,70,70,70,70,70,70,70,70,70,70,70,70,70,70,70,70,70,70,70,70,70,70,70,70,70,70,70,70,70,70,70,70,70,70,70,70,70,70,70,70,70,70,70,70],"card_choices":[{"not_picked":["Sucker Punch","Flying Knee"],"picked":"Blade Dance","floor":0.0},{"not_picked":["Quick Slash","Outmaneuver"],"picked":"Crippling Poison","floor":1.0},{"not_picked":["Flying Knee","Terror"],"picked":"Dodge and Roll","floor":3.0},{"not_picked":["PiercingWail","Bouncing Flask"],"picked":"Blade Dance","floor":7.0},{"not_picked":["Noxious Fumes","Flechettes"],"picked":"Cloak And Dagger","floor":13.0},{"not_picked":["Flechettes","Backstab","Outmaneuver"],"picked":"SKIP","floor":14.0},{"not_picked":["Unload","Wraith Form v2"],"picked":"Venomology","floor":16.0},{"not_picked":["Dagger Spray+1","Heel Hook","Deadly Poison+1"],"picked":"SKIP","floor":18.0},{"not_picked":["Quick Slash","Flechettes+1"],"picked":"PiercingWail","floor":20.0},{"not_picked":["Flying Knee+1","Deflect","Poisoned Stab"],"picked":"SKIP","floor":22.0},{"not_picked":["All Out Attack","Cloak And Dagger","Burst"],"picked":"SKIP","floor":24.0},{"not_picked":["Backflip","PiercingWail","Caltrops+1"],"picked":"SKIP","floor":35},{"not_picked":["Dagger Throw","PiercingWail","Cloak And Dagger"],"picked":"SKIP","floor":38},{"not_picked":["Outmaneuver+1","Dodge and Roll","Acrobatics+1"],"picked":"SKIP","floor":41}],"player_experience":217884,"relics_obtained":[{"floor":7.0,"key":"HornCleat"},{"floor":9.0,"key":"Art of War"},{"floor":17.0,"key":"MawBank"},{"floor":17.0,"key":"Frozen Egg 2"},{"floor":17.0,"key":"Ice Cream"},{"floor":24.0,"key":"Tiny Chest"},{"floor":26.0,"key":"Shuriken"},{"floor":31,"key":"FossilizedHelix"},{"floor":43,"key":"Letter Opener"},{"floor":45,"key":"Bronze Scales"}],"event_choices":[{"damage_healed":0.0,"max_hp_gain":0.0,"max_hp_loss":0.0,"gold_gain":75.0,"event_name":"World of Goop","player_choice":"Gather Gold","floor":2.0,"gold_loss":0.0,"damage_taken":11.0},{"cards_removed":["Crippling Poison"],"damage_healed":0.0,"max_hp_gain":0.0,"max_hp_loss":0.0,"gold_gain":0.0,"event_name":"The Cleric","player_choice":"Card Removal","floor":5.0,"gold_loss":50.0,"damage_taken":0.0},{"cards_removed":["Strike_G"],"damage_healed":0.0,"max_hp_gain":0.0,"max_hp_loss":0.0,"gold_gain":0.0,"event_name":"Golden Wing","player_choice":"Card Removal","floor":10.0,"gold_loss":0.0,"damage_taken":7.0},{"damage_healed":0.0,"max_hp_gain":0.0,"max_hp_loss":0.0,"gold_gain":0.0,"event_name":"Addict","player_choice":"Obtained Relic","floor":19.0,"gold_loss":85.0,"damage_taken":0.0,"relics_obtained":["CaptainsWheel"]},{"damage_healed":0,"gold_gain":0,"player_choice":"Fight","damage_taken":0,"max_hp_gain":0,"max_hp_loss":0,"event_name":"Colosseum","floor":28,"gold_loss":0},{"damage_healed":0,"gold_gain":0,"player_choice":"Fled From Nobs","damage_taken":0,"max_hp_gain":0,"max_hp_loss":0,"event_name":"Colosseum","floor":28,"gold_loss":0},{"damage_healed":0,"gold_gain":0,"player_choice":"Inject Mutagens","damage_taken":0,"relics_obtained":["MutagenicStrength"],"max_hp_gain":0,"max_hp_loss":0,"event_name":"Drug Dealer","floor":29,"gold_loss":0},{"damage_healed":0,"gold_gain":0,"player_choice":"Copied","damage_taken":0,"max_hp_gain":0,"max_hp_loss":0,"event_name":"Duplicator","floor":30,"gold_loss":0,"cards_obtained":["Accuracy"]},{"damage_healed":0,"gold_gain":0,"player_choice":"Memory 1","damage_taken":0,"max_hp_gain":0,"max_hp_loss":0,"event_name":"SensoryStone","floor":37,"gold_loss":0},{"cards_removed":["Strike_G"],"damage_healed":0,"gold_gain":0,"player_choice":"Removed Attack","damage_taken":0,"max_hp_gain":0,"max_hp_loss":0,"event_name":"Falling","floor":39,"gold_loss":0},{"damage_healed":0,"gold_gain":0,"player_choice":"Forge","damage_taken":0,"max_hp_gain":0,"max_hp_loss":0,"event_name":"Accursed Blacksmith","floor":47,"gold_loss":0,"cards_upgraded":["Blade Dance"]}],"is_beta":false,"boss_relics":[{"not_picked":["Coffee Dripper","Cursed Key"],"picked":"Calling Bell"},{"not_picked":["Runic Pyramid","HoveringKite"],"picked":"Ring of the Serpent"}],"items_purged_floors":[36],"is_endless":false,"potions_floor_spawned":[3,7,16,20,22,41],"ascension_level":10}}