{"host":"7qoz5gmva6til3yp","time":1613311917,"event":{"mods":["2.2 Compatiblity","Astrologer","BaseMod","Minty Spire (QoL Compilation)","StSLib","SuperFastMode","Together in Spire"],"gold_per_floor":[115,115,130,149,164,177,177,205,205,215,231,231,50,61,61,61,61],"floor_reached":16,"language":"KOR","playtime":465,"items_purged":["Strike_R"],"score":106,"play_id":"824130de-0669-48d2-a42d-0baa4dea93df","local_time":"20210214231157","is_ascension_mode":false,"campfire_choices":[{"data":"Corruption","floor":7,"key":"SMITH"},{"data":"Dark Embrace","floor":12,"key":"SMITH"},{"data":"Bash","floor":15,"key":"SMITH"}],"circlet_count":0,"master_deck":["Strike_R","Strike_R","Strike_R","Defend_R","Defend_R","Defend_R","Defend_R","Bash+1","Shrug It Off","Limit Break","Heavy Blade","Corruption+1","Dark Embrace+1","Carnage","Feed"],"relics":["Burning Blood","Bag of Marbles","Regal Pillow","Self Forming Clay","Membership Card"],"acts_visited":["Exordium"],"potions_floor_usage":[14,14,14,14,16,16],"damage_taken":[{"damage":1,"enemies":"Cultist","floor":1,"turns":3},{"damage":2,"enemies":"Small Slimes","floor":3,"turns":4},{"damage":0,"enemies":"2 Louse","floor":4,"turns":3},{"damage":20,"enemies":"Large Slime","floor":5,"turns":8},{"damage":7,"enemies":"Looter","floor":6,"turns":3},{"damage":35,"enemies":"3 Sentries","floor":8,"turns":11},{"damage":17,"enemies":"Red Slaver","floor":10,"turns":5},{"damage":10,"enemies":"Lots of Slimes","floor":11,"turns":6},{"damage":6,"enemies":"Large Slime","floor":14,"turns":5},{"damage":49,"enemies":"Slime Boss","floor":16,"turns":11}],"seed_played":"3969339576561797082","potions_obtained":[{"floor":5,"key":"BloodPotion"},{"floor":8,"key":"EntropicBrew"},{"floor":11,"key":"Weak Potion"}],"is_trial":false,"path_per_floor":["M","?","M","M","M","M","R","E","T","M","M","R","$","M","R","B"],"character_chosen":"IRONCLAD","items_purchased":["Membership Card"],"campfire_rested":0,"item_purchase_floors":[13],"current_hp_per_floor":[80,80,80,80,66,65,65,36,36,25,21,21,21,40,40,0,0],"gold":61,"neow_bonus":"RANDOM_COMMON_RELIC","is_daily":false,"chose_seed":false,"campfire_upgraded":3,"win_rate":0.0,"timestamp":1613311917,"path_taken":["M","?","M","M","M","M","R","E","T","M","M","R","$","?","R","BOSS"],"items_purchased_type":["Relic"],"build_version":"2020-12-22","purchased_purges":1,"victory":false,"max_hp_per_floor":[80,80,80,80,80,80,80,80,80,80,80,80,80,83,83,86,86],"card_choices":[{"not_picked":["Pommel Strike","Feel No Pain"],"picked":"Shrug It Off","floor":1},{"not_picked":["Twin Strike","Flex"],"picked":"Heavy Blade","floor":3},{"not_picked":["Rampage","Iron Wave","Pummel"],"picked":"SKIP","floor":4},{"not_picked":["Sword Boomerang","Rage","Clothesline"],"picked":"SKIP","floor":5},{"not_picked":["Flame Barrier","Metallicize"],"picked":"Corruption","floor":6},{"not_picked":["Second Wind","Fire Breathing"],"picked":"Dark Embrace","floor":8},{"not_picked":["Twin Strike","Thunderclap"],"picked":"Carnage","floor":10},{"not_picked":["Heavy Blade","Cleave"],"picked":"Feed","floor":11},{"not_picked":["Clothesline","Sword Boomerang","Armaments"],"picked":"SKIP","floor":14}],"player_experience":501745,"relics_obtained":[{"floor":8,"key":"Regal Pillow"},{"floor":9,"key":"Self Forming Clay"}],"event_choices":[{"damage_healed":0,"gold_gain":0,"cards_transformed":["Strike_R"],"player_choice":"Transformed","damage_taken":0,"max_hp_gain":0,"max_hp_loss":0,"event_name":"Transmorgrifier","floor":2,"gold_loss":0,"cards_obtained":["Limit Break"]}],"is_beta":false,"boss_relics":[],"items_purged_floors":[13],"is_endless":false,"potions_floor_spawned":[5,8,11],"killed_by":"Slime Boss","ascension_level":0}}