{"host":"BK","time":1613268918,"event":{"mods":["BaseMod","Highlight Path","Minty Spire (QoL Compilation)","StSLib"],"gold_per_floor":[18,28,48,67,85,85,116,116,161,161,240,259,259,259,259,336,336,355,107,126,140,140,140,173,173,197,212,212,240,250,250,250],"floor_reached":31,"language":"ENG","playtime":1516,"items_purged":["Strike_G"],"score":654,"play_id":"1a3d9267-94fc-400f-ade9-65300d1c5145","local_time":"20210213191518","is_ascension_mode":true,"campfire_choices":[{"floor":6.0,"key":"REST"},{"data":"Crippling Poison","floor":8.0,"key":"SMITH"},{"floor":13.0,"key":"REST"},{"data":"Malaise","floor":15.0,"key":"SMITH"},{"floor":23,"key":"REST"},{"floor":25,"key":"REST"},{"floor":28,"key":"REST"}],"circlet_count":0,"master_deck":["AscendersBane","Strike_G","Strike_G","Strike_G","Strike_G","Defend_G","Defend_G","Defend_G","Defend_G","Defend_G","Survivor","Neutralize","Venomology","Crippling Poison+1","All Out Attack","Flying Knee","Predator","Malaise+1","Corpse Explosion","Acrobatics","Calculated Gamble+1","Deadly Poison"],"relics":["Ring of the Snake","Vajra","Bag of Marbles","Velvet Choker","Chemical X","Molten Egg 2","MealTicket","Snake Skull"],"acts_visited":["Exordium","TheCity"],"potions_floor_usage":[16,16,16,20,21,24,27,29,29,29,31],"damage_taken":[{"damage":3.0,"enemies":"Cultist","floor":1.0,"turns":5.0},{"damage":1.0,"enemies":"Jaw Worm","floor":2.0,"turns":6.0},{"damage":1.0,"enemies":"Small Slimes","floor":3.0,"turns":3.0},{"damage":14.0,"enemies":"Gremlin Gang","floor":4.0,"turns":4.0},{"damage":7.0,"enemies":"2 Fungi Beasts","floor":5.0,"turns":3.0},{"damage":39.0,"enemies":"Lagavulin","floor":7.0,"turns":7.0},{"damage":11.0,"enemies":"Exordium Wildlife","floor":12.0,"turns":5.0},{"damage":9,"enemies":"Hexaghost","floor":16,"turns":10},{"damage":14,"enemies":"2 Thieves","floor":18,"turns":4},{"damage":8,"enemies":"Chosen","floor":20,"turns":6},{"damage":18,"enemies":"Centurion and Healer","floor":21,"turns":7},{"damage":20,"enemies":"Book of Stabbing","floor":24,"turns":8},{"damage":32,"enemies":"Snake Plant","floor":27,"turns":5},{"damage":0,"enemies":"Gremlin Leader","floor":29,"turns":7},{"damage":0,"enemies":"Cultist and Chosen","floor":30,"turns":4},{"damage":35,"enemies":"Book of Stabbing","floor":31,"turns":7}],"seed_played":"4004386993129795538","potions_obtained":[{"floor":12.0,"key":"AttackPotion"},{"floor":16,"key":"Regen Potion"},{"floor":27,"key":"Energy Potion"},{"floor":30,"key":"Block Potion"}],"is_trial":false,"path_per_floor":["M","M","M","M","M","R","E","R","T","?","?","M","R","?","R","B",null,"M","$","M","M","?","R","E","R","T","M","R","E","M","E"],"character_chosen":"THE_SILENT","items_purchased":["Chemical X"],"campfire_rested":5,"item_purchase_floors":[19],"current_hp_per_floor":[56,55,54,40,33,52,13,13,13,13,13,2,21,21,21,12,53,39,39,46,28,28,47,27,46,46,14,33,33,33,0,0],"gold":250,"neow_bonus":"THREE_RARE_CARDS","is_daily":false,"chose_seed":false,"campfire_upgraded":2,"win_rate":0.0,"timestamp":1613268918,"path_taken":["M","M","M","?","M","R","E","R","T","?","?","M","R","?","R","BOSS","M","$","M","M","?","R","E","R","T","M","R","E","M","E"],"items_purchased_type":["Relic"],"build_version":"2020-12-18","purchased_purges":1,"victory":false,"max_hp_per_floor":[66,66,66,66,66,66,66,66,66,66,66,66,66,66,66,66,66,66,66,66,66,66,66,66,66,66,66,66,66,66,66,66],"card_choices":[{"not_picked":["Phantasmal Killer","Burst"],"picked":"Venomology","floor":0.0},{"not_picked":["Endless Agony","Acrobatics"],"picked":"Crippling Poison","floor":1.0},{"not_picked":["Prepared","Deadly Poison"],"picked":"All Out Attack","floor":2.0},{"not_picked":["Masterful Stab","All Out Attack"],"picked":"Flying Knee","floor":3.0},{"not_picked":["Bane","Acrobatics"],"picked":"Predator","floor":4.0},{"not_picked":["Blade Dance","Cloak And Dagger","Terror"],"picked":"SKIP","floor":5.0},{"not_picked":["Backflip","Doppelganger"],"picked":"Malaise","floor":7.0},{"not_picked":["Accuracy","Outmaneuver","Underhanded Strike"],"picked":"SKIP","floor":12.0},{"not_picked":["Phantasmal Killer","Malaise"],"picked":"Corpse Explosion","floor":16},{"not_picked":["Escape Plan","Flying Knee"],"picked":"Acrobatics","floor":18},{"not_picked":["Dagger Throw","Accuracy","Cloak And Dagger"],"picked":"SKIP","floor":20},{"not_picked":["Quick Slash","Dagger Throw","Deflect"],"picked":"SKIP","floor":21},{"not_picked":["Bane+1","Setup","Dodge and Roll"],"picked":"SKIP","floor":24},{"not_picked":["Cloak And Dagger","Flying Knee+1","Escape Plan"],"picked":"SKIP","floor":27},{"not_picked":["Deadly Poison","Dagger Spray+1"],"picked":"Calculated Gamble+1","floor":29},{"not_picked":["Distraction","Deflect"],"picked":"Deadly Poison","floor":30}],"player_experience":2570569,"relics_obtained":[{"floor":7.0,"key":"Vajra"},{"floor":9.0,"key":"Bag of Marbles"},{"floor":24,"key":"Molten Egg 2"},{"floor":26,"key":"MealTicket"},{"floor":29,"key":"Snake Skull"}],"event_choices":[{"damage_healed":0.0,"max_hp_gain":0.0,"max_hp_loss":0.0,"gold_gain":0.0,"event_name":"Scrap Ooze","player_choice":"Fled","floor":10.0,"gold_loss":0.0,"damage_taken":0.0},{"damage_healed":0.0,"max_hp_gain":0.0,"max_hp_loss":0.0,"gold_gain":79.0,"event_name":"Golden Wing","player_choice":"Gained Gold","floor":11.0,"gold_loss":0.0,"damage_taken":0.0},{"damage_healed":0.0,"max_hp_gain":0.0,"max_hp_loss":0.0,"gold_gain":0.0,"event_name":"Liars Game","player_choice":"Ignored","floor":14.0,"gold_loss":0.0,"damage_taken":0.0},{"damage_healed":0,"gold_gain":0,"player_choice":"Got Potions","damage_taken":0,"max_hp_gain":0,"max_hp_loss":0,"event_name":"Lab","floor":22,"gold_loss":0}],"is_beta":true,"boss_relics":[{"not_picked":["HoveringKite","Calling Bell"],"picked":"Velvet Choker"}],"items_purged_floors":[19],"is_endless":false,"potions_floor_spawned":[2,7,12,16,20,24,27,30],"killed_by":"Book of Stabbing","ascension_level":20}}