{"host":"lv7etzzgwahaenh9","time":1613266750,"event":{"mods":["AchievementEnabler","BaseMod","Colored Map","Colored Powertips","Highlight Path","Minty Spire (QoL Compilation)","Permanent Neow","Quick Restart","Random Character Button","StSLib"],"gold_per_floor":[111,111,111,186,186,217,217,257,257,257,257,280,298,336,336,460,460,481,110,130,230,243,287,287,326,408,426,426,440,474,543,543,671,671,685,208,229,292,313,347,347,347,399,418,459,474,60,0,0,0,0,0,0,36,36,36],"floor_reached":55,"language":"ENG","playtime":2925,"items_purged":["Parasite","Strike_P","Strike_P"],"score":1136,"play_id":"8467a096-c1a7-4039-8030-83941b5b8ddc","local_time":"20210213173910","is_ascension_mode":true,"campfire_choices":[{"floor":7.0,"key":"REST"},{"data":"Apotheosis","floor":11.0,"key":"SMITH"},{"data":"BattleHymn","floor":15.0,"key":"SMITH"},{"data":"Vault","floor":24.0,"key":"SMITH"},{"floor":32.0,"key":"REST"},{"data":"Establishment","floor":41,"key":"SMITH"},{"floor":49,"key":"RECALL"},{"data":"BowlingBash","floor":52,"key":"SMITH"}],"circlet_count":0,"master_deck":["Strike_P","Strike_P","Defend_P","Defend_P","Defend_P","Eruption","Vigilance","Apotheosis+1","CrushJoints","Scrawl","BattleHymn+1","BowlingBash+1","CutThroughFate","Vault+1","Crescendo+1","InnerPeace+1","ThirdEye+1","FlurryOfBlows+1","Protect+1","Evaluate+1","EmptyMind+1","Wallop+1","Establishment+1","Protect+1","ClearTheMind+1","ThirdEye+1","Evaluate+1","Swivel+1","Worship+1"],"relics":["PureWater","Golden Idol","Bronze Scales","Juzu Bracelet","Letter Opener","Art of War","HornCleat","SlaversCollar","Toxic Egg 2","Meat on the Bone","Kunai","Pear","Ancient Tea Set","Busted Crown","Regal Pillow","Lee\u0027s Waffle","FossilizedHelix","Toy Ornithopter","Potion Belt","Omamori","Membership Card","White Beast Statue","Bag of Preparation","Red Mask","Akabeko"],"acts_visited":["Exordium","TheCity","TheBeyond","TheEnding"],"potions_floor_usage":[55,55],"damage_taken":[{"damage":0.0,"enemies":"2 Louse","floor":1.0,"turns":2.0},{"damage":16.0,"enemies":"3 Sentries","floor":6.0,"turns":8.0},{"damage":25.0,"enemies":"Gremlin Nob","floor":8.0,"turns":4.0},{"damage":0.0,"enemies":"Jaw Worm","floor":13.0,"turns":3.0},{"damage":0.0,"enemies":"Lagavulin","floor":14.0,"turns":3.0},{"damage":4.0,"enemies":"Hexaghost","floor":16.0,"turns":6.0},{"damage":7.0,"enemies":"Shell Parasite","floor":18.0,"turns":3.0},{"damage":0.0,"enemies":"3 Byrds","floor":20.0,"turns":2.0},{"damage":4.0,"enemies":"Centurion and Healer","floor":22.0,"turns":3.0},{"damage":0.0,"enemies":"Gremlin Leader","floor":23.0,"turns":4.0},{"damage":7.0,"enemies":"Book of Stabbing","floor":25.0,"turns":3.0},{"damage":3.0,"enemies":"Cultist and Chosen","floor":27.0,"turns":3.0},{"damage":7.0,"enemies":"Snake Plant","floor":29.0,"turns":3.0},{"damage":2.0,"enemies":"Gremlin Leader","floor":30.0,"turns":3.0},{"damage":18.0,"enemies":"Champ","floor":33.0,"turns":6.0},{"damage":11.0,"enemies":"Orb Walker","floor":35.0,"turns":3.0},{"damage":6.0,"enemies":"3 Shapes","floor":37.0,"turns":2.0},{"damage":12.0,"enemies":"Mind Bloom Boss Battle","floor":38.0,"turns":4.0},{"damage":0.0,"enemies":"Transient","floor":39.0,"turns":5.0},{"damage":0.0,"enemies":"Nemesis","floor":40.0,"turns":6.0},{"damage":0,"enemies":"4 Shapes","floor":44,"turns":5},{"damage":0,"enemies":"Giant Head","floor":45,"turns":7},{"damage":4,"enemies":"Spire Growth","floor":46,"turns":7},{"damage":6,"enemies":"Awakened One","floor":50,"turns":10},{"damage":26,"enemies":"Shield and Spear","floor":54,"turns":7},{"damage":96,"enemies":"The Heart","floor":55,"turns":6}],"seed_played":"8802960344749593034","potions_obtained":[{"floor":1.0,"key":"BlessingOfTheForge"},{"floor":13.0,"key":"ColorlessPotion"},{"floor":16.0,"key":"BottledMiracle"},{"floor":23.0,"key":"SteroidPotion"},{"floor":27.0,"key":"StancePotion"},{"floor":30.0,"key":"SkillPotion"},{"floor":38.0,"key":"GamblersBrew"},{"floor":44,"key":"EssenceOfSteel"},{"floor":46,"key":"Ancient Potion"},{"floor":54,"key":"LiquidBronze"}],"is_trial":false,"path_per_floor":["M","?","?","?","?","E","R","E","T","?","R","T","M","E","R","B",null,"M","$","M","?","M","E","R","E","T","M","?","M","E","T","R","B",null,"M","$","M","?","M","E","R","?","T","M","E","M","$","?","R","B",null,"R","$","E","B"],"character_chosen":"WATCHER","items_purchased":["Toxic Egg 2","InnerPeace+1","Protect+1","ClearTheMind+1","Regal Pillow","Lee\u0027s Waffle","Membership Card","White Beast Statue","Bag of Preparation"],"campfire_rested":2,"item_purchase_floors":[19,19,36,36,36,36,47,47,47],"current_hp_per_floor":[65,70,63,52,35,19,40,15,15,32,32,32,32,32,32,28,60,53,53,53,53,49,49,49,42,52,49,42,47,45,45,68,50,70,59,84,78,66,66,66,66,66,66,66,66,62,62,62,62,56,77,77,77,51,0,0],"gold":36,"neow_bonus":"RANDOM_COLORLESS_2","is_daily":false,"chose_seed":false,"campfire_upgraded":5,"win_rate":0.0,"timestamp":1613266750,"path_taken":["M","?","?","?","?","E","R","E","T","?","R","?","M","E","R","BOSS","M","$","M","?","M","E","R","E","T","M","?","M","E","?","R","BOSS","M","$","M","?","M","E","R","?","T","M","E","M","$","?","R","BOSS","R","$","E","BOSS"],"items_purchased_type":["Relic","Card","Card","Card","Relic","Relic","Relic","Relic","Relic"],"build_version":"2020-12-22","purchased_purges":3,"victory":false,"max_hp_per_floor":[65,70,70,70,70,70,70,70,70,70,70,70,70,70,70,70,70,70,67,67,67,67,67,67,67,77,77,77,77,77,77,77,77,77,77,84,84,84,84,84,84,84,84,84,84,84,84,84,84,84,84,84,84,84,84,84],"card_choices":[{"not_picked":["Chrysalis","Thinking Ahead"],"picked":"Apotheosis","floor":0.0},{"not_picked":["PathToVictory","Prostrate"],"picked":"CrushJoints","floor":1.0},{"not_picked":["WreathOfFlame","Weave"],"picked":"Scrawl","floor":6.0},{"not_picked":["Tantrum","DeusExMachina"],"picked":"BattleHymn","floor":8.0},{"not_picked":["SignatureMove","FlyingSleeves"],"picked":"BowlingBash","floor":13.0},{"not_picked":["JustLucky","BowlingBash"],"picked":"CutThroughFate","floor":14.0},{"not_picked":["DevaForm","Omniscience"],"picked":"Vault","floor":16.0},{"not_picked":["EmptyBody+1","Tantrum+1"],"picked":"Crescendo+1","floor":18.0},{"not_picked":["CrushJoints","Nirvana+1"],"picked":"ThirdEye+1","floor":20.0},{"not_picked":["Conclude","ReachHeaven"],"picked":"FlurryOfBlows+1","floor":22.0},{"not_picked":["Scrawl+1","WindmillStrike"],"picked":"Protect+1","floor":23.0},{"not_picked":["MentalFortress","FollowUp","FlyingSleeves"],"picked":"SKIP","floor":25.0},{"not_picked":["Pray+1","FlyingSleeves"],"picked":"Evaluate+1","floor":27.0},{"not_picked":["FollowUp","EmptyBody+1"],"picked":"EmptyMind+1","floor":29.0},{"not_picked":["WheelKick+1","Fasting2"],"picked":"Wallop+1","floor":30.0},{"not_picked":["Blasphemy+1","LessonLearned"],"picked":"Establishment","floor":33.0},{"not_picked":["FlyingSleeves+1"],"picked":"SKIP","floor":35.0},{"not_picked":["CrushJoints"],"picked":"SKIP","floor":37.0},{"not_picked":[],"picked":"ThirdEye+1","floor":38.0},{"not_picked":[],"picked":"Evaluate+1","floor":39.0},{"not_picked":["EmptyMind+1"],"picked":"SKIP","floor":40.0},{"not_picked":["FearNoEvil"],"picked":"SKIP","floor":44},{"not_picked":[],"picked":"Swivel+1","floor":45},{"not_picked":[],"picked":"Worship+1","floor":46},{"not_picked":["FlurryOfBlows+1"],"picked":"SKIP","floor":54}],"player_experience":377913,"relics_obtained":[{"floor":6.0,"key":"Bronze Scales"},{"floor":8.0,"key":"Juzu Bracelet"},{"floor":9.0,"key":"Letter Opener"},{"floor":12.0,"key":"Art of War"},{"floor":14.0,"key":"HornCleat"},{"floor":23.0,"key":"Meat on the Bone"},{"floor":25.0,"key":"Kunai"},{"floor":26.0,"key":"Pear"},{"floor":30.0,"key":"Ancient Tea Set"},{"floor":38.0,"key":"FossilizedHelix"},{"floor":40.0,"key":"Toy Ornithopter"},{"floor":43,"key":"Potion Belt"},{"floor":45,"key":"Omamori"},{"floor":54,"key":"Akabeko"}],"event_choices":[{"damage_healed":0.0,"max_hp_gain":5.0,"max_hp_loss":0.0,"gold_gain":0.0,"event_name":"Big Fish","player_choice":"Donut","floor":2.0,"gold_loss":0.0,"damage_taken":0.0},{"cards_removed":["Defend_P"],"damage_healed":0.0,"max_hp_gain":0.0,"max_hp_loss":0.0,"gold_gain":0.0,"event_name":"Golden Wing","player_choice":"Card Removal","floor":3.0,"gold_loss":0.0,"damage_taken":7.0},{"damage_healed":0.0,"max_hp_gain":0.0,"max_hp_loss":0.0,"gold_gain":75.0,"event_name":"World of Goop","player_choice":"Gather Gold","floor":4.0,"gold_loss":0.0,"damage_taken":11.0},{"damage_healed":0.0,"max_hp_gain":0.0,"max_hp_loss":0.0,"gold_gain":0.0,"event_name":"Golden Idol","player_choice":"Take Damage","floor":5.0,"gold_loss":0.0,"damage_taken":17.0,"relics_obtained":["Golden Idol"]},{"damage_healed":17.0,"max_hp_gain":0.0,"max_hp_loss":0.0,"gold_gain":0.0,"event_name":"Mushrooms","player_choice":"Healed and dodged fight","floor":10.0,"gold_loss":0.0,"damage_taken":0.0,"cards_obtained":["Parasite"]},{"damage_healed":0.0,"max_hp_gain":0.0,"max_hp_loss":0.0,"gold_gain":100.0,"event_name":"Golden Shrine","player_choice":"Pray","floor":21.0,"gold_loss":0.0,"damage_taken":0.0},{"damage_healed":0.0,"max_hp_gain":0.0,"max_hp_loss":0.0,"gold_gain":0.0,"event_name":"Wheel of Change","player_choice":"Damaged","floor":28.0,"gold_loss":0.0,"damage_taken":7.0},{"damage_healed":0.0,"max_hp_gain":0.0,"max_hp_loss":0.0,"gold_gain":0.0,"event_name":"MindBloom","player_choice":"Fight","floor":38.0,"gold_loss":0.0,"damage_taken":0.0},{"damage_healed":0,"gold_gain":0,"player_choice":"Memory 1","damage_taken":0,"max_hp_gain":0,"max_hp_loss":0,"event_name":"SensoryStone","floor":42,"gold_loss":0},{"damage_healed":0,"gold_gain":0,"player_choice":"Paid","damage_taken":0,"relics_obtained":["Red Mask"],"max_hp_gain":0,"max_hp_loss":0,"event_name":"Tomb of Lord Red Mask","floor":48,"gold_loss":60}],"is_beta":false,"boss_relics":[{"not_picked":["Tiny House","SacredBark"],"picked":"SlaversCollar"},{"not_picked":["Philosopher\u0027s Stone","Calling Bell"],"picked":"Busted Crown"}],"items_purged_floors":[19,36,47],"is_endless":false,"potions_floor_spawned":[1,13,16,23,27,30,38,44,46,54],"killed_by":"The Heart","ascension_level":5}}