{"host":"cpsutu8lprjuipd6","time":1613317246,"event":{"mods":["BaseMod","Colored Map","Minty Spire (QoL Compilation)","Permanent Neow","StSLib","SuperFastMode","The Bug Knight","Together in Spire"],"gold_per_floor":[110,185,195,209,209,209,243,142,188,205,225,225,240,264,264,395,395,414,209,209,230,243,243,266,266,266,297,297,297],"floor_reached":28,"language":"KOR","playtime":2163,"items_purged":["HollowMod:QuickDashStart"],"score":242,"play_id":"020c1e24-8213-415b-82ce-98e7a75ad285","local_time":"20210215004046","is_ascension_mode":false,"campfire_choices":[{"data":"HollowMod:NewJinnsSoul","floor":6,"key":"SMITH"},{"floor":15,"key":"REST"},{"floor":23,"key":"REST"},{"floor":25,"key":"REST"}],"circlet_count":0,"master_deck":["HollowMod:NailStrikeStart","HollowMod:NailStrikeStart","HollowMod:NailStrikeStart","HollowMod:NailStrikeStart","HollowMod:QuickDashStart","HollowMod:QuickDashStart","HollowMod:QuickDashStart","HollowMod:FocusHealStart","HollowMod:PogoStrike","Madness","HollowMod:NewJinnsSoul","HollowMod:NewJinnsSoul+1","HollowMod:BrokenVessel+1","HollowMod:NewGlowingWomb","HollowMod:InfectedAttack","HollowMod:InfectedCysts","HollowMod:DashSlash","Injury","HollowMod:DescendingDark","HollowMod:NewInfectedGuardian","HollowMod:DoubleDash+1","HollowMod:InfectedAttack","HollowMod:MothsMistake","HollowMod:InfectedAttack","HollowMod:NewLittleFool","HollowMod:HuntersJournal+1","HollowMod:QuirrelsAssistance+1"],"relics":["HollowMod:VesselMask","Oddly Smooth Stone","Bag of Marbles","Golden Idol","SacredBark","TheAbacus","Bottled Tornado","Bottled Flame"],"acts_visited":["Exordium","TheCity"],"potions_floor_usage":[16,16,18,22,22,27,28],"damage_taken":[{"damage":0,"enemies":"Small Slimes","floor":1,"turns":4},{"damage":2,"enemies":"Jaw Worm","floor":3,"turns":6},{"damage":3,"enemies":"Cultist","floor":4,"turns":5},{"damage":29,"enemies":"3 Sentries","floor":7,"turns":13},{"damage":13,"enemies":"Looter","floor":10,"turns":3},{"damage":13,"enemies":"Blue Slaver","floor":11,"turns":3},{"damage":0,"enemies":"Lots of Slimes","floor":13,"turns":1},{"damage":0,"enemies":"3 Louse","floor":14,"turns":1},{"damage":53,"enemies":"HollowMod:FalseKnight","floor":16,"turns":11},{"damage":41,"enemies":"Spheric Guardian","floor":18,"turns":6},{"damage":15,"enemies":"Shell Parasite","floor":21,"turns":7},{"damage":0,"enemies":"3 Cultists","floor":22,"turns":5},{"damage":12,"enemies":"Cultist and Chosen","floor":24,"turns":6},{"damage":39,"enemies":"Book of Stabbing","floor":27,"turns":6},{"damage":32,"enemies":"Sentry and Sphere","floor":28,"turns":6}],"seed_played":"468103269522976584","potions_obtained":[{"floor":11,"key":"ColorlessPotion"},{"floor":13,"key":"BlessingOfTheForge"},{"floor":14,"key":"Block Potion"},{"floor":16,"key":"GamblersBrew"},{"floor":18,"key":"Weak Potion"},{"floor":21,"key":"ColorlessPotion"},{"floor":24,"key":"Block Potion"}],"is_trial":false,"path_per_floor":["M","?","M","M","?","R","E","$","T","M","M","?","M","M","R","B",null,"M","$","?","M","M","R","M","R","T","E","M"],"character_chosen":"THE_BUGKNIGHT","items_purchased":["HollowMod:InfectedAttack","HollowMod:InfectedAttack","TheAbacus"],"campfire_rested":3,"item_purchase_floors":[8,19,19],"current_hp_per_floor":[75,64,72,73,73,73,56,56,56,43,30,30,30,30,52,11,75,34,34,34,19,19,41,29,51,51,18,0,0],"gold":297,"neow_bonus":"RANDOM_COLORLESS","is_daily":false,"chose_seed":false,"campfire_upgraded":1,"win_rate":0.0,"timestamp":1613317246,"path_taken":["M","?","M","M","?","R","E","$","T","M","?","?","M","M","R","BOSS","M","$","?","M","M","R","M","R","T","E","M"],"items_purchased_type":["Card","Card","Relic"],"build_version":"2020-12-22","purchased_purges":1,"victory":false,"max_hp_per_floor":[75,75,75,75,75,75,75,75,75,75,75,75,75,75,75,75,75,75,75,75,75,75,75,75,75,75,75,75,75],"card_choices":[{"not_picked":["Panacea","Impatience"],"picked":"Madness","floor":0},{"not_picked":["HollowMod:VengefulVoid","HollowMod:DungDefenderAura"],"picked":"HollowMod:NewJinnsSoul","floor":1},{"not_picked":["HollowMod:MantisMark","HollowMod:GreatSlash"],"picked":"HollowMod:NewJinnsSoul","floor":3},{"not_picked":["HollowMod:SiblingsSouls","HollowMod:PureNailStrike"],"picked":"HollowMod:BrokenVessel","floor":4},{"not_picked":["HollowMod:NewJinnsSoul","HollowMod:Grubsong"],"picked":"HollowMod:NewGlowingWomb","floor":7},{"not_picked":["HollowMod:SoulVessel","HollowMod:DoubleDash"],"picked":"HollowMod:InfectedCysts","floor":10},{"not_picked":["HollowMod:GoodIntentions","HollowMod:WraithStrike"],"picked":"HollowMod:DashSlash","floor":11},{"not_picked":["HollowMod:SoulStrike","HollowMod:GrimmsGift","HollowMod:WraithStrike"],"picked":"SKIP","floor":13},{"not_picked":["HollowMod:SoulShaman","HollowMod:PureNailStrike"],"picked":"HollowMod:DescendingDark","floor":14},{"not_picked":["HollowMod:SlysStrikes","HollowMod:ZotesMagnificence"],"picked":"HollowMod:NewInfectedGuardian","floor":16},{"not_picked":["HollowMod:FallenFury","HollowMod:CycloneSlash+1"],"picked":"HollowMod:DoubleDash+1","floor":18},{"not_picked":["HollowMod:DescendingDark+1","HollowMod:NewLittleFool"],"picked":"HollowMod:InfectedAttack","floor":21},{"not_picked":["HollowMod:VengefulSpirit","HollowMod:SoulStrike"],"picked":"HollowMod:NewLittleFool","floor":22},{"not_picked":["HollowMod:SharpenedShadows","HollowMod:VengefulVoid"],"picked":"HollowMod:HuntersJournal+1","floor":24},{"not_picked":["HollowMod:QuirrelsAssistance+1","HollowMod:DescendingDark+1","HollowMod:VengefulVoid"],"picked":"SKIP","floor":27},{"not_picked":["HollowMod:DescendingDark+1","HollowMod:VengefulVoid"],"picked":"HollowMod:QuirrelsAssistance+1","floor":27}],"player_experience":71407,"relics_obtained":[{"floor":7,"key":"Oddly Smooth Stone"},{"floor":9,"key":"Bag of Marbles"},{"floor":26,"key":"Bottled Tornado"},{"floor":27,"key":"Bottled Flame"}],"event_choices":[{"damage_healed":0,"gold_gain":75,"player_choice":"Gather Gold","damage_taken":11,"max_hp_gain":0,"max_hp_loss":0,"event_name":"World of Goop","floor":2,"gold_loss":0},{"damage_healed":0,"gold_gain":0,"player_choice":"Forge","damage_taken":0,"max_hp_gain":0,"max_hp_loss":0,"event_name":"Accursed Blacksmith","floor":5,"gold_loss":0,"cards_upgraded":["HollowMod:BrokenVessel"]},{"damage_healed":0,"gold_gain":0,"player_choice":"Take Wound","damage_taken":0,"relics_obtained":["Golden Idol"],"max_hp_gain":0,"max_hp_loss":0,"event_name":"Golden Idol","floor":12,"gold_loss":0,"cards_obtained":["Injury"]},{"damage_healed":0,"gold_gain":0,"player_choice":"Read","damage_taken":0,"max_hp_gain":0,"max_hp_loss":0,"event_name":"The Library","floor":20,"gold_loss":0,"cards_obtained":["HollowMod:MothsMistake"]}],"is_beta":false,"boss_relics":[{"not_picked":["Snecko Eye","Runic Dome"],"picked":"SacredBark"}],"items_purged_floors":[8],"is_endless":false,"potions_floor_spawned":[11,13,14,16,18,21,24],"killed_by":"Sentry and Sphere","ascension_level":0}}