{"host":"nnevpry6tnmpwasb","time":1613296008,"event":{"mods":["2.2 Compatiblity","AchievementEnabler","BaseMod","Beaked The Cultist","Colored Map","Downfall","Hermit","Highlight Path","Koishi","Minty Spire (QoL Compilation)","StSLib","The Alterego","The Necromancer"],"gold_per_floor":[99,114,289,289,289,321,401,435,435,435,464,483,383,383,395,499,499,499,499,499,519,531,543,543,543,9,9,25,25,44,76,96,197,197,197,213,228,328,328,339,363,413,413,441,663,689,717,717,452,452,452,486,43,43,43,43],"floor_reached":57,"language":"ENG","playtime":5807,"items_purged":["downfall:Bewildered","Normality"],"score":1421,"play_id":"0ff1d17c-ce3b-4e38-81d0-97643d9c4611","local_time":"20210214044648","is_ascension_mode":false,"campfire_choices":[{"data":"bronze:Replicate","floor":1,"key":"SMITH"},{"floor":10,"key":"REST"},{"floor":13,"key":"REST"},{"data":"bronze:Verify","floor":18,"key":"SMITH"},{"floor":25,"key":"REST"},{"data":"bronze:Iterate","floor":27,"key":"SMITH"},{"data":"expansioncontent:QuickStudy","floor":29,"key":"SMITH"},{"data":"1","floor":35,"key":"LIFT"},{"data":"2","floor":43,"key":"LIFT"},{"data":"3","floor":54,"key":"LIFT"}],"circlet_count":0,"master_deck":["bronze:Strike","bronze:Strike","bronze:Defend","bronze:Defend","bronze:Defend","bronze:Defend","bronze:Replicate+1","bronze:Goto","bronze:Verify+1","bronze:ChildClass","bronze:Iterate+1","bronze:Frontload","bronze:Turbo","bronze:ChosenStrike+1","bronze:DelayedGuard","bronze:Overload","bronze:Repulsor","bronze:Optimize+1","bronze:Repair","bronze:Iterate","expansioncontent:QuickStudy+1","bronze:Flail","bronze:ClassDefault+1","bronze:Verify+1","CurseOfTheBell","bronze:WhirlingStrike","Regret","bronze:Verify+1","bronze:Shell+1","Decay","bronze:Boost","bronze:GetLatest+1","Pain","Decay","bronze:Flail","expansioncontent:AwakenDeath+1","bronze:Fortify+1","bronze:WhirlingStrike+1","expansioncontent:DashGenerateEvil"],"relics":["bronze:BronzeCore","Du-Vu Doll","Kunai","Mummified Hand","Bag of Marbles","downfall:HeartBlessingGreen","Philosopher\u0027s Stone","sneckomod:BabySnecko","Frozen Egg 2","Bird Faced Urn","downfall:RedIOU","Orichalcum","Letter Opener","Calling Bell","Toy Ornithopter","HornCleat","Girya","downfall:ExtraCursedKey","Ancient Tea Set","FossilizedHelix","Lantern","Red Mask","Nunchaku","Blood Vial","Gambling Chip","bronze:BottledCode","Bottled Flame","Vajra"],"acts_visited":["Exordium","TheCity","TheBeyond","TheEnding"],"potions_floor_usage":[33,33,33,44,50,50,56],"damage_taken":[{"damage":3,"enemies":"2 Louse","floor":2,"turns":5},{"damage":36,"enemies":"Lagavulin","floor":6,"turns":8},{"damage":41,"enemies":"3 Sentries","floor":8,"turns":11},{"damage":9,"enemies":"Gremlin Nob","floor":11,"turns":5},{"damage":5,"enemies":"Small Slimes","floor":12,"turns":3},{"damage":11,"enemies":"Jaw Worm","floor":15,"turns":3},{"damage":5,"enemies":"SI_SHIV_ARCHETYPE","floor":16,"turns":16},{"damage":24,"enemies":"3 Byrds","floor":21,"turns":5},{"damage":12,"enemies":"Chosen","floor":22,"turns":5},{"damage":2,"enemies":"Shelled Parasite and Fungi","floor":23,"turns":4},{"damage":3,"enemies":"downfall:FleeingMerchant","floor":26,"turns":4},{"damage":3,"enemies":"Snecko","floor":28,"turns":4},{"damage":0,"enemies":"3 Cultists","floor":30,"turns":4},{"damage":13,"enemies":"Book of Stabbing","floor":31,"turns":4},{"damage":6,"enemies":"Cultist and Chosen","floor":32,"turns":4},{"damage":12,"enemies":"DF_ARCHETYPE_CLAW","floor":33,"turns":6},{"damage":6,"enemies":"3 Shapes","floor":36,"turns":4},{"damage":13,"enemies":"3 Darklings","floor":37,"turns":4},{"damage":5,"enemies":"Sphere and 2 Shapes","floor":40,"turns":2},{"damage":0,"enemies":"Sphere and 2 Shapes","floor":42,"turns":5},{"damage":10,"enemies":"Reptomancer","floor":44,"turns":3},{"damage":0,"enemies":"Nemesis","floor":47,"turns":1},{"damage":0,"enemies":"Writhing Mass","floor":49,"turns":2},{"damage":5,"enemies":"2 Orb Walkers","floor":49,"turns":1},{"damage":61,"enemies":"IC_BLOCK_ARCHETYPE","floor":50,"turns":9},{"damage":34,"enemies":"downfall:CharBossMerchant","floor":52,"turns":6},{"damage":30,"enemies":"downfall:NeowBoss","floor":55,"turns":8},{"damage":47,"enemies":"downfall:NeowBossFinal","floor":56,"turns":10}],"seed_played":"-2677968333874141946","potions_obtained":[{"floor":11,"key":"Ancient Potion"},{"floor":15,"key":"hexamod:SoulburnPotion"},{"floor":16,"key":"Swift Potion"},{"floor":22,"key":"SkillPotion"},{"floor":29,"key":"CultistPotion"},{"floor":31,"key":"EssenceOfSteel"},{"floor":33,"key":"Regen Potion"},{"floor":37,"key":"EssenceOfSteel"},{"floor":44,"key":"ColorlessPotion"},{"floor":49,"key":"DuplicationPotion"}],"is_trial":false,"path_per_floor":["R","M","?","?","?","E","T","E","?","R","E","M","R","?","M","B",null,"R","?","?","M","M","M","T","R","$","R","M","R","M","E","M","B",null,"R","M","M","?","?","M","T","?","R","E","?","T","E","?","M","B",null,"E","$","R","B","B",null],"character_chosen":"THE_AUTOMATON","items_purchased":["Orichalcum","expansioncontent:QuickStudy","Bird Faced Urn","Vajra","expansioncontent:DashGenerateEvil"],"campfire_rested":3,"item_purchase_floors":[26,26,26,53,53],"current_hp_per_floor":[77,74,74,74,79,43,43,2,2,26,17,12,36,36,25,20,82,82,82,82,58,46,44,44,68,75,75,78,78,82,82,82,74,82,82,76,81,81,81,78,78,82,82,76,76,76,82,82,82,30,82,52,52,53,63,46],"gold":43,"neow_bonus":"TEN_PERCENT_HP_BONUS","is_daily":false,"chose_seed":false,"campfire_upgraded":4,"win_rate":0.0,"timestamp":1613296008,"path_taken":["R","M","?","?","?","E","T","E","?","R","E","M","R","?","M","BOSS","R","?","?","M","M","?","T","R","$","R","M","R","M","E","M","BOSS","R","M","M","?","?","?","T","?","R","E","?","?","E","?","M","BOSS","E","$","R","BOSS","BOSS"],"items_purchased_type":["Relic","Card","Relic","Relic","Card"],"build_version":"2020-12-22","purchased_purges":2,"victory":true,"max_hp_per_floor":[77,77,77,77,82,82,82,82,82,82,82,82,82,82,82,82,82,82,82,82,82,82,82,82,82,82,82,82,82,82,82,82,82,82,82,82,82,82,82,82,82,82,82,82,82,82,82,82,82,82,82,82,82,83,83,83],"card_choices":[{"not_picked":["bronze:CutThrough","bronze:DelayedGuard","bronze:BitShift"],"picked":"SKIP","floor":2},{"not_picked":["bronze:Iterate","bronze:ChildClass"],"picked":"bronze:Verify","floor":6},{"not_picked":["bronze:Backtrace","bronze:GetLatest"],"picked":"bronze:ChildClass","floor":8},{"not_picked":["bronze:Deprecate","bronze:Philosophize"],"picked":"bronze:Overload","floor":11},{"not_picked":["bronze:DelayedSlice","bronze:FineTuning","bronze:Overheat"],"picked":"SKIP","floor":12},{"not_picked":["bronze:Boost","bronze:OilSpill"],"picked":"bronze:Repulsor","floor":15},{"not_picked":["bronze:ItsAFeature","bronze:Repair"],"picked":"bronze:Optimize+1","floor":21},{"not_picked":["bronze:FineTuning","bronze:ForceShield","bronze:Deprecate+1"],"picked":"SKIP","floor":22},{"not_picked":["bronze:FineTuning","bronze:CloningBeam"],"picked":"bronze:Repair","floor":23},{"not_picked":["bronze:BronzeOrb","bronze:Deprecate"],"picked":"bronze:Iterate","floor":26},{"not_picked":["bronze:NullPointer","bronze:Shield+1","bronze:BronzeArmor"],"picked":"SKIP","floor":28},{"not_picked":["bronze:Turbo","bronze:BitShift+1","bronze:Allocate"],"picked":"SKIP","floor":30},{"not_picked":["bronze:Frontload","bronze:Philosophize"],"picked":"bronze:Flail","floor":31},{"not_picked":["bronze:CutThrough","bronze:ChildClass"],"picked":"bronze:ClassDefault+1","floor":32},{"not_picked":["bronze:Mutator+1","bronze:SpaghettiCode"],"picked":"bronze:Verify+1","floor":33},{"not_picked":["bronze:BugBarrage+1","bronze:BuggyMess"],"picked":"bronze:WhirlingStrike","floor":36},{"not_picked":["bronze:Turbo","bronze:FollowUp+1","bronze:Backtrace+1"],"picked":"SKIP","floor":37},{"not_picked":["bronze:Frontload+1","bronze:Virus"],"picked":"bronze:Shell+1","floor":40},{"not_picked":["bronze:Shield+1","bronze:Safeguard+1"],"picked":"bronze:Boost","floor":42},{"not_picked":["bronze:BronzeOrb","bronze:ChildClass"],"picked":"bronze:GetLatest+1","floor":44},{"not_picked":["bronze:BitShift","bronze:Turbo"],"picked":"bronze:Flail","floor":47},{"not_picked":["expansioncontent:PolyBeam","expansioncontent:PrepareCrush"],"picked":"expansioncontent:AwakenDeath","floor":48},{"not_picked":["bronze:BitShift+1","bronze:ClassDefault+1"],"picked":"bronze:Fortify+1","floor":49},{"not_picked":["bronze:BitShift","bronze:Frontload"],"picked":"bronze:WhirlingStrike+1","floor":52}],"player_experience":100337,"relics_obtained":[{"floor":6,"key":"Du-Vu Doll"},{"floor":7,"key":"Kunai"},{"floor":8,"key":"Mummified Hand"},{"floor":11,"key":"Bag of Marbles"},{"floor":24,"key":"Frozen Egg 2"},{"floor":31,"key":"Letter Opener"},{"floor":34,"key":"Toy Ornithopter"},{"floor":34,"key":"HornCleat"},{"floor":34,"key":"Girya"},{"floor":41,"key":"Ancient Tea Set"},{"floor":42,"key":"FossilizedHelix"},{"floor":44,"key":"Lantern"},{"floor":46,"key":"Nunchaku"},{"floor":47,"key":"Blood Vial"},{"floor":49,"key":"Gambling Chip"},{"floor":52,"key":"Bottled Flame"}],"event_choices":[{"cards_removed":["Doubt"],"damage_healed":0,"gold_gain":0,"player_choice":"Card Removal","damage_taken":0,"max_hp_gain":0,"max_hp_loss":0,"event_name":"The Cleric","floor":4,"gold_loss":0},{"damage_healed":0,"gold_gain":0,"player_choice":"Donut","damage_taken":0,"max_hp_gain":5,"max_hp_loss":0,"event_name":"Big Fish","floor":5,"gold_loss":0},{"damage_healed":0,"gold_gain":222,"player_choice":"Wore Mask","damage_taken":0,"max_hp_gain":0,"max_hp_loss":0,"event_name":"Tomb of Lord Red Mask","floor":45,"gold_loss":0},{"damage_healed":0,"gold_gain":0,"player_choice":"Fight","damage_taken":0,"max_hp_gain":0,"max_hp_loss":0,"event_name":"Mysterious Sphere","floor":49,"gold_loss":0},{"cards_removed":["bronze:Strike"],"damage_healed":0,"gold_gain":0,"player_choice":"Removed Attack","damage_taken":0,"max_hp_gain":0,"max_hp_loss":0,"event_name":"Falling","floor":49,"gold_loss":0}],"is_beta":false,"boss_relics":[{"not_picked":["SacredBark","Coffee Dripper"],"picked":"Philosopher\u0027s Stone"},{"not_picked":["Astrolabe","Fusion Hammer"],"picked":"Calling Bell"}],"items_purged_floors":[26,53],"is_endless":false,"potions_floor_spawned":[11,15,16,21,22,31,32,33,37,44,49],"ascension_level":0}}