{"host":"v2b7co6515hwzfig","time":1613279868,"event":{"mods":["BaseMod","Colored Powertips","Downfall","KinomotoSakuraMod(????)","Marisa????????","Minty Spire (QoL Compilation)","Quick Restart","Rare Cards Sparkle","StSLib","The Bug Knight","The Senshi"],"gold_per_floor":[112,112,287,305,316,346,346,365,392,412,42,42,61,78,78,176,226,238,254,99,113,128,128,155,155,155,173,203,230,230,249,249,347,347,364,364,375,10,10,10,20,20,20,20,20,39,39,39],"floor_reached":47,"language":"ENG","playtime":2957,"items_purged":["Doubt"],"score":494,"play_id":"38adf429-b593-42a5-beb5-a42663e35786","local_time":"20210214061748","is_ascension_mode":false,"campfire_choices":[{"floor":7,"key":"REST"},{"floor":12,"key":"REST"},{"floor":15,"key":"REST"},{"floor":23,"key":"REST"},{"floor":25,"key":"REST"},{"floor":32,"key":"REST"},{"floor":40,"key":"REST"},{"floor":42,"key":"REST"},{"data":"Body Slam","floor":45,"key":"SMITH"}],"circlet_count":0,"master_deck":["Strike_R","Strike_R","Strike_R","Strike_R","Strike_R","Defend_R","Defend_R","Defend_R","Defend_R","Bash","Thunderclap","Anger+1","Seeing Red","Shrug It Off","Fire Breathing","Blood for Blood","Seeing Red","Spot Weakness","Seeing Red","Limit Break","Body Slam","Cleave+1","Armaments+1","Shrug It Off","Headbutt","Shockwave","Feed","Thunderclap+1","Body Slam+1","Demon Form","Rage","Reaper","Corruption+1","Twin Strike+1","Wraith","Flex","Madness","Madness","Perfected Strike+1"],"relics":["Burning Blood","Oddly Smooth Stone","Pen Nib","Nunchaku","Bag of Marbles","HollowMod:StagPassRelic","Tiny House","Regal Pillow","Letter Opener","Gremlin Horn","Red Mask","InkBottle","Shuriken","PreservedInsect"],"acts_visited":["Exordium","TheCity","TheBeyond"],"potions_floor_usage":[6,16,16,18,18,21,28,28,29,31,37],"damage_taken":[{"damage":4,"enemies":"Jaw Worm","floor":1,"turns":5},{"damage":9,"enemies":"Small Slimes","floor":4,"turns":5},{"damage":0,"enemies":"Cultist","floor":5,"turns":2},{"damage":48,"enemies":"Gremlin Nob","floor":6,"turns":4},{"damage":12,"enemies":"Blue Slaver","floor":8,"turns":3},{"damage":4,"enemies":"2 Fungi Beasts","floor":10,"turns":4},{"damage":4,"enemies":"Exordium Wildlife","floor":13,"turns":4},{"damage":19,"enemies":"Large Slime","floor":14,"turns":6},{"damage":19,"enemies":"Slime Boss","floor":16,"turns":8},{"damage":21,"enemies":"Chosen","floor":18,"turns":6},{"damage":26,"enemies":"Spheric Guardian","floor":19,"turns":5},{"damage":16,"enemies":"3 Cultists","floor":21,"turns":4},{"damage":4,"enemies":"Centurion and Healer","floor":22,"turns":4},{"damage":72,"enemies":"Book of Stabbing","floor":24,"turns":7},{"damage":9,"enemies":"Snake Plant","floor":27,"turns":4},{"damage":2,"enemies":"Masked Bandits","floor":28,"turns":3},{"damage":3,"enemies":"Gremlin Leader","floor":29,"turns":5},{"damage":10,"enemies":"Chosen and Byrds","floor":31,"turns":5},{"damage":80,"enemies":"Champ","floor":33,"turns":13},{"damage":41,"enemies":"3 Shapes","floor":35,"turns":5},{"damage":18,"enemies":"3 Darklings","floor":37,"turns":4},{"damage":32,"enemies":"Sphere and 2 Shapes","floor":41,"turns":6},{"damage":70,"enemies":"Writhing Mass","floor":46,"turns":7},{"damage":66,"enemies":"Nemesis","floor":47,"turns":5}],"seed_played":"-9150866385073639186","potions_obtained":[{"floor":5,"key":"champ:CounterPotion"},{"floor":6,"key":"SteroidPotion"},{"floor":14,"key":"ColorlessPotion"},{"floor":16,"key":"Weak Potion"},{"floor":17,"key":"BlessingOfTheForge"},{"floor":18,"key":"Ancient Potion"},{"floor":19,"key":"PowerPotion"},{"floor":27,"key":"bronze:BurnAndBuffPotion"},{"floor":28,"key":"Fire Potion"},{"floor":29,"key":"bronze:BurnAndBuffPotion"},{"floor":35,"key":"EssenceOfSteel"}],"is_trial":false,"path_per_floor":["M","?","?","M","M","E","R","M","T","M","$","R","M","M","R","B",null,"M","M","$","M","M","R","E","R","T","M","?","E","?","M","R","B",null,"M","?","M","$","?","R","M","R","T","?","R","M","E"],"character_chosen":"IRONCLAD","items_purchased":["HollowMod:StagPassRelic","Seeing Red","Regal Pillow","Shuriken","Corruption","Twin Strike"],"campfire_rested":8,"item_purchase_floors":[11,11,20,38,38,38],"current_hp_per_floor":[80,77,77,74,80,38,62,56,56,58,58,80,80,67,80,67,85,70,50,50,40,42,82,16,56,56,53,57,60,60,56,85,11,85,50,50,38,38,38,78,55,88,88,77,77,50,0,0],"gold":39,"neow_bonus":"RANDOM_COMMON_RELIC","is_daily":false,"chose_seed":false,"campfire_upgraded":1,"win_rate":0.0,"timestamp":1613279868,"path_taken":["M","?","?","M","M","E","R","M","T","M","?","R","?","M","R","BOSS","M","M","$","M","M","R","E","R","T","M","?","E","?","M","R","BOSS","M","?","M","$","?","R","M","R","T","?","R","M","E"],"items_purchased_type":["Relic","Card","Relic","Relic","Card","Card"],"build_version":"2020-12-13","purchased_purges":1,"victory":false,"max_hp_per_floor":[80,80,80,80,80,80,80,80,80,80,80,80,80,80,80,80,85,85,85,85,85,85,85,85,85,85,85,85,85,85,85,85,85,85,85,85,85,85,85,85,88,88,88,88,88,88,88,88],"card_choices":[{"not_picked":["Clash","Combust"],"picked":"Thunderclap","floor":1},{"not_picked":["Flex","Heavy Blade"],"picked":"Anger","floor":4},{"not_picked":["Pummel","Twin Strike"],"picked":"Seeing Red","floor":5},{"not_picked":["Twin Strike","Armaments"],"picked":"Shrug It Off","floor":6},{"not_picked":["Intimidate","Heavy Blade"],"picked":"Fire Breathing","floor":8},{"not_picked":["Double Tap","Carnage"],"picked":"Blood for Blood","floor":10},{"not_picked":["Body Slam","Shrug It Off"],"picked":"Spot Weakness","floor":13},{"not_picked":["Feel No Pain","Clothesline"],"picked":"Seeing Red","floor":14},{"not_picked":["Feed","Bludgeon"],"picked":"Limit Break","floor":16},{"not_picked":["Flex","Pommel Strike"],"picked":"Body Slam","floor":17},{"not_picked":["Uppercut","Bloodletting"],"picked":"Cleave+1","floor":18},{"not_picked":["Sword Boomerang+1","Clothesline"],"picked":"Armaments+1","floor":19},{"not_picked":["Heavy Blade","Warcry"],"picked":"Shrug It Off","floor":21},{"not_picked":["Perfected Strike+1","Second Wind"],"picked":"Headbutt","floor":22},{"not_picked":["Heavy Blade","Shrug It Off"],"picked":"Shockwave","floor":24},{"not_picked":["Headbutt","Evolve+1"],"picked":"Feed","floor":27},{"not_picked":["Ghostly Armor","Body Slam"],"picked":"Thunderclap+1","floor":28},{"not_picked":["Fiend Fire","Armaments","True Grit"],"picked":"SKIP","floor":29},{"not_picked":["Seeing Red","Warcry"],"picked":"Body Slam","floor":31},{"not_picked":["Limit Break","Feed"],"picked":"Demon Form","floor":33},{"not_picked":["Armaments","Seeing Red+1"],"picked":"Rage","floor":35},{"not_picked":["Headbutt+1","Shrug It Off+1"],"picked":"Reaper","floor":37},{"not_picked":["Thunderclap","Pommel Strike"],"picked":"Flex","floor":41},{"not_picked":["Wild Strike","Clothesline+1"],"picked":"Perfected Strike+1","floor":46}],"player_experience":15654,"relics_obtained":[{"floor":6,"key":"Nunchaku"},{"floor":9,"key":"Bag of Marbles"},{"floor":24,"key":"Letter Opener"},{"floor":26,"key":"Gremlin Horn"},{"floor":28,"key":"Red Mask"},{"floor":29,"key":"InkBottle"},{"floor":43,"key":"PreservedInsect"}],"event_choices":[{"damage_healed":0,"gold_gain":0,"player_choice":"Success","damage_taken":3,"relics_obtained":["Pen Nib"],"max_hp_gain":0,"max_hp_loss":0,"event_name":"Scrap Ooze","floor":2,"gold_loss":0},{"damage_healed":0,"gold_gain":175,"player_choice":"AGREE","damage_taken":0,"max_hp_gain":0,"max_hp_loss":0,"event_name":"Liars Game","floor":3,"gold_loss":0,"cards_obtained":["Doubt"]},{"damage_healed":0,"gold_gain":0,"player_choice":"Fought Bandits","damage_taken":0,"max_hp_gain":0,"max_hp_loss":0,"event_name":"Masked Bandits","floor":28,"gold_loss":0},{"damage_healed":0,"gold_gain":0,"player_choice":"Ignored","damage_taken":0,"max_hp_gain":0,"max_hp_loss":0,"event_name":"Mysterious Sphere","floor":36,"gold_loss":0},{"damage_healed":0,"gold_gain":0,"player_choice":"Ignored","damage_taken":0,"max_hp_gain":0,"max_hp_loss":0,"event_name":"OrinTheCat","floor":39,"gold_loss":0},{"damage_healed":0,"gold_gain":0,"player_choice":"Embrace Madness","damage_taken":11,"max_hp_gain":0,"max_hp_loss":0,"event_name":"Winding Halls","floor":44,"gold_loss":0,"cards_obtained":["Madness","Madness"]}],"is_beta":false,"boss_relics":[{"not_picked":["Ectoplasm","Empty Cage"],"picked":"Tiny House"},{"not_picked":["Runic Dome","Cursed Key","Snecko Eye"]}],"items_purged_floors":[11],"is_endless":false,"potions_floor_spawned":[5,6,14,16,18,19,27,28,29,35],"killed_by":"Nemesis","ascension_level":0}}