{"host":"fzjk61lpi4bwj033","time":1613270578,"event":{"mods":["BaseMod","Downfall","Hermit","Jorbs\u0027s Wanderer Trilogy","Minty Spire (QoL Compilation)","Rare Cards Sparkle","Relic Stats","StSLib"],"gold_per_floor":[114,114,114,132,132,142,142,174,201,201,201,201,49,67,67,67,67],"floor_reached":16,"language":"ENG","playtime":297,"items_purged":["Strike_G"],"score":196,"play_id":"556b46b7-584b-4b92-b574-fb4ff58baee3","local_time":"20210213204258","is_ascension_mode":true,"campfire_choices":[{"data":"Neutralize","floor":7,"key":"SMITH"},{"floor":12,"key":"REST"},{"floor":15,"key":"REST"}],"circlet_count":0,"master_deck":["AscendersBane","Strike_G","Strike_G+1","Strike_G","Strike_G","Defend_G","Defend_G","Defend_G","Defend_G+1","Defend_G","Survivor","Neutralize+1","Blade Dance+1","Quick Slash","Caltrops","PiercingWail","Glass Knife","Footwork"],"relics":["Ring of the Snake","NeowsBlessing","PreservedInsect","Blood Vial","Golden Idol"],"acts_visited":["Exordium"],"potions_floor_usage":[16],"damage_taken":[{"damage":0,"enemies":"Cultist","floor":1,"turns":1},{"damage":0,"enemies":"Jaw Worm","floor":4,"turns":1},{"damage":0,"enemies":"Small Slimes","floor":6,"turns":1},{"damage":22,"enemies":"3 Sentries","floor":8,"turns":9},{"damage":4,"enemies":"Looter","floor":14,"turns":3},{"damage":42,"enemies":"The Guardian","floor":16,"turns":10}],"seed_played":"-6846302838476653787","potions_obtained":[{"floor":8,"key":"Poison Potion"},{"floor":14,"key":"Energy Potion"}],"is_trial":false,"path_per_floor":["M","?","?","M","?","M","R","E","T","?","?","R","$","M","R","B"],"character_chosen":"THE_SILENT","items_purchased":["Glass Knife"],"campfire_rested":2,"item_purchase_floors":[13],"current_hp_per_floor":[59,39,39,39,39,39,39,17,17,6,6,24,24,22,40,0,0],"gold":67,"neow_bonus":"THREE_ENEMY_KILL","is_daily":false,"chose_seed":false,"campfire_upgraded":1,"win_rate":0.0,"timestamp":1613270578,"path_taken":["M","?","?","?","?","M","R","E","T","?","?","R","$","M","R","BOSS"],"items_purchased_type":["Card"],"build_version":"2020-12-22","purchased_purges":1,"victory":false,"max_hp_per_floor":[66,66,66,66,66,66,66,66,66,66,60,60,60,60,60,60,60],"relic_stats":{"Blood Vial":4,"counters":[6,25],"Golden Idol":4,"PreservedInsect":0,"obtain_stats":[{"Blood Vial":9,"NeowsBlessing":0,"Golden Idol":11,"PreservedInsect":8,"Ring of the Snake":0},{"Blood Vial":4,"NeowsBlessing":0,"Golden Idol":4,"PreservedInsect":4,"Ring of the Snake":0},{"Blood Vial":12,"NeowsBlessing":0,"Golden Idol":12,"PreservedInsect":12,"Ring of the Snake":0}],"Ring of the Snake":[12]},"card_choices":[{"not_picked":["Deadly Poison","Sucker Punch"],"picked":"Blade Dance","floor":1},{"not_picked":["Tactician","Acrobatics"],"picked":"Quick Slash","floor":4},{"not_picked":["Choke","Deflect"],"picked":"Caltrops","floor":6},{"not_picked":["Poisoned Stab","Backstab"],"picked":"PiercingWail","floor":8},{"not_picked":["Dagger Throw","Backflip"],"picked":"Footwork","floor":14}],"player_experience":847245,"relics_obtained":[{"floor":8,"key":"PreservedInsect"},{"floor":9,"key":"Blood Vial"}],"event_choices":[{"damage_healed":0,"gold_gain":0,"player_choice":"Entered Light","damage_taken":20,"max_hp_gain":0,"max_hp_loss":0,"event_name":"Shining Light","floor":2,"gold_loss":0,"cards_upgraded":["Defend_G","Strike_G"]},{"damage_healed":0,"gold_gain":0,"player_choice":"Ignored","damage_taken":0,"max_hp_gain":0,"max_hp_loss":0,"event_name":"Golden Wing","floor":3,"gold_loss":0},{"damage_healed":0,"gold_gain":0,"player_choice":"Grow","damage_taken":0,"max_hp_gain":0,"max_hp_loss":0,"event_name":"Living Wall","floor":5,"gold_loss":0,"cards_upgraded":["Blade Dance"]},{"damage_healed":0,"gold_gain":0,"player_choice":"Fled","damage_taken":11,"max_hp_gain":0,"max_hp_loss":0,"event_name":"Scrap Ooze","floor":10,"gold_loss":0},{"damage_healed":0,"gold_gain":0,"player_choice":"Lose Max HP","damage_taken":0,"relics_obtained":["Golden Idol"],"max_hp_gain":0,"max_hp_loss":6,"event_name":"Golden Idol","floor":11,"gold_loss":0}],"is_beta":false,"boss_relics":[],"items_purged_floors":[13],"is_endless":false,"potions_floor_spawned":[8,14],"killed_by":"The Guardian","ascension_level":20}}