{"host":"l4p18zw33fr8bdc3","time":1613272066,"event":{"mods":["AchievementEnabler","BaseMod","Bestiary","Block Reminder","Colored Map","Colored Powertips","Curses Come First","Minty Spire (QoL Compilation)","Quick Restart","Rare Cards Sparkle","StSLib"],"gold_per_floor":[118,118,134,151,151,182,182,216,216,232,267,287,304,322,322,419,419,390,390,160,178,78,78,94,94,120,138,156,172,184,203,203,304,304,317,329,329,204,214,214,214,214,214],"floor_reached":42,"language":"ENG","playtime":5142,"items_purged":["Strike_P","Defend_P","Strike_P+1"],"score":564,"play_id":"a185f910-1aa8-40d3-ba17-251be2d9332c","local_time":"20210213220746","is_ascension_mode":true,"campfire_choices":[{"data":"Eruption","floor":7,"key":"SMITH"},{"floor":15,"key":"REST"},{"data":"Blasphemy","floor":23,"key":"SMITH"},{"floor":25,"key":"REST"},{"floor":32,"key":"REST"},{"floor":40,"key":"REST"}],"circlet_count":0,"master_deck":["Strike_P+1","Strike_P+1","Defend_P+1","Defend_P+1","Defend_P+1","Eruption+1","Vigilance+1","LessonLearned","CutThroughFate+1","EmptyBody+1","EmptyFist+1","Evaluate","Perseverance+1","FollowUp","SpiritShield+1","FlurryOfBlows+1","Adaptation+1","BowlingBash+1","Sanctity+1","Blasphemy+1","Consecrate+1","Eruption+1","Protect+1","WindmillStrike","ForeignInfluence","Meditate+1","Scrawl","CrushJoints","Trip","Parasite","CutThroughFate+1","ReachHeaven"],"relics":["PureWater","Lantern","Eternal Feather","Dream Catcher","VioletLotus","Sling","Tiny Chest","SacredBark"],"acts_visited":["Exordium","TheCity","TheBeyond"],"potions_floor_usage":[11,16,21,30,33,36],"damage_taken":[{"damage":0,"enemies":"2 Louse","floor":1,"turns":2},{"damage":1,"enemies":"Cultist","floor":3,"turns":3},{"damage":3,"enemies":"Small Slimes","floor":4,"turns":3},{"damage":15,"enemies":"Lagavulin","floor":6,"turns":10},{"damage":6,"enemies":"3 Sentries","floor":8,"turns":9},{"damage":0,"enemies":"3 Louse","floor":10,"turns":4},{"damage":12,"enemies":"Gremlin Nob","floor":11,"turns":4},{"damage":0,"enemies":"Exordium Wildlife","floor":12,"turns":4},{"damage":1,"enemies":"Exordium Thugs","floor":13,"turns":8},{"damage":0,"enemies":"Looter","floor":14,"turns":4},{"damage":24,"enemies":"The Guardian","floor":16,"turns":15},{"damage":5,"enemies":"2 Thieves","floor":18,"turns":5},{"damage":10,"enemies":"Chosen","floor":21,"turns":6},{"damage":59,"enemies":"Snake Plant","floor":24,"turns":6},{"damage":2,"enemies":"Centurion and Healer","floor":27,"turns":11},{"damage":2,"enemies":"Chosen and Byrds","floor":28,"turns":8},{"damage":2,"enemies":"Snake Plant","floor":29,"turns":3},{"damage":0,"enemies":"Centurion and Healer","floor":30,"turns":9},{"damage":4,"enemies":"Cultist and Chosen","floor":31,"turns":5},{"damage":69,"enemies":"Collector","floor":33,"turns":12},{"damage":9,"enemies":"3 Darklings","floor":35,"turns":6},{"damage":0,"enemies":"3 Shapes","floor":36,"turns":4},{"damage":43,"enemies":"Writhing Mass","floor":39,"turns":7},{"damage":98,"enemies":"Reptomancer","floor":42,"turns":9}],"seed_played":"5694695564747275792","potions_obtained":[{"floor":6,"key":"FearPotion"},{"floor":10,"key":"SpeedPotion"},{"floor":11,"key":"BottledMiracle"},{"floor":13,"key":"SmokeBomb"},{"floor":14,"key":"FairyPotion"},{"floor":24,"key":"SkillPotion"},{"floor":27,"key":"DistilledChaos"},{"floor":29,"key":"Block Potion"},{"floor":35,"key":"Explosive Potion"}],"is_trial":false,"path_per_floor":["M","?","M","M","?","E","R","E","T","M","E","M","M","M","R","B",null,"M","?","$","M","$","R","M","R","T","M","M","M","M","M","R","B",null,"M","M","?","$","M","R","?","E"],"character_chosen":"WATCHER","items_purchased":["Sling"],"campfire_rested":4,"item_purchase_floors":[20],"current_hp_per_floor":[72,77,76,73,73,58,58,52,52,52,40,40,39,39,74,50,70,65,65,65,55,55,67,8,43,43,41,39,37,37,33,71,2,58,49,49,49,49,6,47,47,0,0],"gold":214,"neow_bonus":"ONE_RANDOM_RARE_CARD","is_daily":false,"chose_seed":false,"campfire_upgraded":2,"win_rate":0.0,"timestamp":1613272066,"path_taken":["M","?","M","M","?","E","R","E","T","M","E","M","?","M","R","BOSS","M","?","$","M","?","R","M","R","T","M","M","M","?","M","R","BOSS","M","M","?","$","M","R","?","E"],"items_purchased_type":["Relic"],"build_version":"2020-12-22","purchased_purges":3,"victory":false,"max_hp_per_floor":[72,77,77,77,77,77,77,77,77,77,77,77,77,77,77,77,77,77,77,77,77,77,77,77,77,77,77,77,77,77,77,77,77,77,77,77,77,77,77,77,77,77,77],"card_choices":[{"not_picked":["Halt","BattleHymn"],"picked":"CutThroughFate","floor":1},{"not_picked":["Evaluate","Fasting2"],"picked":"EmptyBody","floor":3},{"not_picked":["PathToVictory","ClearTheMind"],"picked":"EmptyFist","floor":4},{"not_picked":["DevaForm","JustLucky"],"picked":"Perseverance","floor":6},{"not_picked":["Perseverance","ThirdEye"],"picked":"FollowUp","floor":8},{"not_picked":["Crescendo","JustLucky","EmptyFist"],"picked":"SKIP","floor":10},{"not_picked":["Pray","Study"],"picked":"SpiritShield","floor":11},{"not_picked":["EmptyFist","Evaluate"],"picked":"FlurryOfBlows","floor":12},{"not_picked":["Sanctity","EmptyBody"],"picked":"Adaptation","floor":13},{"not_picked":["CrushJoints","EmptyBody"],"picked":"BowlingBash","floor":14},{"not_picked":["FollowUp","Adaptation"],"picked":"Sanctity","floor":15},{"not_picked":["Brilliance","MasterReality"],"picked":"Blasphemy","floor":16},{"not_picked":["Halt","FlyingSleeves"],"picked":"Consecrate","floor":18},{"not_picked":["Meditate","PathToVictory","Prostrate+1"],"picked":"SKIP","floor":21},{"not_picked":["FlyingSleeves","Pray","Halt+1"],"picked":"SKIP","floor":24},{"not_picked":["ThirdEye","EmptyMind"],"picked":"Protect+1","floor":25},{"not_picked":["Consecrate","EmptyFist","JustLucky"],"picked":"SKIP","floor":27},{"not_picked":["Crescendo","JustLucky+1","BowlingBash+1"],"picked":"SKIP","floor":28},{"not_picked":["Prostrate","Sanctity"],"picked":"WindmillStrike","floor":29},{"not_picked":["FlyingSleeves","Evaluate"],"picked":"ForeignInfluence","floor":30},{"not_picked":["Prostrate+1","Omniscience","Protect"],"picked":"SKIP","floor":31},{"not_picked":["Crescendo","WreathOfFlame+1"],"picked":"Meditate+1","floor":32},{"not_picked":["Ragnarok","Judgement"],"picked":"Scrawl","floor":33},{"not_picked":["EmptyMind","Consecrate","EmptyFist"],"picked":"SKIP","floor":35},{"not_picked":["MentalFortress","JustLucky"],"picked":"CrushJoints","floor":36},{"not_picked":["Secret Technique","Violence"],"picked":"Trip","floor":37},{"not_picked":["Crescendo+1","Weave"],"picked":"CutThroughFate+1","floor":39},{"not_picked":["FlurryOfBlows+1","FollowUp"],"picked":"ReachHeaven","floor":40}],"player_experience":296299,"relics_obtained":[{"floor":6,"key":"Lantern"},{"floor":8,"key":"Eternal Feather"},{"floor":11,"key":"Dream Catcher"},{"floor":26,"key":"Tiny Chest"}],"event_choices":[{"damage_healed":0,"gold_gain":0,"player_choice":"Donut","damage_taken":0,"max_hp_gain":5,"max_hp_loss":0,"event_name":"Big Fish","floor":2,"gold_loss":0},{"damage_healed":0,"gold_gain":0,"player_choice":"1 cards matched","damage_taken":0,"max_hp_gain":0,"max_hp_loss":0,"event_name":"Match and Keep!","floor":5,"gold_loss":0,"cards_obtained":["Evaluate"]},{"damage_healed":0,"gold_gain":0,"player_choice":"Copied","damage_taken":0,"max_hp_gain":0,"max_hp_loss":0,"event_name":"Duplicator","floor":19,"gold_loss":0,"cards_obtained":["Eruption"]},{"damage_healed":0,"gold_gain":0,"player_choice":"Memory 1","damage_taken":0,"max_hp_gain":0,"max_hp_loss":0,"event_name":"SensoryStone","floor":37,"gold_loss":0},{"damage_healed":0,"gold_gain":0,"player_choice":"0 cards matched","damage_taken":0,"max_hp_gain":0,"max_hp_loss":0,"event_name":"Match and Keep!","floor":41,"gold_loss":0,"cards_obtained":[]}],"is_beta":false,"boss_relics":[{"not_picked":["HolyWater","Sozu"],"picked":"VioletLotus"},{"not_picked":["Black Star","Empty Cage"],"picked":"SacredBark"}],"items_purged_floors":[20,22,38],"is_endless":false,"potions_floor_spawned":[6,10,11,13,14,24,27,29,35],"killed_by":"Reptomancer","ascension_level":5}}