{"host":"o5lch9xvacbb0fa4","time":1613331396,"event":{"mods":["AchievementEnabler","Act Like it!","Aspiration","Bard","BaseMod","Better Altar","Better Match","Better Note","Better Sensory Stone","Better Skull","Better Third Choice","Better Vampires","BetterRewards","CCEM","Colored Map","Conspire","Downfall","GifTheSpireLib","Googly Eyes","GungeonMod","Halation","Hermit","Highlight Path","Hubris","Infinite Spire","Jedi Mod","Jorbs\u0027s Wanderer Trilogy","Marisa????????","Marked Mod","Mimic Mod","Minty Spire (QoL Compilation)","Permanent Neow","Relic Filter","Relic Sorter","Relic Stats","Replay The Spire","Shade Mod","Shop Mod","Small Relic Pack","StSLib","Stuff the Spire","The Blackbeard","The Runesmith","Unceasing Turn Reminder","everything is the same but u backflip on backflip","slay the spire mod where everything is the same but ironclad has a cowboy hat"],"gold_per_floor":[116,126,138,138,156,156,169,203,203,203,223,237,249,259,259,359,359,376,386,386,386,399,399,399,399,399],"floor_reached":24,"playtime":1030,"items_purged":[],"score":229,"play_id":"9bb68e7e-6038-4e2a-948d-f947b0297cc8","local_time":"20210215033636","is_ascension_mode":false,"campfire_choices":[{"floor":6,"key":"REST"},{"data":"blackbeard:DoubleBottom","floor":15,"key":"SMITH"},{"data":"Conserve Battery","floor":23,"key":"SMITH"}],"circlet_count":0,"master_deck":["blackbeard:BlackbeardStrike","blackbeard:BlackbeardStrike","blackbeard:BlackbeardStrike","blackbeard:IntimidatingStrike","blackbeard:BlackbeardDefend","blackbeard:BlackbeardDefend","blackbeard:BlackbeardDefend","blackbeard:BlackbeardDefend","blackbeard:Cutlass","blackbeard:Eyepatch","blackbeard:Sharpening","blackbeard:BlindAttacks","blackbeard:RearmingStrike","blackbeard:DoubleCannonball","blackbeard:PowderKeg","blackbeard:JollyRoger","blackbeard:Sword","blackbeard:Shrapnel","CommonCold","blackbeard:WiseDefense","blackbeard:Dagger","blackbeard:RearmingStrike","blackbeard:DoubleBottom+1","blackbeard:Parrot","bard:Gamble","Conserve Battery+1"],"relics":["blackbeard:LoadTheCannons","infinitespire:Joker Card","infinitespire:Beetle Shell","CCEMRelics:CocoNut","DemoMod:VorpalBullet","ReplayTheSpireMod:Ring of Exchange","PrismaticShard","hubris:TinFlute"],"acts_visited":["Exordium","TheCity"],"potions_floor_usage":[16,18],"damage_taken":[{"damage":7,"enemies":"2 Louse","floor":1,"turns":3},{"damage":0,"enemies":"Cultist","floor":2,"turns":3},{"damage":5,"enemies":"Jaw Worm","floor":3,"turns":3},{"damage":24,"enemies":"Exordium Thugs","floor":5,"turns":4},{"damage":0,"enemies":"2 Fungi Beasts","floor":7,"turns":1},{"damage":24,"enemies":"Gremlin Nob","floor":8,"turns":4},{"damage":0,"enemies":"Looter","floor":11,"turns":1},{"damage":0,"enemies":"Blue Slaver","floor":12,"turns":2},{"damage":0,"enemies":"2 Fungi Beasts","floor":13,"turns":2},{"damage":3,"enemies":"Exordium Wildlife","floor":14,"turns":2},{"damage":6,"enemies":"The Guardian","floor":16,"turns":12},{"damage":0,"enemies":"Shell Parasite","floor":18,"turns":5},{"damage":12,"enemies":"3 Byrds","floor":19,"turns":3},{"damage":35,"enemies":"Shelled Parasite and Fungi","floor":22,"turns":6},{"damage":52,"enemies":"conspire:SneckoGhost","floor":24,"turns":4}],"seed_played":"-6920732974766773131","potions_obtained":[{"floor":2,"key":"Block Potion"},{"floor":7,"key":"Energy Potion"},{"floor":12,"key":"Guardian:BlockOnCardUsePotion"}],"is_trial":false,"path_per_floor":["M","M","M","?","M","R","M","E","T","?","M","M","M","M","R","B",null,"M","M","?","?","M","R","E"],"character_chosen":"BLACKBEARD_CLASS","items_purchased":["infinitespire:Joker Card","blackbeard:Eyepatch","blackbeard:Sharpening","infinitespire:Beetle Shell","blackbeard:BlindAttacks"],"campfire_rested":1,"item_purchase_floors":[0,0,0,0,0],"current_hp_per_floor":[52,52,47,47,23,45,45,26,26,26,26,26,26,23,23,17,80,80,68,80,80,45,45,0,0,0],"gold":399,"neow_bonus":"","is_daily":false,"chose_seed":false,"campfire_upgraded":2,"win_rate":0.0,"timestamp":1613331396,"path_taken":["M","M","M","?","?","R","M","E","T","?","M","?","M","M","R","BOSS","M","M","?","?","M","R","E"],"items_purchased_type":["Relic","Card","Card","Relic","Card"],"build_version":"2020-12-13","purchased_purges":0,"victory":false,"max_hp_per_floor":[75,75,75,75,75,75,75,80,80,80,80,80,80,80,80,80,80,80,80,80,80,80,80,80,80,80],"relic_stats":{"counters":[42,187],"obtain_stats":[{"Potion Belt":9,"ReplayTheSpireMod:Ring of Exchange":10,"NeowsBlessing":0,"Golden Idol":8,"blackbeard:LoadTheCannons":3,"Oddly Smooth Stone":20,"DemoMod:GlassGuonStoneRelic":2,"Pen Nib":28,"infinitespire:Joker Card":0,"infinitespire:Beetle Shell":0,"CCEMRelics:CocoNut":8,"infinitespire:Lucky Rock":20,"PrismaticShard":10,"CCEMRelics:DerglesHeadphones":41,"conspire:SeveredTorchhead":17,"Replay:Baseball":31,"StuffTheSpire:HeavyRock":26,"aspiration:AnachronicSnailShell":31,"Durian":6,"Replay:Wax Seal":43,"hermit:Momento":0,"DemoMod:VorpalBullet":9,"hubris:TinFlute":21},{"Potion Belt":8,"ReplayTheSpireMod:Ring of Exchange":33,"NeowsBlessing":0,"Golden Idol":7,"blackbeard:LoadTheCannons":30,"Oddly Smooth Stone":13,"DemoMod:GlassGuonStoneRelic":2,"Pen Nib":17,"infinitespire:Joker Card":27,"infinitespire:Beetle Shell":27,"CCEMRelics:CocoNut":33,"infinitespire:Lucky Rock":13,"PrismaticShard":8,"CCEMRelics:DerglesHeadphones":24,"conspire:SeveredTorchhead":12,"Replay:Baseball":18,"StuffTheSpire:HeavyRock":16,"aspiration:AnachronicSnailShell":18,"Durian":6,"Replay:Wax Seal":25,"hermit:Momento":0,"DemoMod:VorpalBullet":33,"hubris:TinFlute":40},{"Potion Belt":26,"ReplayTheSpireMod:Ring of Exchange":150,"NeowsBlessing":0,"Golden Idol":18,"blackbeard:LoadTheCannons":139,"Oddly Smooth Stone":57,"DemoMod:GlassGuonStoneRelic":2,"Pen Nib":76,"infinitespire:Joker Card":132,"infinitespire:Beetle Shell":132,"CCEMRelics:CocoNut":150,"infinitespire:Lucky Rock":57,"PrismaticShard":26,"CCEMRelics:DerglesHeadphones":111,"conspire:SeveredTorchhead":52,"Replay:Baseball":82,"StuffTheSpire:HeavyRock":70,"aspiration:AnachronicSnailShell":82,"Durian":15,"Replay:Wax Seal":116,"hermit:Momento":0,"DemoMod:VorpalBullet":150,"hubris:TinFlute":177}]},"card_choices":[{"not_picked":["blackbeard:SwordDance","blackbeard:Shrapnel"],"picked":"blackbeard:RearmingStrike","floor":1},{"not_picked":["blackbeard:Spear","blackbeard:PiratesWill"],"picked":"blackbeard:DoubleCannonball","floor":2},{"not_picked":["blackbeard:Toast","blackbeard:Revenge"],"picked":"blackbeard:PowderKeg","floor":3},{"not_picked":["blackbeard:GoldenDefense","blackbeard:GoldenStrike"],"picked":"blackbeard:JollyRoger","floor":5},{"not_picked":["blackbeard:TerrorOfTheSeas","blackbeard:WiseDefense"],"picked":"blackbeard:Sword","floor":7},{"not_picked":["blackbeard:BeatUp","blackbeard:Bandana"],"picked":"blackbeard:Shrapnel","floor":8},{"not_picked":["blackbeard:SwordDance","blackbeard:Sharpening"],"picked":"blackbeard:WiseDefense","floor":11},{"not_picked":["blackbeard:JollyRoger","blackbeard:DelayedPain"],"picked":"blackbeard:Dagger","floor":12},{"not_picked":["blackbeard:Spear","blackbeard:DeadlyArsenal"],"picked":"blackbeard:RearmingStrike","floor":13},{"not_picked":["blackbeard:Sword","blackbeard:PowerHungry"],"picked":"blackbeard:DoubleBottom","floor":14},{"not_picked":["blackbeard:Intoxication","blackbeard:PirateStrength"],"picked":"blackbeard:Parrot","floor":16},{"not_picked":["Shade:LyeBath","champ:StanceDance","DemoMod:EasyReloadBullets+1"],"picked":"SKIP","floor":18},{"not_picked":["Wild Strike+1","StuffTheSpire:BumpUp"],"picked":"bard:Gamble","floor":19},{"not_picked":["Slimebound:SlimeBrawl","Runesmith:Firewall"],"picked":"Conserve Battery","floor":22}],"player_experience":51663,"relics_obtained":[{"floor":8,"key":"CCEMRelics:CocoNut"},{"floor":9,"key":"DemoMod:VorpalBullet"},{"floor":10,"key":"ReplayTheSpireMod:Ring of Exchange"}],"event_choices":[{"cards_removed":["blackbeard:BlackbeardStrike"],"damage_healed":0,"gold_gain":0,"player_choice":"Purged","damage_taken":0,"max_hp_gain":0,"max_hp_loss":0,"event_name":"Purifier","floor":4,"gold_loss":0},{"damage_healed":12,"gold_gain":0,"player_choice":"Full Heal","damage_taken":0,"max_hp_gain":0,"max_hp_loss":0,"event_name":"Wheel of Change","floor":20,"gold_loss":0},{"damage_healed":0,"gold_gain":0,"player_choice":"Gave Potion","damage_taken":0,"relics_obtained":["hubris:TinFlute"],"max_hp_gain":0,"max_hp_loss":0,"event_name":"WeMeetAgain","floor":21,"gold_loss":0}],"is_beta":false,"boss_relics":[{"not_picked":["blackbeard:SoberMinded","blackbeard:LoadTheGoldenCannons"],"picked":"PrismaticShard"}],"items_purged_floors":[],"is_endless":false,"potions_floor_spawned":[2,7,12,13,14],"killed_by":"conspire:SneckoGhost","ascension_level":0}}