{"host":"1qhzi8r9ejho5yph","time":1613336377,"event":{"mods":["AchievementEnabler","BaseMod","Colored Map","Colored Powertips","Highlight Path","Minty Spire (QoL Compilation)","Permanent Neow","Quick Restart","Random Character Button","StSLib","SuperFastMode","Synergy Search"],"gold_per_floor":[118,118,132,143,93,134,146,146,171,171,200,228,228,263,263,371,430,458,487,508,186,212,212,127,127,153,174,192,201,224,242,242,353,353,376,394,419,429,454,454,472,472,547,571,24,34,0,29,29,29,29,29,29,29,29],"floor_reached":54,"language":"ENG","playtime":1643,"items_purged":[],"score":684,"play_id":"60de8250-65d9-49b4-8c14-c0e60832695a","local_time":"20210215045937","is_ascension_mode":false,"campfire_choices":[{"data":"Perfected Strike","floor":8,"key":"SMITH"},{"data":"Bash","floor":10,"key":"SMITH"},{"data":"Shockwave","floor":15,"key":"SMITH"},{"data":"Perfected Strike","floor":23,"key":"SMITH"},{"data":"Berserk","floor":25,"key":"SMITH"},{"floor":29,"key":"REST"},{"data":"Berserk","floor":32,"key":"SMITH"},{"data":"Dual Wield","floor":40,"key":"SMITH"},{"data":"Madness","floor":42,"key":"SMITH"},{"floor":49,"key":"RECALL"},{"data":"Perfected Strike","floor":52,"key":"SMITH"}],"circlet_count":0,"master_deck":["Strike_R","Strike_R","Strike_R","Strike_R+1","Defend_R","Defend_R","Bash+1","Pommel Strike","Twin Strike+1","Ghostly Armor","Perfected Strike+1","Pommel Strike+1","Shockwave+1","Iron Wave","Berserk+1","Intimidate","Shrug It Off","Disarm","Perfected Strike+1","Offering","Pommel Strike+1","Dual Wield+1","Berserk+1","Headbutt","Offering","Pommel Strike+1","Madness+1","Madness","Dual Wield+1","Battle Trance","Shrug It Off","Dropkick","Perfected Strike+1"],"relics":["Burning Blood","CeramicFish","Bronze Scales","Happy Flower","Tiny House","Potion Belt","Dream Catcher","Whetstone","SacredBark","Lee\u0027s Waffle","Bottled Flame","Red Mask"],"acts_visited":["Exordium","TheCity","TheBeyond","TheEnding"],"potions_floor_usage":[28,33,41,41,41,48,50,54],"damage_taken":[{"damage":6,"enemies":"Jaw Worm","floor":1,"turns":3},{"damage":3,"enemies":"Small Slimes","floor":3,"turns":3},{"damage":6,"enemies":"Cultist","floor":4,"turns":3},{"damage":20,"enemies":"Gremlin Nob","floor":6,"turns":4},{"damage":1,"enemies":"3 Louse","floor":7,"turns":4},{"damage":1,"enemies":"2 Fungi Beasts","floor":11,"turns":3},{"damage":0,"enemies":"Looter","floor":12,"turns":2},{"damage":21,"enemies":"3 Sentries","floor":14,"turns":6},{"damage":16,"enemies":"The Guardian","floor":16,"turns":10},{"damage":16,"enemies":"Shell Parasite","floor":18,"turns":5},{"damage":0,"enemies":"Chosen","floor":19,"turns":3},{"damage":25,"enemies":"Sentry and Sphere","floor":20,"turns":5},{"damage":17,"enemies":"Snake Plant","floor":22,"turns":4},{"damage":6,"enemies":"Centurion and Healer","floor":27,"turns":4},{"damage":27,"enemies":"Snecko","floor":28,"turns":4},{"damage":11,"enemies":"Snake Plant","floor":30,"turns":1},{"damage":13,"enemies":"Centurion and Healer","floor":31,"turns":5},{"damage":58,"enemies":"Collector","floor":33,"turns":7},{"damage":10,"enemies":"3 Darklings","floor":35,"turns":3},{"damage":6,"enemies":"3 Shapes","floor":37,"turns":3},{"damage":12,"enemies":"Transient","floor":38,"turns":5},{"damage":18,"enemies":"4 Shapes","floor":39,"turns":5},{"damage":0,"enemies":"Writhing Mass","floor":41,"turns":1},{"damage":19,"enemies":"Jaw Worm Horde","floor":44,"turns":3},{"damage":38,"enemies":"Spire Growth","floor":46,"turns":3},{"damage":17,"enemies":"Writhing Mass","floor":48,"turns":4},{"damage":95,"enemies":"Time Eater","floor":50,"turns":7},{"damage":105,"enemies":"Shield and Spear","floor":54,"turns":6}],"seed_played":"1458114728322484243","potions_obtained":[{"floor":3,"key":"SneckoOil"},{"floor":4,"key":"Weak Potion"},{"floor":11,"key":"Dexterity Potion"},{"floor":13,"key":"Regen Potion"},{"floor":13,"key":"LiquidMemories"},{"floor":30,"key":"FairyPotion"},{"floor":31,"key":"Weak Potion"},{"floor":33,"key":"Dexterity Potion"},{"floor":35,"key":"ColorlessPotion"},{"floor":39,"key":"Energy Potion"},{"floor":44,"key":"DistilledChaos"},{"floor":46,"key":"DistilledChaos"},{"floor":48,"key":"Weak Potion"}],"is_trial":false,"path_per_floor":["M","?","M","M","?","E","M","R","T","R","M","M","?","E","R","B",null,"M","M","M","$","M","R","?","R","T","M","M","R","M","M","R","B",null,"M","?","M","M","M","R","M","R","T","M","$","M","?","M","R","B",null,"R","$","E"],"character_chosen":"IRONCLAD","items_purchased":["Potion Belt","BloodPotion","Offering","Lee\u0027s Waffle","Dropkick","Ancient Potion","Bottled Flame"],"campfire_rested":1,"item_purchase_floors":[21,21,21,45,45,45,45],"current_hp_per_floor":[80,80,80,80,80,66,71,71,71,71,76,80,80,65,65,55,85,75,81,62,62,51,51,51,51,51,51,47,72,67,60,60,23,85,81,70,70,64,52,52,58,58,58,45,92,60,60,49,49,22,92,92,92,0,0],"gold":29,"neow_bonus":"REMOVE_CARD","is_daily":false,"chose_seed":false,"campfire_upgraded":9,"win_rate":0.0,"timestamp":1613336377,"path_taken":["M","?","M","M","?","E","M","R","T","R","M","M","?","E","R","BOSS","M","M","M","$","?","R","?","R","T","M","M","R","M","M","R","BOSS","M","?","M","M","M","R","M","R","T","M","$","M","?","M","R","BOSS","R","$","E"],"items_purchased_type":["Relic","Potion","Card","Relic","Card","Potion","Relic"],"build_version":"2020-12-22","purchased_purges":0,"victory":false,"max_hp_per_floor":[80,80,80,80,80,80,80,80,80,80,80,80,80,80,80,80,85,85,85,85,85,85,85,85,85,85,85,85,85,85,85,85,85,85,85,85,85,85,85,85,85,85,85,85,92,92,92,92,92,92,92,92,92,92,92],"card_choices":[{"not_picked":["Armaments","Body Slam"],"picked":"Pommel Strike","floor":1},{"not_picked":["Dropkick","Havoc"],"picked":"Twin Strike","floor":3},{"not_picked":["Rage","Heavy Blade"],"picked":"Ghostly Armor","floor":4},{"not_picked":["Iron Wave","Demon Form"],"picked":"Perfected Strike","floor":6},{"not_picked":["Cleave","Clash","Uppercut"],"picked":"SKIP","floor":7},{"not_picked":["Flex","Second Wind"],"picked":"Pommel Strike","floor":11},{"not_picked":["Evolve","Clash"],"picked":"Shockwave","floor":12},{"not_picked":["Feel No Pain","Sword Boomerang"],"picked":"Iron Wave","floor":14},{"not_picked":["Brutality","Bludgeon"],"picked":"Berserk","floor":16},{"not_picked":["Body Slam","Sword Boomerang"],"picked":"Intimidate","floor":17},{"not_picked":["Twin Strike","Metallicize"],"picked":"Shrug It Off","floor":18},{"not_picked":["Anger","Havoc+1"],"picked":"Disarm","floor":19},{"not_picked":["Shrug It Off","Body Slam"],"picked":"Perfected Strike","floor":20},{"not_picked":["Sword Boomerang","Combust"],"picked":"Pommel Strike+1","floor":22},{"not_picked":["True Grit","Flex"],"picked":"Dual Wield","floor":27},{"not_picked":["Combust","Armaments","Cleave"],"picked":"SKIP","floor":28},{"not_picked":["Havoc","Combust"],"picked":"Berserk","floor":29},{"not_picked":["Flex","Clothesline+1"],"picked":"Headbutt","floor":30},{"not_picked":["Sword Boomerang","Metallicize","Power Through"],"picked":"SKIP","floor":31},{"not_picked":["Limit Break","Demon Form"],"picked":"Offering","floor":33},{"not_picked":["Dropkick+1","Bloodletting+1"],"picked":"Pommel Strike+1","floor":35},{"not_picked":["Sword Boomerang","Thunderclap"],"picked":"Dual Wield+1","floor":37},{"not_picked":["Wild Strike+1","Heavy Blade","Armaments"],"picked":"SKIP","floor":38},{"not_picked":["Anger","Clothesline+1"],"picked":"Battle Trance","floor":39},{"not_picked":["Iron Wave+1","Bludgeon","Flex"],"picked":"SKIP","floor":41},{"not_picked":["Blood for Blood+1","Clash"],"picked":"Shrug It Off","floor":44},{"not_picked":["Flex","Second Wind+1","Heavy Blade+1"],"picked":"SKIP","floor":46},{"not_picked":["Thunderclap","Clash"],"picked":"Perfected Strike","floor":48}],"player_experience":383191,"relics_obtained":[{"floor":6,"key":"CeramicFish"},{"floor":9,"key":"Bronze Scales"},{"floor":14,"key":"Happy Flower"},{"floor":26,"key":"Whetstone"}],"event_choices":[{"cards_removed":["Defend_R"],"damage_healed":0,"gold_gain":0,"player_choice":"Forget","damage_taken":0,"max_hp_gain":0,"max_hp_loss":0,"event_name":"Living Wall","floor":2,"gold_loss":0},{"cards_removed":["Strike_R"],"damage_healed":0,"gold_gain":0,"player_choice":"Card Removal","damage_taken":0,"max_hp_gain":0,"max_hp_loss":0,"event_name":"The Cleric","floor":5,"gold_loss":50},{"damage_healed":0,"gold_gain":0,"player_choice":"Got Potions","damage_taken":0,"max_hp_gain":0,"max_hp_loss":0,"event_name":"Lab","floor":13,"gold_loss":0},{"damage_healed":0,"gold_gain":0,"player_choice":"Obtained Relic","damage_taken":0,"relics_obtained":["Dream Catcher"],"max_hp_gain":0,"max_hp_loss":0,"event_name":"Addict","floor":24,"gold_loss":85},{"damage_healed":0,"gold_gain":0,"player_choice":"Embrace Madness","damage_taken":11,"max_hp_gain":0,"max_hp_loss":0,"event_name":"Winding Halls","floor":36,"gold_loss":0,"cards_obtained":["Madness","Madness"]},{"damage_healed":0,"gold_gain":0,"player_choice":"Paid","damage_taken":0,"relics_obtained":["Red Mask"],"max_hp_gain":0,"max_hp_loss":0,"event_name":"Tomb of Lord Red Mask","floor":47,"gold_loss":34}],"is_beta":false,"boss_relics":[{"not_picked":["Ectoplasm","Fusion Hammer"],"picked":"Tiny House"},{"not_picked":["Coffee Dripper","Snecko Eye"],"picked":"SacredBark"}],"items_purged_floors":[],"is_endless":false,"potions_floor_spawned":[3,4,11,12,20,30,31,33,35,39,44,46,48],"killed_by":"Shield and Spear","ascension_level":0}}