{"host":"d6bqzrtz2aqgz4ke","time":1613341350,"event":{"mods":["BaseMod","BetterRewards","Colored Map","Conspire","Energized Spire","GifTheSpireLib","Highlight Path","Hubris","Infinite Spire","Minty Spire (QoL Compilation)","Rare Cards Sparkle","Relic Sorter","Replay The Spire","StSLib","The Animator","The Saiyan"],"gold_per_floor":[99922550,99921819,99921819,99921839,99921839,99921839,99921889,99921889,99921889,99921889,99921906,99921938,99921938,99921948,99921948,99922048,99922048,99922074,99921502,99921502,99921524,99921535,99921535,99921548,99921548,99921571,99921611,99921611,99921629,99921644,99921644,99921644,99921644,99921644],"floor_reached":33,"language":"ENG","playtime":3368,"items_purged":["animator:Defend","animator:Defend","animator:Canti+1"],"score":474,"play_id":"11e48b98-449a-48be-8a70-9214453e0385","local_time":"20210214152230","is_ascension_mode":false,"campfire_choices":[{"data":"animator:GazelDwargon","floor":6.0,"key":"SMITH"},{"data":"animator:YunYun","floor":8.0,"key":"SMITH"},{"data":"animator:Kaijin","floor":15.0,"key":"SMITH"},{"floor":23.0,"key":"REST"},{"data":"animator:Shion","floor":28,"key":"SMITH"},{"floor":32,"key":"REST"}],"circlet_count":0,"master_deck":["conspire:GhostlyStrike","conspire:GhostlyStrike","conspire:GhostlyStrike","conspire:GhostlyStrike","animator:Kazuma","animator:Aqua","animator:GazelDwargon+1","animator:Priestess","animator:Entoma+4","animator:Souei","animator:Jibril+1","animator:GuildGirl+1","animator:LizardPriest","animator:YunYun+1","animator:Mitsurugi+1","animator:Darkness","animator:Kaijin+1","animator:Eris","animator:PandorasActor","animator:Aqua","animator:Eris","animator:Shion+1","animator:Megumin+2","animator:Vesta+1","animator:Vanir"],"relics":["animator:LivingPicture","animator:CerealBox","animator:TheMissingPiece","Lantern","hubris:OldNail","Medical Kit","Replay:Mystery Machine","Mirror","hubris:TenFootPole","Chemical X","hubris:FruitBowl","hubris:TerracottaHorce","Gremlin Food","infinitespire:Lucky Rock","Brimstone","Anchor"],"acts_visited":["Exordium","TheCity"],"potions_floor_usage":[33],"damage_taken":[{"damage":9.0,"enemies":"2 Louse","floor":1.0,"turns":6.0},{"damage":4.0,"enemies":"Small Slimes","floor":4.0,"turns":3.0},{"damage":0.0,"enemies":"Replay:BlueRogue","floor":7.0,"turns":7.0},{"damage":2.0,"enemies":"Jaw Worm","floor":11.0,"turns":2.0},{"damage":16.0,"enemies":"Gremlin Gang","floor":12.0,"turns":4.0},{"damage":0.0,"enemies":"2 Fungi Beasts","floor":14.0,"turns":1.0},{"damage":0.0,"enemies":"Hexaghost","floor":16.0,"turns":10.0},{"damage":8.0,"enemies":"3 Byrds","floor":18.0,"turns":5.0},{"damage":3.0,"enemies":"Shell Parasite","floor":21.0,"turns":2.0},{"damage":20.0,"enemies":"Snake Plant","floor":22.0,"turns":3.0},{"damage":17.0,"enemies":"Centurion and Healer","floor":24.0,"turns":5.0},{"damage":0,"enemies":"3 Cultists","floor":27,"turns":4},{"damage":41,"enemies":"Shelled Parasite and Fungi","floor":29,"turns":5},{"damage":28,"enemies":"Snake Plant","floor":30,"turns":5},{"damage":73,"enemies":"Champ","floor":33,"turns":7}],"seed_played":"2481521615597310537","potions_obtained":[{"floor":1.0,"key":"SpeedPotion"},{"floor":4.0,"key":"GamblersBrew"},{"floor":12.0,"key":"Energy Potion"},{"floor":16.0,"key":"Languid Potion"},{"floor":18.0,"key":"DistilledChaos"},{"floor":27,"key":"BlessingOfTheForge"}],"is_trial":false,"path_per_floor":["M","$","?","M","?","R","E","R","T","?","M","M","$","M","R","B",null,"M","$","?","M","M","R","M","?","T","M","R","M","M","?","R","B"],"character_chosen":"THE_ANIMATOR","items_purchased":["animator:GazelDwargon","animator:Priestess","Lantern","hubris:OldNail","Medical Kit","animator:Souei","animator:Jibril+1","animator:GuildGirl","hubris:TenFootPole","Chemical X","animator:CerealBox","hubris:FruitBowl","Gremlin Food","infinitespire:Lucky Rock","Brimstone"],"campfire_rested":2,"item_purchase_floors":[0,0,2,2,2,2,2,2,13,13,13,13,19,19,19],"current_hp_per_floor":[59,59,59,57,57,57,59,59,59,59,60,48,21,23,23,26,59,59,59,59,61,48,69,58,58,58,71,71,35,23,23,47,0,0],"gold":99921644,"neow_bonus":"","is_daily":false,"chose_seed":false,"campfire_upgraded":4,"win_rate":0.0,"timestamp":1613341350,"path_taken":["M","$","?","M","?","R","E","R","T","?","M","M","?","M","R","BOSS","M","$","?","M","M","R","M","?","T","M","R","M","M","?","R","BOSS"],"items_purchased_type":["Card","Card","Relic","Relic","Relic","Card","Card","Card","Relic","Relic","Relic","Relic","Relic","Relic","Relic"],"build_version":"2020-12-22","purchased_purges":3,"victory":false,"max_hp_per_floor":[66,66,66,66,66,66,66,66,66,66,67,69,69,69,69,70,70,73,73,73,73,73,73,73,73,73,76,76,76,82,82,82,82,82],"card_choices":[{"not_picked":["animator:Sebas","animator:AcuraTooru"],"picked":"animator:Entoma","floor":1.0},{"not_picked":["animator:DolaSchwi","animator:Tatsumaki"],"picked":"animator:LizardPriest","floor":4.0},{"not_picked":["animator:SilverFang","animator:DwarfShaman"],"picked":"animator:YunYun","floor":7.0},{"not_picked":["animator:Vanir","animator:Aqua"],"picked":"animator:Mitsurugi","floor":11.0},{"not_picked":["animator:LizardPriest","animator:Cocytus"],"picked":"animator:Darkness","floor":12.0},{"not_picked":["animator:Verdia","animator:Sebas"],"picked":"animator:Kaijin","floor":14.0},{"not_picked":["animator:Boros","animator:Shiro"],"picked":"animator:Eris","floor":16.0},{"not_picked":["animator:Tatsumaki+1","animator:DolaCouronne"],"picked":"animator:PandorasActor","floor":18.0},{"not_picked":["animator:Verdia","animator:Kazuma"],"picked":"animator:Aqua","floor":21.0},{"not_picked":["animator:Priestess","animator:Mitsurugi"],"picked":"animator:Eris","floor":22.0},{"not_picked":["animator:DolaStephanie","animator:Yoichi"],"picked":"animator:Shion","floor":24.0},{"not_picked":["animator:YunYun","animator:Benimaru"],"picked":"animator:Megumin","floor":27},{"not_picked":["animator:Millim","animator:Hakurou"],"picked":"animator:Vesta","floor":29},{"not_picked":["animator:Sonic","animator:Mitsuba+1"],"picked":"animator:Vanir","floor":30}],"player_experience":30046,"relics_obtained":[{"floor":7.0,"key":"Replay:Mystery Machine"},{"floor":9.0,"key":"Mirror"},{"floor":26.0,"key":"Anchor"}],"event_choices":[{"damage_healed":0.0,"max_hp_gain":0.0,"max_hp_loss":0.0,"gold_gain":0.0,"event_name":"conspire:LoneGhost","player_choice":"Agree","floor":5.0,"gold_loss":0.0,"damage_taken":0.0},{"damage_healed":0.0,"max_hp_gain":0.0,"max_hp_loss":0.0,"gold_gain":0.0,"event_name":"The Mausoleum","player_choice":"Ignored","floor":20.0,"gold_loss":0.0,"damage_taken":0.0}],"is_beta":false,"boss_relics":[{"not_picked":["ReplayTheSpireMod:SealedPack","Busted Crown"],"picked":"hubris:TerracottaHorce"}],"items_purged_floors":[0,2,19],"is_endless":false,"potions_floor_spawned":[1,4,12,16,18,27],"killed_by":"Champ","ascension_level":0}}