{"host":"nlbr7nnijupf3yfg","time":1613265988,"event":{"mods":["AchievementEnabler","BaseMod","BetterRewards","Colored Powertips","DeckTracker","Downfall","Hermit","Hubris","Infinite Spire","Minty Spire (QoL Compilation)","Quick Restart","Replay The Spire","StSLib","SuperFastMode"],"gold_per_floor":[111,111,76,90,102,102,130,147,147,147,147,147,175,186,186,285,285,295,295,315,315,327,327,346,366,390,425,7,40,40,40,40,40,40],"floor_reached":33,"language":"ENG","playtime":656,"items_purged":["Sickly"],"score":428,"play_id":"9c863bc2-a936-4ce9-b196-028222667918","local_time":"20210213202628","is_ascension_mode":true,"campfire_choices":[{"data":"Strike_R+1","floor":6,"key":"SMITH"},{"floor":12,"key":"REST"},{"data":"Strike_R+2","floor":15,"key":"SMITH"},{"data":"Replay:Many Hands","floor":23,"key":"SMITH"},{"floor":30,"key":"REST"},{"floor":32,"key":"REST"}],"circlet_count":0,"master_deck":["Strike_R+3","Strike_R","Strike_R","Strike_R","Strike_R+1","Defend_R","Defend_R","Defend_R+1","Defend_R","Bash","Body Slam","Flex+1","Inflame","Anger","Carnage","Perfected Strike","Anger","Perfected Strike","Replay:Many Hands+1","Perfected Strike+1","Blood for Blood+1","Replay:Fractal Strike","Reaper","Cleave","Anger","Whirlwind","infinitespire:DeathsTouch","Thunderclap"],"relics":["Burning Blood","Champion Belt","Simple Rune","Potion Belt","HornCleat","Shuriken","ReplayTheSpireMod:DimensionalGlitch","Tiny Chest","Brimstone","MealTicket","Girya","War Paint","Orichalcum","Boot","hubris:Towel"],"acts_visited":["Exordium","TheCity"],"potions_floor_usage":[12,18,24,25,25,25,25,27,29,33,33,33],"damage_taken":[{"damage":14,"enemies":"Small Slimes","floor":1,"turns":4},{"damage":1,"enemies":"2 Louse","floor":4,"turns":3},{"damage":1,"enemies":"Cultist","floor":5,"turns":3},{"damage":25,"enemies":"3 Sentries","floor":7,"turns":7},{"damage":15,"enemies":"Gremlin Gang","floor":8,"turns":5},{"damage":24,"enemies":"Gremlin Nob","floor":13,"turns":4},{"damage":7,"enemies":"3 Louse","floor":14,"turns":3},{"damage":20,"enemies":"Hexaghost","floor":16,"turns":7},{"damage":6,"enemies":"3 Byrds","floor":18,"turns":5},{"damage":0,"enemies":"Spheric Guardian","floor":20,"turns":2},{"damage":9,"enemies":"Chosen and Byrds","floor":22,"turns":3},{"damage":12,"enemies":"Centurion and Healer","floor":24,"turns":3},{"damage":19,"enemies":"Shelled Parasite and Fungi","floor":25,"turns":3},{"damage":23,"enemies":"Slavers","floor":27,"turns":2},{"damage":27,"enemies":"Nightmare","floor":29,"turns":4},{"damage":98,"enemies":"Pondfish","floor":33,"turns":5}],"seed_played":"290134936256263416","potions_obtained":[{"floor":5,"key":"Elixir"},{"floor":11,"key":"Reflective Coating"},{"floor":11,"key":"Elixir"},{"floor":11,"key":"Fruit Juice"},{"floor":14,"key":"CultistPotion"},{"floor":16,"key":"Adrenaline Potion"},{"floor":18,"key":"Guardian:BlockOnCardUsePotion"},{"floor":22,"key":"EntropicBrew"},{"floor":24,"key":"Venom Potion"}],"is_trial":false,"path_per_floor":["M","?","?","M","M","R","E","M","T","$","?","R","E","M","R","B",null,"M","?","M","AVR","M","R","M","M","T","E","$","NM","R","?","R","B"],"character_chosen":"IRONCLAD","items_purchased":["BloodPotion","War Paint","Orichalcum","Whirlwind"],"campfire_rested":3,"item_purchase_floors":[28,28,28,28],"current_hp_per_floor":[64,46,66,71,76,76,57,48,48,48,48,78,60,59,59,45,75,72,72,75,75,69,69,60,46,46,26,41,26,51,51,76,0,0],"gold":40,"neow_bonus":"","is_daily":false,"chose_seed":false,"campfire_upgraded":3,"win_rate":0.0,"timestamp":1613265988,"path_taken":["M","?","?","M","M","R","E","M","T","$","?","R","E","M","R","BOSS","M","?","M","AVR","M","R","?","M","T","E","$","NM","R","?","R","BOSS"],"items_purchased_type":["Potion","Relic","Relic","Card"],"build_version":"2020-12-22","purchased_purges":1,"victory":false,"max_hp_per_floor":[80,80,80,80,80,80,80,80,80,80,80,85,85,85,85,85,85,85,85,85,85,85,85,85,85,85,85,85,85,85,85,85,85,85],"card_choices":[{"not_picked":["Iron Wave","hubris:ReadiedAction"],"picked":"Flex","floor":1},{"not_picked":["Burning Pact","Dual Wield"],"picked":"Inflame","floor":4},{"not_picked":["Pommel Strike","Perfected Strike"],"picked":"Anger","floor":5},{"not_picked":["Barricade","hubris:ReadiedAction"],"picked":"Carnage","floor":7},{"not_picked":["Warcry","Headbutt"],"picked":"Perfected Strike","floor":8},{"not_picked":["Thunderclap","Clothesline"],"picked":"Anger","floor":13},{"not_picked":["Wild Strike","Metallicize"],"picked":"Perfected Strike","floor":14},{"not_picked":["Fiend Fire","Barricade"],"picked":"Replay:Many Hands","floor":16},{"not_picked":["Fire Breathing","Defy Death"],"picked":"Perfected Strike+1","floor":18},{"not_picked":["Shrug It Off","Replay:Undeath\u0027s Touch"],"picked":"Blood for Blood+1","floor":20},{"not_picked":["Clothesline","Havoc"],"picked":"Reaper","floor":22},{"not_picked":["hubris:ReadiedAction+1","Heavy Blade"],"picked":"Cleave","floor":24},{"not_picked":["Warcry","Carnage","ReplayTheSpireMod:LeadingStrike"],"picked":"SKIP","floor":25},{"not_picked":["Battle Trance","Rampage"],"picked":"Anger","floor":27},{"not_picked":["infinitespire:FutureSight","ReplayTheSpireMod:Echoes of Time"],"picked":"infinitespire:DeathsTouch","floor":29},{"not_picked":["Headbutt","Anger"],"picked":"Thunderclap","floor":29}],"player_experience":57808,"relics_obtained":[{"floor":7,"key":"Potion Belt"},{"floor":9,"key":"HornCleat"},{"floor":13,"key":"Shuriken"},{"floor":26,"key":"MealTicket"},{"floor":27,"key":"Girya"},{"floor":29,"key":"Boot"}],"event_choices":[{"damage_healed":0,"gold_gain":0,"player_choice":"Success","damage_taken":18,"relics_obtained":["Simple Rune"],"max_hp_gain":0,"max_hp_loss":0,"event_name":"Scrap Ooze","floor":2,"gold_loss":0},{"damage_healed":20,"gold_gain":0,"player_choice":"Healed","damage_taken":0,"max_hp_gain":0,"max_hp_loss":0,"event_name":"The Cleric","floor":3,"gold_loss":35},{"damage_healed":0,"gold_gain":0,"player_choice":"Got Potions","damage_taken":0,"max_hp_gain":0,"max_hp_loss":0,"event_name":"Lab","floor":11,"gold_loss":0},{"damage_healed":0,"gold_gain":0,"player_choice":"Gave Potion","damage_taken":0,"relics_obtained":["Tiny Chest"],"max_hp_gain":0,"max_hp_loss":0,"event_name":"WeMeetAgain","floor":19,"gold_loss":0}],"is_beta":false,"boss_relics":[{"not_picked":["hubris:BlackHole","Ectoplasm"],"picked":"ReplayTheSpireMod:DimensionalGlitch"}],"items_purged_floors":[0],"is_endless":true,"potions_floor_spawned":[5,14,16,18,22,24],"killed_by":"Pondfish","ascension_level":9}}