{"host":"6xsbn6ynqlzwllfm","time":1613340279,"event":{"mods":["2.2 Compatiblity","BaseMod","Bestiary","Colored Map","Colored Powertips","Curses Come First","Downfall","Highlight Path","Keyboard Shortcuts","Minty Spire (QoL Compilation)","Relic Stats","Slay the Relics Exporter","StSLib","SuperFastMode"],"gold_per_floor":[99,114,114,24,41,41,41,68,93,93,136,173,173,185,204,284,284,184,193,212,221,3,18,18,52,52,24,51,9,38,65,84,84,84,84],"floor_reached":33,"language":"ENG","playtime":1771,"items_purged":["bronze:WhirlingStrike","Pride","downfall:Bewildered"],"score":862,"play_id":"2504520e-e4be-4b5f-a382-ac434df08a2c","local_time":"20210214170439","daily_mods":["SealedDeck","Heirloom","Flight"],"is_ascension_mode":true,"campfire_choices":[{"data":"bronze:BugBarrage","floor":1,"key":"SMITH"},{"data":"bronze:Optimize","floor":10,"key":"SMITH"},{"floor":13,"key":"RECALL"},{"data":"bronze:MaxOutput","floor":18,"key":"SMITH"}],"circlet_count":0,"master_deck":["AscendersBane","bronze:Branch","bronze:BugBarrage+1","bronze:Frontload","bronze:Turbo","bronze:BuggyMess","bronze:Boost","bronze:MaxOutput+1","bronze:Flail","bronze:Fortify","bronze:SpaghettiCode","bronze:DelayedGuard","bronze:Optimize+1","bronze:Virus","bronze:FineTuning+1","bronze:DelayedGuard+1","bronze:Philosophize+1","bronze:TinkerersToolbox+1","bronze:Return+1","bronze:Shell+1","bronze:BugBarrage+1","bronze:Hardcode"],"relics":["bronze:BronzeCore","FossilizedHelix","Toxic Egg 2","Ancient Tea Set","bronze:SilverBullet","CeramicFish","The Courier","SlaversCollar","downfall:HeartBlessingRed","Potion Belt","Sling","Bottled Tornado","Bag of Preparation","Chemical X","Oddly Smooth Stone","Sundial","Letter Opener"],"acts_visited":["Exordium","TheCity"],"potions_floor_usage":[25,30,32,33],"damage_taken":[{"damage":0,"enemies":"2 Louse","floor":2,"turns":3},{"damage":0,"enemies":"downfall:FleeingMerchant","floor":4,"turns":4},{"damage":0,"enemies":"Cultist","floor":5,"turns":3},{"damage":10,"enemies":"3 Sentries","floor":8,"turns":4},{"damage":0,"enemies":"Lagavulin","floor":9,"turns":5},{"damage":0,"enemies":"Gremlin Nob","floor":11,"turns":2},{"damage":0,"enemies":"Lagavulin","floor":12,"turns":4},{"damage":0,"enemies":"Small Slimes","floor":14,"turns":1},{"damage":0,"enemies":"Gremlin Gang","floor":15,"turns":1},{"damage":9,"enemies":"WA_ARCHETYPE_RETAIN","floor":16,"turns":5},{"damage":0,"enemies":"Shell Parasite","floor":20,"turns":4},{"damage":3,"enemies":"downfall:FleeingMerchant","floor":22,"turns":4},{"damage":9,"enemies":"Chosen","floor":23,"turns":6},{"damage":26,"enemies":"Slavers","floor":25,"turns":5},{"damage":0,"enemies":"downfall:FleeingMerchant","floor":27,"turns":4},{"damage":0,"enemies":"Gremlin Leader","floor":28,"turns":4},{"damage":2,"enemies":"Book of Stabbing","floor":30,"turns":4},{"damage":0,"enemies":"Snecko","floor":31,"turns":3},{"damage":12,"enemies":"Shelled Parasite and Fungi","floor":32,"turns":3},{"damage":10,"enemies":"IC_MUSHROOM_ARCHETYPE","floor":33,"turns":6}],"seed_played":"-2584896091286115643","potions_obtained":[{"floor":8,"key":"Energy Potion"},{"floor":9,"key":"Dexterity Potion"},{"floor":12,"key":"SpeedPotion"},{"floor":20,"key":"PowerPotion"},{"floor":31,"key":"Swift Potion"},{"floor":32,"key":"CultistPotion"}],"is_trial":true,"path_per_floor":["R","M","?","$","M","?","T","E","E","R","E","E","R","M","M","B",null,"R","?","M","?","$","M","T","E","?","$","E","$","E","M","M","B"],"character_chosen":"THE_AUTOMATON","items_purchased":["Sling","Chemical X","Oddly Smooth Stone","SkillPotion"],"campfire_rested":0,"item_purchase_floors":[22,27,27,29],"current_hp_per_floor":[57,57,57,57,57,57,57,47,47,47,47,47,47,47,47,38,57,57,57,57,57,54,45,45,19,19,19,19,19,17,17,5,0,0,0],"gold":84,"neow_bonus":"","is_daily":false,"chose_seed":false,"campfire_upgraded":3,"win_rate":0.0,"timestamp":1613340279,"path_taken":["R","M","?","$","?","?","T","E","E","R","E","E","R","?","M","BOSS","R","?","?","?","$","M","T","E","?","$","E","?","E","?","M","BOSS"],"items_purchased_type":["Relic","Relic","Relic","Potion"],"build_version":"2020-12-22","purchased_purges":3,"victory":false,"max_hp_per_floor":[63,63,63,63,63,63,63,63,63,63,63,63,63,63,63,63,63,63,63,63,63,63,63,63,63,63,63,63,63,63,63,63,63,63,63],"relic_stats":{"counters":[20,75],"Sundial":[2],"CeramicFish":81,"Bag of Preparation":[12],"Chemical X":[6],"Letter Opener":[37],"obtain_stats":[{"Potion Belt":21,"bronze:BronzeCore":0,"downfall:HeartBlessingRed":18,"CeramicFish":11,"Oddly Smooth Stone":27,"The Courier":12,"Bag of Preparation":25,"Letter Opener":30,"Bottled Tornado":24,"Ancient Tea Set":8,"Sling":22,"SlaversCollar":17,"Sundial":28,"Chemical X":27,"Toxic Egg 2":7,"bronze:SilverBullet":9,"FossilizedHelix":0},{"Potion Belt":11,"bronze:BronzeCore":0,"downfall:HeartBlessingRed":10,"CeramicFish":6,"Oddly Smooth Stone":15,"The Courier":7,"Bag of Preparation":14,"Letter Opener":17,"Bottled Tornado":13,"Ancient Tea Set":4,"Sling":12,"SlaversCollar":10,"Sundial":16,"Chemical X":15,"Toxic Egg 2":3,"bronze:SilverBullet":5,"FossilizedHelix":0},{"Potion Belt":36,"bronze:BronzeCore":0,"downfall:HeartBlessingRed":32,"CeramicFish":21,"Oddly Smooth Stone":55,"The Courier":25,"Bag of Preparation":51,"Letter Opener":63,"Bottled Tornado":46,"Ancient Tea Set":14,"Sling":40,"SlaversCollar":32,"Sundial":59,"Chemical X":55,"Toxic Egg 2":10,"bronze:SilverBullet":19,"FossilizedHelix":0}]},"card_choices":[{"not_picked":["bronze:Refactor","bronze:DigitalCarnage"],"picked":"bronze:Fortify","floor":2},{"not_picked":["bronze:Shield","bronze:BuggyMess"],"picked":"bronze:DelayedGuard","floor":4},{"not_picked":["bronze:Frontload","bronze:Constructor"],"picked":"bronze:Optimize","floor":5},{"not_picked":["bronze:DarkDash","bronze:WhirlingStrike"],"picked":"bronze:Virus","floor":8},{"not_picked":["bronze:FollowUp","bronze:OilSpill"],"picked":"bronze:FineTuning+1","floor":9},{"not_picked":["bronze:CutThrough","bronze:Deprecate+1"],"picked":"bronze:DelayedGuard+1","floor":11},{"not_picked":["bronze:Separator","bronze:WildBeam"],"picked":"bronze:Philosophize+1","floor":12},{"not_picked":["bronze:Iterate","bronze:Invalidate+1","bronze:ClassDefault"],"picked":"SKIP","floor":15},{"not_picked":["bronze:FindAndReplace+1","bronze:Break"],"picked":"bronze:TinkerersToolbox+1","floor":16},{"not_picked":["bronze:OilSpill","bronze:InfiniteBeams"],"picked":"bronze:Return+1","floor":20},{"not_picked":["bronze:Invalidate+1","bronze:DelayedGuard+1"],"picked":"bronze:Shell+1","floor":22},{"not_picked":["bronze:FollowUp","bronze:Separator+1","bronze:DelayedSlice"],"picked":"SKIP","floor":25},{"not_picked":["bronze:Philosophize+1","bronze:Boost+1","bronze:Separator"],"picked":"SKIP","floor":27},{"not_picked":["bronze:CutThrough","bronze:Frontload+1","bronze:Separator"],"picked":"SKIP","floor":28},{"not_picked":["bronze:DelayedGuard+1","bronze:DelayedSlice"],"picked":"bronze:BugBarrage+1","floor":31},{"not_picked":["bronze:Fortify","bronze:BitShift+1"],"picked":"bronze:Hardcode","floor":32}],"player_experience":1784872,"relics_obtained":[{"floor":7,"key":"Toxic Egg 2"},{"floor":8,"key":"Ancient Tea Set"},{"floor":9,"key":"bronze:SilverBullet"},{"floor":11,"key":"CeramicFish"},{"floor":12,"key":"The Courier"},{"floor":24,"key":"Bottled Tornado"},{"floor":25,"key":"Bag of Preparation"},{"floor":28,"key":"Sundial"},{"floor":30,"key":"Letter Opener"}],"event_choices":[{"damage_healed":0,"gold_gain":0,"player_choice":"1 cards matched","damage_taken":0,"max_hp_gain":0,"max_hp_loss":0,"event_name":"Match and Keep!","floor":3,"gold_loss":0,"cards_obtained":["bronze:SpaghettiCode"]},{"cards_removed":["bronze:Frontload"],"damage_healed":0,"gold_gain":0,"player_choice":"Purged","damage_taken":0,"max_hp_gain":0,"max_hp_loss":0,"event_name":"Purifier","floor":6,"gold_loss":0},{"damage_healed":0,"gold_gain":0,"player_choice":"Stole Relic","damage_taken":0,"relics_obtained":["Potion Belt"],"max_hp_gain":0,"max_hp_loss":0,"event_name":"Addict","floor":21,"gold_loss":0,"cards_obtained":["Pride"]},{"damage_healed":0,"gold_gain":0,"player_choice":"Ignored","damage_taken":0,"max_hp_gain":0,"max_hp_loss":0,"event_name":"Vampires","floor":26,"gold_loss":0}],"is_beta":false,"boss_relics":[{"not_picked":["Busted Crown","Empty Cage"],"picked":"SlaversCollar"}],"items_purged_floors":[4,22,27],"is_endless":true,"potions_floor_spawned":[8,9,12,14,20,31,32],"killed_by":"IC_MUSHROOM_ARCHETYPE","ascension_level":20}}