{"host":"erh089znuovh6twj","time":1613262406,"event":{"mods":["AchievementEnabler","Act Like it!","Aspiration","BaseMod","Better Note","Better Skull","Better Third Choice","BetterRewards","Defuse TimeMaze Blight","Energized Spire","Hermit","Highlight Path","Hubris","Infinite Spire","Minty Spire (QoL Compilation)","Permanent Neow","Quick Restart","Replay The Spire","StSLib","The Jungle","everything is the same but u backflip on backflip"],"gold_per_floor":[115,115,115,135,37,37,70,145,172,188,29,29,56,66,66,162,162,182,29,29,29,48,48,48,48,96,96,112,139,155,171,171,279,279,307,307,346,388,32,32,32,32],"floor_reached":41,"language":"ENG","playtime":1585,"items_purged":[],"score":647,"play_id":"970fc1e5-98f5-44a4-ab55-fa2078f8e1a1","local_time":"20210213192646","is_ascension_mode":true,"campfire_choices":[{"data":"Eruption","floor":6,"key":"SMITH"},{"floor":15,"key":"REST"},{"data":"ForeignInfluence","floor":23,"key":"SMITH"},{"data":"Tantrum","floor":25,"key":"SMITH"},{"data":"TalkToTheHand","floor":27,"key":"SMITH"},{"data":"FlurryOfBlows","floor":32,"key":"SMITH"},{"data":"Alpha","floor":40,"key":"SMITH"}],"circlet_count":0,"master_deck":["Strike_P","Strike_P","Strike_P","Defend_P+1","Defend_P","Eruption+1","Vigilance","FlyingSleeves","Dramatic Entrance+1","Halt","WreathOfFlame","DevaForm+1","FollowUp","ForeignInfluence+1","Steam","LessonLearned","Replay:BluntJabs","Tantrum+1","Replay:BluntJabs","EmptyMind","TalkToTheHand+1","JustLucky","CutThroughFate","Devotion","FlurryOfBlows+1","ClearTheMind+1","Adaptation","FlyingSleeves","Alpha+1","CrushJoints+1","Replay:ManipulateFuture+1","Parasite","Tantrum+1","Ragnarok"],"relics":["PureWater","aspiration:Nostalgia","Sizzling Blood","hubris:Towel","aspiration:TomeofQuesting","infinitespire:Satchel","infinitespire:EmpoweringShard","Painkiller Herb","Orrery","hubris:VirtuousBlindfold","hubris:Teleporter","aspiration:Lifesprig","Replay:Ringing Soul","infinitespire:EvilPickle","Philosopher\u0027s Stone","Yang","hubris:EmptyBottle"],"acts_visited":["Exordium","TheCity","TheBeyond"],"potions_floor_usage":[7,7,10,16,22,29,33,38,41,41],"damage_taken":[{"damage":0,"enemies":"Cultist","floor":1,"turns":2},{"damage":14,"enemies":"Jaw Worm","floor":4,"turns":2},{"damage":38,"enemies":"Lagavulin","floor":7,"turns":4},{"damage":0,"enemies":"2 Louse","floor":10,"turns":5},{"damage":13,"enemies":"3 Sentries","floor":13,"turns":4},{"damage":0,"enemies":"Looter","floor":14,"turns":1},{"damage":2,"enemies":"Fading Forest","floor":16,"turns":11},{"damage":24,"enemies":"Shell Parasite","floor":18,"turns":4},{"damage":0,"enemies":"Spheric Guardian","floor":22,"turns":2},{"damage":3,"enemies":"3 Cultists","floor":28,"turns":4},{"damage":11,"enemies":"Book of Stabbing","floor":29,"turns":3},{"damage":8,"enemies":"Cultist and Chosen","floor":30,"turns":4},{"damage":14,"enemies":"Centurion and Healer","floor":31,"turns":3},{"damage":37,"enemies":"Pondfish","floor":33,"turns":7},{"damage":34,"enemies":"3 Shapes","floor":35,"turns":3},{"damage":0,"enemies":"3 Darklings","floor":37,"turns":2},{"damage":8,"enemies":"Writhing Mass","floor":38,"turns":4},{"damage":100005,"enemies":"R_Hoarder","floor":41,"turns":3}],"seed_played":"5653782972728634166","potions_obtained":[{"floor":1,"key":"Swift Potion"},{"floor":4,"key":"ColorlessPotion"},{"floor":7,"key":"Regen Potion"},{"floor":13,"key":"Block Potion"},{"floor":18,"key":"Adrenaline Potion"},{"floor":28,"key":"infinitespire:BlackPotion"},{"floor":31,"key":"Ancient Potion"},{"floor":37,"key":"Languid Potion"}],"is_trial":false,"path_per_floor":["M","?","?","M","$","R","E","?","T","M","$","?","E","M","R","B",null,"?","T","?","?","?","T","AVR","T","T","T","?","E","?","?","T","B",null,"?","AVR","?","?","T","T","E"],"character_chosen":"WATCHER","items_purchased":["Dramatic Entrance","DevaForm+1","FollowUp","Orrery","Ragnarok","hubris:EmptyBottle","AttackPotion"],"campfire_rested":1,"item_purchase_floors":[5,11,11,19,39,39,39],"current_hp_per_floor":[76,76,76,66,66,66,32,21,21,39,39,39,30,34,56,68,76,56,56,56,86,86,86,86,86,86,86,86,82,84,82,88,62,95,68,74,87,92,101,107,0,0],"gold":32,"neow_bonus":"NOSTALGIA","is_daily":false,"chose_seed":false,"campfire_upgraded":6,"win_rate":0.0,"timestamp":1613262406,"path_taken":["M","?","?","?","$","R","E","?","T","M","$","?","E","M","R","BOSS","?","T","?","?","?","T","AVR","T","T","T","?","E","?","?","T","BOSS","?","AVR","?","?","T","T","E"],"items_purchased_type":["Card","Card","Card","Relic","Card","Relic","Potion"],"build_version":"2020-12-22","purchased_purges":0,"victory":false,"max_hp_per_floor":[76,76,76,76,76,76,76,76,76,76,76,76,76,76,76,76,76,76,76,76,86,86,86,86,86,86,86,86,89,89,92,92,95,95,98,98,101,104,107,107,107,107],"card_choices":[{"not_picked":["DeceiveReality","ClearTheMind","Replay:DivineShield"],"picked":"SKIP","floor":1},{"not_picked":["PathToVictory","Worship"],"picked":"FlyingSleeves","floor":4},{"not_picked":["WheelKick","Replay:AtTheReady"],"picked":"Halt","floor":7},{"not_picked":["Evaluate","Replay:BluntJabs"],"picked":"WreathOfFlame","floor":10},{"not_picked":["Replay:ManipulateFuture","Replay:AtTheReady"],"picked":"LessonLearned","floor":13},{"not_picked":["EmptyBody","Vengeance"],"picked":"Replay:BluntJabs","floor":14},{"not_picked":["Devotion","Vault"],"picked":"Omniscience","floor":16},{"not_picked":["WreathOfFlame","ThirdEye+1"],"picked":"Tantrum","floor":18},{"not_picked":["WheelKick","Nirvana"],"picked":"Replay:BluntJabs","floor":19},{"not_picked":["BowlingBash+1","Prostrate"],"picked":"EmptyMind","floor":19},{"not_picked":["Fasting2+1","Adaptation+1"],"picked":"TalkToTheHand","floor":19},{"not_picked":["WheelKick+1","CrushJoints"],"picked":"JustLucky","floor":19},{"not_picked":["Replay:DivineShield+1","Replay:BluntJabs"],"picked":"CutThroughFate","floor":19},{"not_picked":["Replay:BluntJabs","Swivel"],"picked":"FlurryOfBlows","floor":22},{"not_picked":["LessonLearned","ThirdEye"],"picked":"ClearTheMind+1","floor":28},{"not_picked":["Replay:ManipulateFuture","ThirdEye"],"picked":"Adaptation","floor":29},{"not_picked":["Evaluate+1","Protect","MentalFortress+1"],"picked":"SKIP","floor":30},{"not_picked":["EmptyBody","BattleHymn"],"picked":"FlyingSleeves","floor":31},{"not_picked":["LessonLearned","Devotion"],"picked":"Alpha","floor":33},{"not_picked":["FlyingSleeves+1","EmptyBody"],"picked":"CrushJoints+1","floor":35},{"not_picked":["Meditate+1","Blasphemy"],"picked":"Replay:ManipulateFuture+1","floor":37},{"not_picked":["InnerPeace","Consecrate+1"],"picked":"Tantrum+1","floor":38}],"player_experience":343326,"relics_obtained":[{"floor":7,"key":"aspiration:TomeofQuesting"},{"floor":9,"key":"infinitespire:Satchel"},{"floor":13,"key":"infinitespire:EmpoweringShard"},{"floor":26,"key":"aspiration:Lifesprig"},{"floor":29,"key":"Replay:Ringing Soul"}],"event_choices":[{"cards_removed":["Defend_P"],"damage_healed":0,"gold_gain":0,"player_choice":"Purged","damage_taken":0,"max_hp_gain":0,"max_hp_loss":0,"event_name":"Purifier","floor":3,"gold_loss":0},{"damage_healed":0,"gold_gain":75,"player_choice":"Gold","damage_taken":11,"max_hp_gain":0,"max_hp_loss":0,"event_name":"betterThird:BetterGoop","floor":8,"gold_loss":0},{"cards_removed":["Omniscience"],"damage_healed":20,"gold_gain":0,"player_choice":"Offered Rare","damage_taken":0,"max_hp_gain":10,"max_hp_loss":0,"event_name":"Bonfire Elementals","floor":21,"gold_loss":0}],"is_beta":false,"boss_relics":[{"not_picked":["energizedSpire:MagnifyingGlass","aspiration:RitualDagger"],"picked":"Painkiller Herb"},{"not_picked":["energizedSpire:EnergizedDie","ReplayTheSpireMod:SealedPack"],"picked":"Philosopher\u0027s Stone"}],"items_purged_floors":[],"is_endless":false,"potions_floor_spawned":[1,4,7,13,18,28,31,37],"killed_by":"R_Hoarder","ascension_level":1}}