{"host":"fbtt2xdrd49xyqed","time":1613314415,"event":{"mods":["Act Like it!","BaseMod","Gensokyo","Koishi","Marisa£®ÏF”Í°°ƒß¿Ì…≥£©","Minty Spire (QoL Compilation)","Remilia£®¿Ÿ√◊¿Ú—«£©","StSLib","The Servant 0.9.4"],"gold_per_floor":[117,117,47,47,47,47,60,92,92,92,143,143,363,382,382,485,485,522,522,283,283,324,324,20,61,61,61,61,486,568,604,604,705,705,743,787,520,564,277,335,335,335,359,359,395,434,472,513,513,513,513,513,513,2,60,60],"floor_reached":57,"language":"ZHS","playtime":2155,"items_purged":["Defend_MRS","Defend_MRS+1"],"score":3095,"play_id":"801d500b-97c9-4b91-9c8a-666b8654e6f6","local_time":"20210214225335","is_ascension_mode":true,"campfire_choices":[{"data":"GalacticHalo","floor":6.0,"key":"SMITH"},{"data":"OneTimeOff","floor":10.0,"key":"SMITH"},{"floor":12.0,"key":"REST"},{"floor":15.0,"key":"RECALL"},{"data":"UpSweep","floor":23.0,"key":"SMITH"},{"data":"EnergyRecoil","floor":27.0,"key":"SMITH"},{"data":"Defend_MRS","floor":32.0,"key":"SMITH"},{"data":"UltimateShortwave","floor":49.0,"key":"SMITH"},{"data":"Gensokyo:LifeSpringInfinity","floor":53,"key":"SMITH"}],"circlet_count":0,"master_deck":["AscendersBane","UpSweep+1","GalacticHalo+1","AlicesGift+1","OneTimeOff+1","EnergyFlow+1","WitchOfGreed+1","EnergyRecoil+1","Gensokyo:TurboGranny+1","Gensokyo:TurboGranny+1","OortCloud+1","UltimateShortwave+1","Gensokyo:LifeSpringInfinity+1"],"relics":["MiniHakkero","Happy Flower","ScarletDevilRocket","Frozen Egg 2","Omamori","Toy Ornithopter","Empty Cage","Medical Kit","SimpleLauncher","DollysMirror","Mango","Pocketwatch","Darkstone Periapt","Busted Crown","TheAbacus","Matryoshka","Orichalcum","Bronze Scales","CeramicFish","Anchor","Ginger","ClockworkSouvenir","Centennial Puzzle"],"acts_visited":["Gensokyo:Gensokyo","Gensokyo:Gensokyoer","Gensokyo:Gensokyoest","TheEnding"],"potions_floor_usage":[51,56],"damage_taken":[{"damage":3.0,"enemies":"Gensokyo:2_Kodama","floor":1.0,"turns":4.0},{"damage":8.0,"enemies":"Gensokyo:Python","floor":7.0,"turns":3.0},{"damage":0.0,"enemies":"Gensokyo:Mamizou","floor":8.0,"turns":6.0},{"damage":0.0,"enemies":"Gensokyo:3_Fairies","floor":13.0,"turns":7.0},{"damage":0.0,"enemies":"Gensokyo:Python_and_Kodama","floor":14.0,"turns":6.0},{"damage":0.0,"enemies":"Gensokyo:Kokoro","floor":16.0,"turns":6.0},{"damage":6.0,"enemies":"Gensokyo:CosmicMonolith","floor":18.0,"turns":5.0},{"damage":1.0,"enemies":"Gensokyo:2_Gloops","floor":22.0,"turns":8.0},{"damage":0.0,"enemies":"Gensokyo:Monolith_and_Dog","floor":25.0,"turns":9.0},{"damage":10.0,"enemies":"Gensokyo:Monolith_and_Dog","floor":29.0,"turns":7.0},{"damage":0.0,"enemies":"Gensokyo:Chomper_and_Gloop","floor":31.0,"turns":6.0},{"damage":4.0,"enemies":"Gensokyo:Eiki","floor":33.0,"turns":5.0},{"damage":24.0,"enemies":"Gensokyo:3_Boulders","floor":35.0,"turns":6.0},{"damage":0.0,"enemies":"Gensokyo:3_Bats","floor":36.0,"turns":6.0},{"damage":0.0,"enemies":"Gensokyo:AtlasGolem","floor":38.0,"turns":5.0},{"damage":0.0,"enemies":"Gensokyo:Doremy","floor":40.0,"turns":4.0},{"damage":0.0,"enemies":"Gensokyo:3_Boulders","floor":45.0,"turns":6.0},{"damage":0.0,"enemies":"Gensokyo:SeedOfUnknown","floor":46.0,"turns":4.0},{"damage":0.0,"enemies":"Gensokyo:Rafflesia","floor":47.0,"turns":4.0},{"damage":0.0,"enemies":"Gensokyo:3_Boulders","floor":48.0,"turns":5.0},{"damage":0.0,"enemies":"Gensokyo:Scarlet_Devils","floor":50.0,"turns":4.0},{"damage":0,"enemies":"Gensokyo:Yuyuko","floor":51,"turns":4},{"damage":0,"enemies":"Shield and Spear","floor":55,"turns":6},{"damage":23,"enemies":"The Heart","floor":56,"turns":7}],"seed_played":"6768667904158832660","potions_obtained":[{"floor":8.0,"key":"Dexterity Potion"},{"floor":13.0,"key":"EssenceOfSteel"},{"floor":16.0,"key":"Block Potion"},{"floor":18.0,"key":"LiquidMemories"},{"floor":25.0,"key":"DuplicationPotion"},{"floor":29.0,"key":"FairyPotion"},{"floor":36.0,"key":"SteroidPotion"},{"floor":38.0,"key":"Weak Potion"},{"floor":40.0,"key":"SkillPotion"},{"floor":45.0,"key":"PowerPotion"},{"floor":46.0,"key":"Fruit Juice"},{"floor":46.0,"key":"ColorlessPotion"},{"floor":47.0,"key":"DistilledChaos"},{"floor":55,"key":"DuplicationPotion"}],"is_trial":false,"path_per_floor":["M","?","COS","?","?","R","M","E","T","R","T","R","M","M","R","B",null,"M","?","$","?","M","R","COS","M","T","R","$","?","T","M","R","B",null,"M","M","$","M","$","E","?","?","T","?","M","M","M","M","R","B","B",null,"R","$","E","B",null],"character_chosen":"MARISA","items_purchased":["Medical Kit","TheAbacus","Matryoshka","Ginger","ClockworkSouvenir"],"campfire_rested":1,"item_purchase_floors":[20,37,39,54,54],"current_hp_per_floor":[42,25,25,25,25,25,17,17,17,17,17,38,38,38,38,43,63,57,57,57,57,56,56,56,56,56,56,56,60,60,60,60,56,71,47,52,52,57,57,62,62,62,62,62,67,81,81,81,81,81,81,81,81,81,81,63],"gold":60,"neow_bonus":"REMOVE_TWO","is_daily":false,"chose_seed":false,"campfire_upgraded":7,"win_rate":0.0,"timestamp":1613314415,"path_taken":["M","?","COS","?","?","R","M","E","T","R","?","R","M","M","R","BOSS","M","?","$","?","M","R","COS","M","T","R","$","?","?","M","R","BOSS","M","M","$","M","$","E","?","?","T","?","M","?","?","M","R","BOSS","BOSS","R","$","E","BOSS"],"items_purchased_type":["Relic","Relic","Relic","Relic","Relic"],"build_version":"2020-12-22","purchased_purges":2,"victory":true,"max_hp_per_floor":[70,70,70,70,70,70,70,70,70,70,70,70,70,70,70,70,70,70,62,62,62,62,62,62,62,62,62,62,76,76,76,76,76,76,76,76,76,76,76,76,76,76,76,76,76,81,81,81,81,81,81,81,81,81,81,81],"card_choices":[{"not_picked":["Robbery","UnstableBomb"],"picked":"GalacticHalo","floor":1.0},{"not_picked":["MysteriousBeam","BlazeAway"],"picked":"OneTimeOff","floor":7.0},{"not_picked":["ManaConvection","OrrerysSun+1"],"picked":"OortCloud+1","floor":8.0},{"not_picked":["PowerUp","WitchLeyline"],"picked":"EnergyFlow+1","floor":13.0},{"not_picked":["ManaConvection","LuminesStrike"],"picked":"WitchOfGreed+1","floor":14.0},{"not_picked":["MagicChant","ChargingUp"],"picked":"EnergyRecoil","floor":18.0},{"not_picked":["Gensokyo:MissMary","Gensokyo:Doppelganger"],"picked":"Gensokyo:TurboGranny+1","floor":19.0},{"not_picked":["PowerUp","ChargingUp","DoubleSpark+1"],"picked":"SKIP","floor":22.0},{"not_picked":["SprinkleStarSeal","GasGiant","MagicAbsorber"],"picked":"SKIP","floor":25.0},{"not_picked":["MilkyWay","MysteriousBeam"],"picked":"OortCloud+1","floor":31.0},{"not_picked":["MillisecondPulsars+1","AbsoluteMagnitude"],"picked":"UltimateShortwave","floor":33.0},{"not_picked":["AsteroidBelt+1"],"picked":"SKIP","floor":35.0},{"not_picked":["OrrerysSun+1"],"picked":"SKIP","floor":36.0},{"not_picked":["DC"],"picked":"SKIP","floor":38.0},{"not_picked":["GravityBeat+1"],"picked":"SKIP","floor":40.0},{"not_picked":["Gensokyo:EverlastingLife","Gensokyo:NewMoon"],"picked":"Gensokyo:LifeSpringInfinity","floor":42.0},{"not_picked":["MilkyWay"],"picked":"SKIP","floor":45.0},{"not_picked":["OneTimeOff+1"],"picked":"SKIP","floor":46.0},{"not_picked":["OneTimeOff+1"],"picked":"SKIP","floor":46.0},{"not_picked":["BlazeAway+1"],"picked":"SKIP","floor":47.0},{"not_picked":["WitchOfGreed+1"],"picked":"SKIP","floor":48.0},{"not_picked":["EarthLightRay"],"picked":"SKIP","floor":55}],"player_experience":745687,"relics_obtained":[{"floor":8.0,"key":"Frozen Egg 2"},{"floor":9.0,"key":"Omamori"},{"floor":11.0,"key":"Toy Ornithopter"},{"floor":29.0,"key":"Mango"},{"floor":29.0,"key":"Pocketwatch"},{"floor":30.0,"key":"Darkstone Periapt"},{"floor":40.0,"key":"Orichalcum"},{"floor":43.0,"key":"Bronze Scales"},{"floor":43.0,"key":"CeramicFish"},{"floor":55,"key":"Centennial Puzzle"}],"event_choices":[],"is_beta":false,"boss_relics":[{"not_picked":["Sozu","Astrolabe"],"picked":"Empty Cage"},{"not_picked":["Tiny House","SacredBark"],"picked":"Busted Crown"}],"items_purged_floors":[20,37],"is_endless":false,"potions_floor_spawned":[8,13,18,25,36,45,46,47,55],"ascension_level":20}}