{"host":"y9jgkjnf95sujozk","time":1613300187,"event":{"mods":["2.2 Compatiblity","AchievementEnabler","Act Like it!","BaseMod","BetterRewards","Block Reminder","Colored Map","Colored Powertips","Friendly Minions","Gensokyo","GifTheSpireLib","Hallownest","Hermit","Highlight Path","HololiveMod","Hubris","Infinite Spire","Jorbs\u0027s Wanderer Trilogy","Koishi","Marisa（霧雨　魔理沙）","Minty Spire (QoL Compilation)","Quick Restart","Random Character Button","Rare Cards Sparkle","Reimu（博??梦）","Remilia（蕾米莉?）","Replay The Spire","Shop Mod","StSLib","SuperFastMode","The Bug Knight","The Cursed","The Disciple","The Hierophant","The Jungle","The Runesmith","The Senshi","The Servant 0.9.4"],"gold_per_floor":[113,38,52,70,70,70,100,100,100,130,156,185,185,212,212,212,212],"floor_reached":16,"language":"ENG","playtime":439,"items_purged":[],"score":169,"play_id":"c3156ebd-3dac-42b3-a689-aab4f318becf","local_time":"20210214115627","is_ascension_mode":true,"campfire_choices":[{"data":"MilkyWay","floor":6,"key":"SMITH"},{"floor":13,"key":"REST"},{"floor":15,"key":"REST"}],"circlet_count":0,"master_deck":["Strike_MRS","Strike_MRS","Strike_MRS","Strike_MRS","Defend_MRS","Defend_MRS","Defend_MRS","Defend_MRS","MasterSpark","UpSweep","MachineGunSpark","MilkyWay","DragonMeteor","ChargingUp","MilkyWay+1","WitchOfGreed","MachineGunSpark","SprinkleStarSeal","EnergyRecoil","StarlightTyphoon"],"relics":["MiniHakkero","Counterbalance","infinitespire:Bottled Soul","Nunchaku","Calipers"],"acts_visited":["Exordium"],"potions_floor_usage":[7,12,12,12,16,16],"damage_taken":[{"damage":0,"enemies":"Cultist","floor":1,"turns":3},{"damage":4,"enemies":"Jaw Worm","floor":3,"turns":3},{"damage":5,"enemies":"Small Slimes","floor":4,"turns":2},{"damage":18,"enemies":"HollowMod:MossKnight","floor":7,"turns":9},{"damage":8,"enemies":"2 Fungi Beasts","floor":10,"turns":4},{"damage":20,"enemies":"Blue Slaver","floor":11,"turns":5},{"damage":20,"enemies":"Exordium Thugs","floor":12,"turns":6},{"damage":14,"enemies":"3 Louse","floor":14,"turns":5},{"damage":43,"enemies":"The Guardian","floor":16,"turns":9}],"seed_played":"-2036608421063325297","potions_obtained":[{"floor":1,"key":"DistilledChaos"},{"floor":7,"key":"Elixir"},{"floor":10,"key":"Strength Potion"},{"floor":11,"key":"Fire Potion"},{"floor":11,"key":"EssenceOfSteel"},{"floor":12,"key":"SpeedPotion"},{"floor":14,"key":"BlessingOfTheForge"}],"is_trial":false,"path_per_floor":["M","$","M","M","?","R","E","?","T","M","M","M","R","M","R","B"],"character_chosen":"MARISA","items_purchased":["MachineGunSpark","DragonMeteor"],"campfire_rested":2,"item_purchase_floors":[0,2],"current_hp_per_floor":[75,75,71,66,75,75,57,57,57,49,29,9,31,17,39,0,0],"gold":212,"neow_bonus":"","is_daily":false,"chose_seed":false,"campfire_upgraded":1,"win_rate":0.0,"timestamp":1613300187,"path_taken":["M","$","?","M","?","R","E","?","T","M","M","M","R","M","R","BOSS"],"items_purchased_type":["Card","Card"],"build_version":"2020-12-22","purchased_purges":0,"victory":false,"max_hp_per_floor":[75,75,75,75,75,75,75,75,75,75,75,75,75,75,75,75,75],"card_choices":[{"not_picked":["NonDirectionalLaser","PowerUp"],"picked":"MilkyWay","floor":1},{"not_picked":["IllusionStar","MysteriousBeam"],"picked":"ChargingUp","floor":3},{"not_picked":["ShootTheMoon","PowerUp"],"picked":"MilkyWay","floor":4},{"not_picked":["PowerUp","DarkMatter"],"picked":"WitchOfGreed","floor":7},{"not_picked":["UnstableBomb","ShootingEcho"],"picked":"MachineGunSpark","floor":10},{"not_picked":["AsteroidBelt","WitchLeyline"],"picked":"SprinkleStarSeal","floor":11},{"not_picked":["GravityBeat","WitchLeyline"],"picked":"EnergyRecoil","floor":12},{"not_picked":["StarBarrage","DoubleSpark"],"picked":"StarlightTyphoon","floor":14}],"player_experience":136890,"relics_obtained":[{"floor":7,"key":"infinitespire:Bottled Soul"},{"floor":9,"key":"Calipers"}],"event_choices":[{"damage_healed":25,"gold_gain":0,"player_choice":"Banana","damage_taken":0,"max_hp_gain":0,"max_hp_loss":0,"event_name":"Big Fish","floor":5,"gold_loss":0},{"damage_healed":0,"gold_gain":0,"player_choice":"Gave Potion","damage_taken":0,"relics_obtained":["Nunchaku"],"max_hp_gain":0,"max_hp_loss":0,"event_name":"WeMeetAgain","floor":8,"gold_loss":0}],"is_beta":false,"boss_relics":[],"items_purged_floors":[],"is_endless":false,"potions_floor_spawned":[1,7,11],"killed_by":"The Guardian","ascension_level":2}}