{"host":"xw7092rw7wabncmm","time":1613337552,"event":{"mods":["AchievementEnabler","BaseMod","Bestiary","Block Reminder","Minty Spire (QoL Compilation)","Quick Restart","Relic Stats","Slay-I","Weighted Paths"],"gold_per_floor":[118,136,154,170,185,185,185],"floor_reached":6,"language":"ENG","playtime":378,"items_purged":[],"score":62,"play_id":"af7160cd-2753-45ec-b622-7196d6ba4580","local_time":"20210214161912","is_ascension_mode":true,"campfire_choices":[],"circlet_count":0,"master_deck":["AscendersBane","Strike_B","Strike_B","Strike_B","Strike_B","Defend_B","Defend_B","Defend_B","Defend_B","Zap","Dualcast","Creative AI","Go for the Eyes","Streamline","Ball Lightning","Beam Cell","Conserve Battery"],"relics":["Cracked Core"],"acts_visited":["Exordium"],"potions_floor_usage":[5],"damage_taken":[{"damage":0,"enemies":"Cultist","floor":1,"turns":5},{"damage":2,"enemies":"2 Louse","floor":2,"turns":4},{"damage":5,"enemies":"Small Slimes","floor":3,"turns":3},{"damage":12,"enemies":"3 Louse","floor":4,"turns":3},{"damage":2,"enemies":"Exordium Wildlife","floor":5,"turns":3},{"damage":35,"enemies":"3 Sentries","floor":6,"turns":5}],"seed_played":"2190536419036019051","potions_obtained":[{"floor":3,"key":"Energy Potion"},{"floor":4,"key":"SkillPotion"}],"is_trial":false,"path_per_floor":["M","M","M","M","M","E"],"character_chosen":"DEFECT","items_purchased":[],"campfire_rested":0,"item_purchase_floors":[],"current_hp_per_floor":[50,48,43,31,29,0,0],"gold":185,"neow_bonus":"THREE_RARE_CARDS","is_daily":false,"chose_seed":false,"campfire_upgraded":0,"win_rate":0.0,"timestamp":1613337552,"path_taken":["M","M","M","M","M","E"],"items_purchased_type":[],"build_version":"2020-12-22","purchased_purges":0,"victory":false,"max_hp_per_floor":[75,75,75,75,75,75,75],"relic_stats":{"counters":[6,23],"obtain_stats":[{"Cracked Core":0},{"Cracked Core":0},{"Cracked Core":0}]},"card_choices":[{"not_picked":["Machine Learning","Biased Cognition"],"picked":"Creative AI","floor":0},{"not_picked":["Streamline","Gash"],"picked":"Go for the Eyes","floor":1},{"not_picked":["Loop","Fusion"],"picked":"Streamline","floor":2},{"not_picked":["Rip and Tear","Static Discharge"],"picked":"Ball Lightning","floor":3},{"not_picked":["Barrage","Compile Driver"],"picked":"Beam Cell","floor":4},{"not_picked":["White Noise","Loop"],"picked":"Conserve Battery","floor":5}],"player_experience":1647611,"relics_obtained":[],"event_choices":[],"is_beta":false,"boss_relics":[],"items_purged_floors":[],"is_endless":false,"potions_floor_spawned":[3,4],"killed_by":"3 Sentries","ascension_level":11}}