{"host":"wsd05vng5ye8i513","time":1613294326,"event":{"mods":["Act Like it!","BaseMod","KinomotoSakuraMod(木之本樱)","Marisa（F雨　魔理沙）","Minty Spire (QoL Compilation)","Replay The Spire","StSLib","WarShipGirlsR/战舰少女R mod","[IsaacMod]以撒尖塔","【遗物卡牌】REMEMod"],"gold_per_floor":[113,164,164,164,164,177,190,190,223,223,276,276,294,36,63,28,28,123,123,136,136,136,136,136,171,171,171,206,297,297,23,37,50,50,174,174,315,315,349,372,444,28,106,187,220,263,263,263,75,105,138,185,185,251],"floor_reached":55,"language":"ZHS","playtime":4604,"items_purged":["Defend_MRS","Strike_MRS","Defend_MRS"],"score":845,"play_id":"1f783e1d-587e-478c-afe3-c86fc14f2754","local_time":"20210214171846","is_ascension_mode":false,"campfire_choices":[{"data":"MysteriousBeam","floor":8.0,"key":"SMITH"},{"data":"PropBag","floor":10.0,"key":"SMITH"},{"data":"DC","floor":17.0,"key":"SMITH"},{"floor":34.0,"key":"REST"},{"data":"REME_WheelOfFate","floor":36.0,"key":"SMITH"},{"data":"MillisecondPulsars","floor":48,"key":"SMITH"},{"data":"MaximisePower","floor":53,"key":"SMITH"}],"circlet_count":0,"master_deck":["Strike_MRS","Defend_MRS","MasterSpark","UpSweep","UnstableBomb","MysteriousBeam+1","AsteroidBelt","DC+1","SporeBomb","GrandCross","PropBag+1","OpenUniverse","IllusionStar+1","Parasite","Parasite","ChargeUpSpray","EarthLightRay","MaximisePower+1","ShootTheMoon","MagicAbsorber+1","REME_WheelOfFate+1","PowerUp","MillisecondPulsars+1","MachineGunSpark+1","PropBag+1","DarkMatter","REME_HeartOfCthun","BigCrunch"],"relics":["MiniHakkero","REME_ComplimentaryCards","HushsDoor","PillsDrop","Prayer Wheel","Juzu Bracelet","Anchor","ShroomBag","Darkstone Periapt","Black Star","GuppysHead","GnawedLeaf","Divine Protection","Replay:Baseball","Simple Rune","Bag of Preparation","ReplayTheSpireMod:TigerMarble","BargainBundle","Replay:Bandana","RampagingMagicTools","Pen Nib","UnicornStump","Lantern","YumHeart","Replay:PocketPolymizer","Letter Opener","Vajra","Boot"],"acts_visited":["Exordium","TheCity","TheBeyond"],"potions_floor_usage":[39],"damage_taken":[{"damage":0.0,"enemies":"2 Louse","floor":1.0,"turns":3.0},{"damage":2.0,"enemies":"Cultist","floor":6.0,"turns":3.0},{"damage":4.0,"enemies":"Jaw Worm","floor":7.0,"turns":2.0},{"damage":29.0,"enemies":"Gremlin Nob","floor":9.0,"turns":4.0},{"damage":1.0,"enemies":"Exordium Wildlife","floor":13.0,"turns":3.0},{"damage":10.0,"enemies":"Lagavulin","floor":15.0,"turns":4.0},{"damage":0.0,"enemies":"Fading Forest","floor":18.0,"turns":11.0},{"damage":0.0,"enemies":"Chosen","floor":20.0,"turns":3.0},{"damage":29.0,"enemies":"Book of Stabbing","floor":25.0,"turns":4.0},{"damage":43.0,"enemies":"REME_1_Revenger","floor":28.0,"turns":4.0},{"damage":0.0,"enemies":"2 Thieves","floor":32.0,"turns":2.0},{"damage":4.0,"enemies":"Chosen and Byrds","floor":33.0,"turns":6.0},{"damage":4.0,"enemies":"Centurion and Healer","floor":35.0,"turns":3.0},{"damage":11.0,"enemies":"Pondfish","floor":37.0,"turns":8.0},{"damage":25,"enemies":"3 Darklings","floor":39,"turns":4},{"damage":0,"enemies":"Orb Walker","floor":40,"turns":2},{"damage":0,"enemies":"Hiden Room Battle","floor":41,"turns":3},{"damage":0,"enemies":"2 Orb Walkers","floor":43,"turns":2},{"damage":1,"enemies":"Giant Head","floor":44,"turns":4},{"damage":0,"enemies":"Jaw Worm Horde","floor":45,"turns":3},{"damage":0,"enemies":"Writhing Mass","floor":46,"turns":2},{"damage":0,"enemies":"3 Darklings","floor":50,"turns":1},{"damage":0,"enemies":"Spire Growth","floor":51,"turns":2},{"damage":0,"enemies":"Transient","floor":52,"turns":5},{"damage":7,"enemies":"Replay:Hell Engine","floor":54,"turns":3}],"seed_played":"184487950281303880","potions_obtained":[{"floor":9.0,"key":"LiquidMemories"},{"floor":13.0,"key":"SkillPotion"},{"floor":25.0,"key":"REME_GoldPotion"},{"floor":28.0,"key":"DistilledChaos"},{"floor":37.0,"key":"Fruit Juice"},{"floor":41,"key":"Fire Potion"},{"floor":43,"key":"BlessingOfTheForge"},{"floor":46,"key":"BottledSpark"}],"is_trial":false,"path_per_floor":["M","?","PTL","PTL","?","M","M","R","E","R","T","?","M","$","E","$","R","B",null,"M","?","$","?","$","E","PTL","PTL","E","?","T","$","M","M","R","M","R","B",null,"M","M","?","$","?","E","M","M","T","R","$","M","M","M","R","B",null],"character_chosen":"MARISA","items_purchased":["IllusionStar+1","ShroomBag","ChargeUpSpray","GuppysHead","EarthLightRay","BargainBundle","REME_WheelOfFate","YumHeart","REME_HeartOfCthun"],"campfire_rested":1,"item_purchase_floors":[14,14,16,19,19,31,31,42,49],"current_hp_per_floor":[82,67,67,67,67,65,61,61,32,32,32,37,48,48,42,42,42,46,74,74,74,74,74,74,45,45,45,10,10,10,10,12,16,36,43,43,40,72,52,54,47,47,47,52,58,66,66,66,66,72,72,72,72,67],"gold":251,"neow_bonus":"TEN_PERCENT_HP_BONUS","is_daily":false,"chose_seed":false,"campfire_upgraded":6,"win_rate":0.0,"timestamp":1613294326,"path_taken":["M","?","PTL","PTL","?","M","M","R","E","R","T","?","M","$","E","$","R","BOSS","M","?","$","?","$","E","PTL","PTL","E","?","T","$","M","M","R","M","R","BOSS","M","M","?","$","?","E","M","M","T","R","?","M","M","M","R","BOSS"],"items_purchased_type":["Card","Relic","Card","Relic","Card","Relic","Card","Relic","Card"],"build_version":"2020-12-22","purchased_purges":3,"victory":true,"max_hp_per_floor":[82,82,82,82,82,82,82,82,82,82,82,87,87,87,87,87,87,87,74,74,74,74,74,74,74,74,74,74,74,74,74,69,69,69,72,72,72,72,72,72,72,72,72,72,72,72,72,72,72,72,72,72,72,72],"card_choices":[{"not_picked":["StarDustReverie","LuminesStrike"],"picked":"UnstableBomb","floor":1.0},{"not_picked":[],"picked":"MysteriousBeam","floor":5.0},{"not_picked":["SuperPerseids","6A"],"picked":"AsteroidBelt","floor":6.0},{"not_picked":["Bomb","StarDustReverie"],"picked":"DC","floor":6.0},{"not_picked":["DoubleSpark","ChargingUp"],"picked":"SporeBomb","floor":7.0},{"not_picked":["UnstableBomb","MagicAbsorber"],"picked":"GrandCross","floor":7.0},{"not_picked":["Acceleration","BlazingStar"],"picked":"PropBag","floor":9.0},{"not_picked":["AlicesGift","AsteroidBelt"],"picked":"OpenUniverse","floor":13.0},{"not_picked":["DC","UnstableBomb","OpenUniverse"],"picked":"SKIP","floor":13.0},{"not_picked":["GalacticHalo","OrrerysSun","RefractionSpark"],"picked":"SKIP","floor":15.0},{"not_picked":["DarkSpark","DeepEcoloBomb","Acceleration+1"],"picked":"SKIP","floor":20.0},{"not_picked":["DoubleSpark","Robbery+1","Acceleration"],"picked":"SKIP","floor":20.0},{"not_picked":["SporeBomb","MilkyWay"],"picked":"MaximisePower","floor":25.0},{"not_picked":["MachineGunSpark","IllusionStar"],"picked":"ShootTheMoon","floor":28.0},{"not_picked":["MilkyWay","ShootingEcho"],"picked":"MagicAbsorber+1","floor":29.0},{"not_picked":["GrandCross","UnstableBomb","ShootTheMoon"],"picked":"SKIP","floor":32.0},{"not_picked":["ShootTheMoon","WitchOfGreed","OrrerysSun"],"picked":"SKIP","floor":32.0},{"not_picked":["GrandCross","OpenUniverse+1","BlazeAway"],"picked":"SKIP","floor":33.0},{"not_picked":["NonDirectionalLaser+1","DoubleSpark+1","ShootingEcho"],"picked":"SKIP","floor":33.0},{"not_picked":["DC","AsteroidBelt"],"picked":"PowerUp","floor":35.0},{"not_picked":["MaximisePower","GrandCross","SporeBomb"],"picked":"SKIP","floor":35.0},{"not_picked":["EscapeVelocity","AbsoluteMagnitude"],"picked":"MillisecondPulsars","floor":37.0},{"not_picked":["PowerUp+1","SporeBomb","BlazeAway"],"picked":"SKIP","floor":39},{"not_picked":["ShootingEcho","NonDirectionalLaser","UnstableBomb"],"picked":"SKIP","floor":39},{"not_picked":["SporeBomb+1","DarkMatter+1","NonDirectionalLaser"],"picked":"SKIP","floor":40},{"not_picked":["GrandCross","StarBarrage","WitchOfGreed+1"],"picked":"SKIP","floor":40},{"not_picked":["NonDirectionalLaser","PowerUp"],"picked":"MachineGunSpark+1","floor":43},{"not_picked":["UnstableBomb+1","SuperPerseids+1"],"picked":"PropBag+1","floor":44},{"not_picked":["DarkSpark+1","IllusionStar+1","MilkyWay"],"picked":"SKIP","floor":45},{"not_picked":["ManaConvection+1","MysteriousBeam","UnstableBomb"],"picked":"SKIP","floor":45},{"not_picked":["OrrerysSun+1","SuperPerseids","UltimateShortwave"],"picked":"SKIP","floor":46},{"not_picked":["NonDirectionalLaser","WitchOfGreed+1","GalacticHalo+1"],"picked":"SKIP","floor":46},{"not_picked":["ShootingEcho+1","PulseMagic","EnergyFlow"],"picked":"SKIP","floor":50},{"not_picked":["OortCloud","MilkyWay","AsteroidBelt+1"],"picked":"SKIP","floor":50},{"not_picked":["SprinkleStarSeal","BlazeAway","PowerUp+1"],"picked":"SKIP","floor":51},{"not_picked":["SporeBomb+1","CollectingQuirk","ShootingEcho"],"picked":"SKIP","floor":51},{"not_picked":["SporeBomb+1","ShootingEcho+1","IllusionStar"],"picked":"SKIP","floor":52},{"not_picked":["Acceleration+1","BlazeAway","GasGiant"],"picked":"SKIP","floor":52}],"player_experience":5993,"relics_obtained":[{"floor":9.0,"key":"Juzu Bracelet"},{"floor":11.0,"key":"Anchor"},{"floor":15.0,"key":"Darkstone Periapt"},{"floor":25.0,"key":"GnawedLeaf"},{"floor":25.0,"key":"Divine Protection"},{"floor":28.0,"key":"Replay:Baseball"},{"floor":28.0,"key":"Simple Rune"},{"floor":29.0,"key":"Bag of Preparation"},{"floor":30.0,"key":"ReplayTheSpireMod:TigerMarble"},{"floor":41,"key":"UnicornStump"},{"floor":41,"key":"Lantern"},{"floor":43,"key":"Replay:PocketPolymizer"},{"floor":44,"key":"Letter Opener"},{"floor":44,"key":"Vajra"},{"floor":47,"key":"Boot"}],"event_choices":[{"damage_healed":0.0,"max_hp_gain":5.0,"max_hp_loss":0.0,"gold_gain":0.0,"event_name":"Big Fish","player_choice":"Donut","floor":12.0,"gold_loss":0.0,"damage_taken":0.0},{"cards_removed":["Strike_MRS"],"damage_healed":0.0,"max_hp_gain":0.0,"max_hp_loss":0.0,"gold_gain":0.0,"event_name":"Back to Basics","player_choice":"Elegance","floor":21.0,"gold_loss":0.0,"damage_taken":0.0},{"damage_healed":0.0,"max_hp_gain":0.0,"max_hp_loss":0.0,"gold_gain":0.0,"event_name":"Ghosts","player_choice":"Ignored","floor":23.0,"gold_loss":0.0,"damage_taken":0.0},{"damage_healed":0,"gold_gain":0,"player_choice":"Fight","damage_taken":0,"max_hp_gain":0,"max_hp_loss":0,"event_name":"HidenRoomEvent","floor":41,"gold_loss":0},{"damage_healed":0,"gold_gain":0,"player_choice":"Fight","damage_taken":0,"max_hp_gain":0,"max_hp_loss":0,"event_name":"Mysterious Sphere","floor":43,"gold_loss":0}],"is_beta":false,"boss_relics":[{"not_picked":["SlaversCollar","Coffee Dripper"],"picked":"Black Star"},{"not_picked":[]},{"not_picked":["Snecko Eye","Kintsugi"],"picked":"RampagingMagicTools"},{"not_picked":[]}],"items_purged_floors":[14,31,42],"is_endless":false,"potions_floor_spawned":[9,13,25,28,37,41,43,46,50],"ascension_level":0}}