{"host":"c83fcgyuu74iknko","time":1613300494,"event":{"mods":["BaseMod","BetterRewards","Colored Map","Colored Powertips","Minty Spire (QoL Compilation)","Quick Restart","StSLib","The Animator","The Senshi"],"gold_per_floor":[115,115,40,67,86,111,111,111,111,137,137,149,163,177,177,177,177],"floor_reached":16,"language":"ENG","playtime":633,"items_purged":["Strike_P"],"score":135,"play_id":"26231e9f-591a-4fe6-896a-4cd0dec1f6c2","local_time":"20210214030134","is_ascension_mode":false,"campfire_choices":[{"data":"Worship","floor":7,"key":"SMITH"},{"floor":11,"key":"DIG"},{"floor":15,"key":"DIG"}],"circlet_count":0,"master_deck":["Strike_P","Strike_P","Strike_P","Defend_P","Defend_P","Defend_P","Defend_P","Eruption","Vigilance","Worship+1","Protect","Perseverance","Pray","Consecrate"],"relics":["PureWater","NeowsBlessing","Pen Nib","MealTicket","Ice Cream","Calipers","Shovel","Strawberry","Toxic Egg 2"],"acts_visited":["Exordium"],"potions_floor_usage":[10,14],"damage_taken":[{"damage":0,"enemies":"Jaw Worm","floor":1,"turns":1},{"damage":0,"enemies":"Cultist","floor":5,"turns":1},{"damage":0,"enemies":"Gremlin Nob","floor":6,"turns":1},{"damage":39,"enemies":"Lagavulin","floor":10,"turns":11},{"damage":0,"enemies":"Small Slimes","floor":12,"turns":7},{"damage":0,"enemies":"2 Fungi Beasts","floor":13,"turns":6},{"damage":7,"enemies":"Lots of Slimes","floor":14,"turns":12},{"damage":27,"enemies":"Slime Boss","floor":16,"turns":3}],"seed_played":"-6868619599137252474","potions_obtained":[{"floor":1,"key":"ColorlessPotion"},{"floor":12,"key":"Dexterity Potion"},{"floor":13,"key":"DuplicationPotion"}],"is_trial":false,"path_per_floor":["M","?","$","T","M","E","R","?","T","E","R","M","M","M","R","B"],"character_chosen":"WATCHER","items_purchased":[],"campfire_rested":0,"item_purchase_floors":[],"current_hp_per_floor":[72,72,72,72,72,72,72,65,65,26,33,33,33,26,26,0,0],"gold":177,"neow_bonus":"THREE_ENEMY_KILL","is_daily":false,"chose_seed":false,"campfire_upgraded":1,"win_rate":0.0,"timestamp":1613300494,"path_taken":["M","?","$","?","M","E","R","?","T","E","R","M","M","M","R","BOSS"],"items_purchased_type":[],"build_version":"2020-12-22","purchased_purges":1,"victory":false,"max_hp_per_floor":[72,72,72,72,72,72,72,72,72,72,79,79,79,79,79,79,79],"card_choices":[{"not_picked":["Study","ClearTheMind"],"picked":"Worship","floor":1},{"not_picked":["PathToVictory","FlyingSleeves"],"picked":"Protect","floor":5},{"not_picked":["Weave","JustLucky","Consecrate"],"picked":"SKIP","floor":6},{"not_picked":["SandsOfTime","LikeWater"],"picked":"Perseverance","floor":10},{"not_picked":["Indignation","Consecrate"],"picked":"Pray","floor":12},{"not_picked":["EmptyFist","Weave","Consecrate"],"picked":"SKIP","floor":13},{"not_picked":["Adaptation","Sanctity"],"picked":"Consecrate","floor":14}],"player_experience":272744,"relics_obtained":[{"floor":4,"key":"Pen Nib"},{"floor":6,"key":"MealTicket"},{"floor":9,"key":"Calipers"},{"floor":10,"key":"Shovel"},{"floor":11,"key":"Strawberry"},{"floor":15,"key":"Toxic Egg 2"}],"event_choices":[{"damage_healed":0,"gold_gain":0,"player_choice":"Bought 0 Potions","damage_taken":0,"max_hp_gain":0,"max_hp_loss":0,"event_name":"The Woman in Blue","floor":2,"gold_loss":0},{"damage_healed":0,"gold_gain":0,"player_choice":"Success","damage_taken":7,"relics_obtained":["Ice Cream"],"max_hp_gain":0,"max_hp_loss":0,"event_name":"Scrap Ooze","floor":8,"gold_loss":0}],"is_beta":false,"boss_relics":[],"items_purged_floors":[3],"is_endless":false,"potions_floor_spawned":[1,12,13],"killed_by":"Slime Boss","ascension_level":0}}