{"host":"1xo5g347e5o4auts","time":1613287372,"event":{"mods":["BaseMod","Minty Spire (QoL Compilation)","Permanent Neow","StSLib"],"gold_per_floor":[112,123,143,160,160,160,185,185,185,199,199,225,238,256,256,335,335,346,346,362,377,267,267,267],"floor_reached":23,"language":"ENG","playtime":623,"items_purged":[],"score":435,"play_id":"95be6055-10a7-472a-9475-5b5bcccbe66d","local_time":"20210214092252","is_ascension_mode":true,"campfire_choices":[{"data":"Bludgeon","floor":6.0,"key":"SMITH"},{"data":"Whirlwind","floor":8.0,"key":"SMITH"},{"data":"Shockwave","floor":11.0,"key":"SMITH"},{"data":"Armaments","floor":15.0,"key":"SMITH"}],"circlet_count":0,"master_deck":["AscendersBane","Defend_R","Defend_R","Defend_R","Bash","Bludgeon+1","Shrug It Off","Shockwave+1","Battle Trance","Whirlwind+1","Dropkick","Armaments+1","Reaper","Bite","Bite","Bite","Bite","Bite","Disarm+1"],"relics":["Burning Blood","Nunchaku","InkBottle","Ice Cream","Runic Dome"],"acts_visited":["Exordium","TheCity"],"potions_floor_usage":[],"damage_taken":[{"damage":6.0,"enemies":"Cultist","floor":1.0,"turns":3.0},{"damage":2.0,"enemies":"Jaw Worm","floor":2.0,"turns":3.0},{"damage":0.0,"enemies":"2 Louse","floor":3.0,"turns":3.0},{"damage":6.0,"enemies":"Exordium Thugs","floor":4.0,"turns":4.0},{"damage":5.0,"enemies":"Lagavulin","floor":7.0,"turns":5.0},{"damage":6.0,"enemies":"Exordium Wildlife","floor":10.0,"turns":3.0},{"damage":11.0,"enemies":"Gremlin Nob","floor":12.0,"turns":3.0},{"damage":3.0,"enemies":"Looter","floor":13.0,"turns":4.0},{"damage":4.0,"enemies":"Blue Slaver","floor":14.0,"turns":3.0},{"damage":16.0,"enemies":"The Guardian","floor":16.0,"turns":12.0},{"damage":0.0,"enemies":"2 Thieves","floor":18.0,"turns":3.0},{"damage":0.0,"enemies":"3 Byrds","floor":20.0,"turns":3.0},{"damage":21,"enemies":"Sentry and Sphere","floor":21,"turns":4},{"damage":53,"enemies":"Gremlin Leader","floor":23,"turns":4}],"seed_played":"-882513966073038266","potions_obtained":[{"floor":5.0,"key":"FearPotion"},{"floor":5.0,"key":"LiquidMemories"},{"floor":10.0,"key":"PowerPotion"},{"floor":12.0,"key":"Fruit Juice"},{"floor":13.0,"key":"BlessingOfTheForge"},{"floor":16.0,"key":"DistilledChaos"},{"floor":21,"key":"HeartOfIron"}],"is_trial":false,"path_per_floor":["M","M","M","M","?","R","E","R","T","M","R","E","M","M","R","B",null,"M","?","M","M","?","E"],"character_chosen":"IRONCLAD","items_purchased":[],"campfire_rested":0,"item_purchase_floors":[],"current_hp_per_floor":[68,68,68,68,68,68,68,68,68,68,68,63,71,73,73,63,71,73,51,51,36,36,0,0],"gold":267,"neow_bonus":"THREE_RARE_CARDS","is_daily":false,"chose_seed":false,"campfire_upgraded":4,"win_rate":0.0,"timestamp":1613287372,"path_taken":["M","M","M","?","?","R","E","R","T","?","R","E","M","M","R","BOSS","M","?","M","M","?","E"],"items_purchased_type":[],"build_version":"2020-12-22","purchased_purges":0,"victory":false,"max_hp_per_floor":[68,68,68,68,68,68,68,68,68,68,68,68,73,73,73,73,73,73,51,51,51,51,51,51],"card_choices":[{"not_picked":["Fiend Fire","Exhume"],"picked":"Bludgeon","floor":0.0},{"not_picked":["Wild Strike","Armaments","Sword Boomerang"],"picked":"SKIP","floor":1.0},{"not_picked":["Perfected Strike","Bloodletting"],"picked":"Shrug It Off","floor":2.0},{"not_picked":["Burning Pact","Rage"],"picked":"Shockwave","floor":3.0},{"not_picked":["Heavy Blade","Blood for Blood"],"picked":"Battle Trance","floor":4.0},{"not_picked":["Burning Pact","Seeing Red"],"picked":"Whirlwind","floor":7.0},{"not_picked":["Heavy Blade","Rampage","Perfected Strike"],"picked":"SKIP","floor":10.0},{"not_picked":["Twin Strike","Havoc","Flex"],"picked":"SKIP","floor":12.0},{"not_picked":["Pummel","Sever Soul","Dropkick"],"picked":"SKIP","floor":13.0},{"not_picked":["Pummel","Sever Soul"],"picked":"Dropkick","floor":13.0},{"not_picked":["Entrench","Armaments","Body Slam"],"picked":"SKIP","floor":14.0},{"not_picked":["Entrench","Body Slam"],"picked":"Armaments","floor":14.0},{"not_picked":["Juggernaut","Impervious"],"picked":"Reaper","floor":16.0},{"not_picked":["Armaments","Flex","Iron Wave+1"],"picked":"SKIP","floor":18.0},{"not_picked":["Headbutt","Cleave","Rupture"],"picked":"SKIP","floor":20.0},{"not_picked":["Inflame","Heavy Blade"],"picked":"Disarm","floor":21}],"player_experience":1486737,"relics_obtained":[{"floor":7.0,"key":"Nunchaku"},{"floor":9.0,"key":"InkBottle"},{"floor":12.0,"key":"Ice Cream"}],"event_choices":[{"damage_healed":0.0,"max_hp_gain":0.0,"max_hp_loss":0.0,"gold_gain":0.0,"event_name":"Lab","player_choice":"Got Potions","floor":5.0,"gold_loss":0.0,"damage_taken":0.0},{"damage_healed":0.0,"max_hp_gain":0.0,"max_hp_loss":22.0,"gold_gain":0.0,"event_name":"Vampires","player_choice":"Became a vampire","floor":19.0,"gold_loss":0.0,"damage_taken":0.0,"cards_obtained":["Bite","Bite","Bite","Bite","Bite"]},{"cards_removed":["Defend_R"],"damage_healed":0,"gold_gain":0,"player_choice":"Upgrade and Remove","damage_taken":0,"max_hp_gain":0,"max_hp_loss":0,"event_name":"Designer","floor":22,"gold_loss":110,"cards_upgraded":["Disarm"]}],"is_beta":false,"boss_relics":[{"not_picked":["Empty Cage","Ectoplasm"],"picked":"Runic Dome"}],"items_purged_floors":[],"is_endless":false,"potions_floor_spawned":[10,12,13,14,16,21],"killed_by":"Gremlin Leader","ascension_level":20}}