{"host":"q5l3nirlejh5mn15","time":1613301781,"event":{"mods":["BaseMod","Bossed Relics","Downfall","Energized Spire","FoggyMod","Hermit","Koishi","Lobotomy","LobotomyExtend","Marisa£®ÏF”Í°°ƒß¿Ì…≥£©","Minty Spire (QoL Compilation)","MostiFishMod","Reimu£®≤©¿ˆ¡È√Œ£©","Relic Filter Mod","Reliquary","Remilia£®¿Ÿ√◊¿Ú—«£©","RumiaBox-¬∂√◊Ê´µƒ…Ò√ÿ∫–◊”","Spicy Shops","StSLib","TestMod","The Hierophant","The Servant 0.9.4","UnlockEverythingMod","°æπ¶ƒ‹Mod°øªÏ„Á÷Æª∑–ﬁ∏¥≤π∂°","°æ“≈ŒÔø®≈∆°øREMEMod"],"gold_per_floor":[112,35,35,35,0,0,0],"floor_reached":6,"language":"ZHS","playtime":234,"items_purged":["Gluttony_TH"],"score":32,"play_id":"78707b0c-819b-44f0-81f6-dd55327425ce","local_time":"20210214192301","is_ascension_mode":false,"campfire_choices":[],"circlet_count":0,"master_deck":["SpecialBullet","SpecialBullet","SpecialBullet","SpecialBullet","SpecialBullet","SpecialBullet","SpecialBullet","SpecialBullet","InformationCode","DisciplinaryCode","RecordCode","BeautyBeast","Pleasure","Doubt","Gluttony_TH","Gluttony_TH","Heaven"],"relics":["CogitoBucket","DaveBox","testmod-TestBox","REME_ComplimentaryCards","testmod-D®¶j®§vu","testmod-LifeArmor","RhineFirstAidKit","SynthV:TestCard","LetterFromLob","testmod-Faith","testmod-Laevatain","Blue Candle","DiscerningMonocle","GodSword6","Meat on the Bone","MagicDraw2"],"acts_visited":["Exordium"],"potions_floor_usage":[],"damage_taken":[{"damage":6,"enemies":"2 Louse","floor":1,"turns":2},{"damage":6,"enemies":"Gremlin Nob","floor":6,"turns":2}],"seed_played":"1426286044352366304","potions_obtained":[],"is_trial":false,"path_per_floor":["M","$","?","?","$","E"],"character_chosen":"Angela","items_purchased":["testmod-Faith","testmod-Laevatain","DiscerningMonocle","GodSword6","Meat on the Bone","MagicDraw2","Heaven"],"campfire_rested":0,"item_purchase_floors":[2,2,5,5,5,5,5],"current_hp_per_floor":[43,43,36,31,5,0,0],"gold":0,"neow_bonus":"ONE_RARE_RELIC","is_daily":false,"chose_seed":false,"campfire_upgraded":0,"win_rate":0.0,"timestamp":1613301781,"path_taken":["M","$","?","?","?","E"],"items_purchased_type":["Relic","Relic","Relic","Relic","Relic","Relic","Card"],"build_version":"2020-12-22","purchased_purges":1,"victory":false,"max_hp_per_floor":[70,70,70,70,70,70,70],"card_choices":[{"not_picked":["Murderer","BigBird"],"picked":"BeautyBeast","floor":1},{"not_picked":["Lantern"],"picked":"Pleasure","floor":1}],"player_experience":274075,"relics_obtained":[{"floor":1,"key":"SynthV:TestCard"},{"floor":1,"key":"LetterFromLob"}],"event_choices":[],"is_beta":false,"boss_relics":[],"items_purged_floors":[5],"is_endless":false,"potions_floor_spawned":[],"killed_by":"Gremlin Nob","ascension_level":0}}