{"host":"wp105hvsojjeutt1","time":1613344590,"event":{"mods":["2.2 Compatiblity","AchievementEnabler","Act Like it!","Aspiration","BaseMod","Best Route Mod","Better Match","Better Note","Better Sensory Stone","Block Reminder","Colored Map","Colored Powertips","Conjunction","Conspire","Custom Start","Energized Spire","GifTheSpireLib","Gold Saver","Gremlin Skip","Halation","Highlight Path","Hubris","Infinite Spire","Minty Spire (QoL Compilation)","Pale of the Ancients","Quick Restart","Replay The Spire","Reworked Bosses","ShortenTheSpire","Spire Exporter","StSLib","Stuff the Spire","Wandering Minibosses"],"gold_per_floor":[133,133,148,25,147,147,176,186,259,279,304,304,304,320,320,417,417,429,462,562,578,596,596,621,57,57,74,74,74],"floor_reached":28,"language":"ENG","playtime":617,"items_purged":["Defend_R","Defend_R"],"score":252,"play_id":"86a79b33-9008-494f-aef3-8c29d5c6d9bb","local_time":"20210215011630","is_ascension_mode":false,"campfire_choices":[{"data":"Twin Strike","floor":6.0,"key":"SMITH"},{"data":"Cleave","floor":13.0,"key":"SMITH"},{"data":"Cleave","floor":15.0,"key":"SMITH"},{"data":"Pommel Strike","floor":23.0,"key":"SMITH"}],"circlet_count":0,"master_deck":["Strike_R","Strike_R","Strike_R","Strike_R","Strike_R+1","Defend_R","Defend_R+1","Bash+1","Clash","Clash","Twin Strike+1","Cleave+1","Cleave","Cleave+1","Pommel Strike+1"],"relics":["Burning Blood","Simple Rune","Letter Opener","Replay:Ringing Soul","energizedSpire:MagnifyingGlass","Blue Doll","FossilizedHelix","StuffTheSpire:Gunfinga","Molten Egg 2"],"acts_visited":["Exordium","TheCity"],"potions_floor_usage":[28],"damage_taken":[{"damage":2.0,"enemies":"2 Louse","floor":1.0,"turns":3.0},{"damage":0.0,"enemies":"infinitespire:Voidling","floor":3.0,"turns":2.0},{"damage":0.0,"enemies":"Cultist","floor":5.0,"turns":5.0},{"damage":11.0,"enemies":"Gremlin Nob","floor":7.0,"turns":3.0},{"damage":0.0,"enemies":"3 Louse","floor":8.0,"turns":2.0},{"damage":1.0,"enemies":"Exordium Wildlife","floor":10.0,"turns":2.0},{"damage":10.0,"enemies":"3 Sentries","floor":11.0,"turns":4.0},{"damage":0.0,"enemies":"Large Slime","floor":14.0,"turns":2.0},{"damage":11.0,"enemies":"Slime Boss","floor":16.0,"turns":7.0},{"damage":0.0,"enemies":"3 Byrds","floor":18.0,"turns":4.0},{"damage":19.0,"enemies":"Shell Parasite","floor":19.0,"turns":3.0},{"damage":29.0,"enemies":"Chosen and Byrds","floor":21.0,"turns":5.0},{"damage":17.0,"enemies":"Snecko","floor":22.0,"turns":5.0},{"damage":53.0,"enemies":"Book of Stabbing","floor":24.0,"turns":5.0},{"damage":0.0,"enemies":"Cultist and Chosen","floor":27.0,"turns":4.0},{"damage":18,"enemies":"Nightmare","floor":28,"turns":3}],"seed_played":"1686621245494359234","potions_obtained":[{"floor":3.0,"key":"Fire Potion"},{"floor":7.0,"key":"Conjunction:LightningMarble"},{"floor":10.0,"key":"SneckoOil"},{"floor":11.0,"key":"Venom Potion"},{"floor":16.0,"key":"Energy Potion"},{"floor":21.0,"key":"BloodPotion"},{"floor":22.0,"key":"Dexterity Potion"},{"floor":27.0,"key":"FearPotion"}],"is_trial":false,"path_per_floor":["M","?","M","$","M","R","E","M","T","M","E","?","R","M","R","B",null,"M","M","?","M","M","R","E","$","T","M","NM"],"character_chosen":"IRONCLAD","items_purchased":["Twin Strike","FossilizedHelix","StuffTheSpire:Gunfinga"],"campfire_rested":0,"item_purchase_floors":[4,25,25],"current_hp_per_floor":[80,80,80,80,80,80,75,80,80,80,76,76,76,83,83,78,83,86,73,73,50,56,56,9,9,9,15,0,0],"gold":74,"neow_bonus":"RANDOM_EVENT","is_daily":false,"chose_seed":false,"campfire_upgraded":4,"win_rate":0.0,"timestamp":1613344590,"path_taken":["M","?","M","$","M","R","E","M","T","M","E","?","R","M","R","BOSS","M","M","?","M","M","R","E","$","T","?","NM"],"items_purchased_type":["Card","Relic","Relic"],"build_version":"2020-12-22","purchased_purges":2,"victory":false,"max_hp_per_floor":[80,80,80,80,80,80,80,80,80,80,80,80,80,83,83,83,83,86,86,86,86,86,86,86,86,86,86,86,86],"card_choices":[{"not_picked":["ReplayTheSpireMod:Strike From Hell","Sword Boomerang"],"picked":"Clash","floor":1.0},{"not_picked":["Feed","Twin Strike"],"picked":"Clash","floor":3.0},{"not_picked":["Reckless Charge","Power Through"],"picked":"Cleave","floor":5.0},{"not_picked":["StuffTheSpire:Incineration","infinitespire:OneForAll","Double Tap"],"picked":"SKIP","floor":7.0},{"not_picked":["Shrug It Off","Fire Breathing"],"picked":"Cleave","floor":8.0},{"not_picked":["hubris:CleavingFinish","Headbutt","Warcry"],"picked":"SKIP","floor":10.0},{"not_picked":["Armaments","hubris:CleavingFinish","Twin Strike"],"picked":"SKIP","floor":11.0},{"not_picked":["Replay:Undeath\u0027s Touch","Abandon"],"picked":"Cleave","floor":14.0},{"not_picked":["True Grit+1","Dual Wield"],"picked":"Pommel Strike","floor":18.0},{"not_picked":["Pommel Strike","Shrug It Off","Searing Blow"],"picked":"SKIP","floor":19.0},{"not_picked":["Feel No Pain","Heavy Blade","Second Wind"],"picked":"SKIP","floor":21.0},{"not_picked":["StuffTheSpire:Slingshot+1","Pommel Strike","Iron Wave"],"picked":"SKIP","floor":22.0},{"not_picked":["StuffTheSpire:RockThrow","Warcry","Infernal Blade"],"picked":"SKIP","floor":24.0},{"not_picked":["StuffTheSpire:RockThrow+1","Body Slam+1","Shrug It Off"],"picked":"SKIP","floor":27.0}],"player_experience":1349,"relics_obtained":[{"floor":7.0,"key":"Simple Rune"},{"floor":9.0,"key":"Letter Opener"},{"floor":11.0,"key":"Replay:Ringing Soul"},{"floor":24.0,"key":"Blue Doll"},{"floor":26.0,"key":"Molten Egg 2"}],"event_choices":[{"damage_healed":0.0,"max_hp_gain":0.0,"max_hp_loss":0.0,"gold_gain":0.0,"event_name":"Living Wall","player_choice":"Grow","floor":0.0,"gold_loss":0.0,"damage_taken":0.0,"cards_upgraded":["Bash"]},{"damage_healed":0.0,"max_hp_gain":0.0,"max_hp_loss":0.0,"gold_gain":0.0,"event_name":"conspire:Investor","player_choice":"Leave","floor":2.0,"gold_loss":0.0,"damage_taken":0.0},{"damage_healed":0.0,"max_hp_gain":0.0,"max_hp_loss":0.0,"gold_gain":0.0,"event_name":"Golden Idol","player_choice":"Ignored","floor":12.0,"gold_loss":0.0,"damage_taken":0.0},{"damage_healed":0.0,"max_hp_gain":0.0,"max_hp_loss":0.0,"gold_gain":100.0,"event_name":"Golden Shrine","player_choice":"Pray","floor":20.0,"gold_loss":0.0,"damage_taken":0.0}],"is_beta":false,"boss_relics":[{"not_picked":["aspiration:FutureDiary","hubris:VirtuousBlindfold"],"picked":"energizedSpire:MagnifyingGlass"}],"items_purged_floors":[4,25],"is_endless":false,"potions_floor_spawned":[3,7,10,11,16,21,22,27],"killed_by":"Nightmare","ascension_level":0}}