{"host":"p7cjtxxrilhp4dw7","time":1613267064,"event":{"mods":["BaseMod","Block Reminder","Colored Map","Curses Come First","Highlight Path","Minty Spire (QoL Compilation)","Replay The Spire","StSLib"],"gold_per_floor":[109,34,34,45,45,85,85,126,150,120,141,166,166,166,166,294,294,314,383,383,383,44,44,76,95,148,178,231,245,245,255,255,255,255],"floor_reached":33,"language":"ENG","playtime":2572,"items_purged":["Strike_P","ReplayTheSpireMod:Splinters"],"score":440,"play_id":"a6c57618-aeb8-45a2-8bbe-1d107e9112e6","local_time":"20210213184424","is_ascension_mode":true,"campfire_choices":[{"floor":7,"key":"REST"},{"floor":13,"key":"REST"},{"floor":15,"key":"REST"},{"floor":23,"key":"REST"},{"floor":30,"key":"REST"},{"floor":32,"key":"REST"}],"circlet_count":0,"master_deck":["AscendersBane","Strike_P","Strike_P","Strike_P","Strike_P","Defend_P","Defend_P","Defend_P","Defend_P","Eruption","Vigilance+1","TalkToTheHand","Meditate","ForeignInfluence+1","WaveOfTheHand","EmptyFist","LessonLearned","BowlingBash","Pot Of Greed","Pot Of Greed","FearNoEvil+1","EmptyMind","ForeignInfluence"],"relics":["PureWater","Bloody Idol","Pen Nib","Oddly Smooth Stone","Toy Ornithopter","Busted Crown","Bronze Scales","Golden Egg","Happy Flower","Potion Belt","Grinning Jar","Boot"],"acts_visited":["Exordium","TheCity"],"potions_floor_usage":[6,8,11,14,16,24,25,33],"damage_taken":[{"damage":0,"enemies":"Small Slimes","floor":1,"turns":3},{"damage":1,"enemies":"Cultist","floor":4,"turns":3},{"damage":30,"enemies":"Lagavulin","floor":6,"turns":9},{"damage":55,"enemies":"Replay:BlueRogue","floor":8,"turns":11},{"damage":1,"enemies":"Jaw Worm","floor":11,"turns":3},{"damage":11,"enemies":"Red Slaver","floor":12,"turns":3},{"damage":0,"enemies":"Large Slime","floor":14,"turns":1},{"damage":10,"enemies":"Fading Forest","floor":16,"turns":11},{"damage":20,"enemies":"2 Thieves","floor":18,"turns":5},{"damage":6,"enemies":"Gremlin Leader","floor":24,"turns":8},{"damage":0,"enemies":"Spheric Guardian","floor":25,"turns":3},{"damage":38,"enemies":"Book of Stabbing","floor":27,"turns":7},{"damage":32,"enemies":"Cultist and Chosen","floor":29,"turns":5},{"damage":13,"enemies":"Centurion and Healer","floor":31,"turns":4},{"damage":51,"enemies":"Champ","floor":33,"turns":9}],"seed_played":"1044606688929237944","potions_obtained":[{"floor":4,"key":"Adrenaline Potion"},{"floor":6,"key":"Regen Potion"},{"floor":10,"key":"FairyPotion"},{"floor":10,"key":"EntropicBrew"},{"floor":18,"key":"BlessingOfTheForge"},{"floor":19,"key":"SpeedPotion"},{"floor":31,"key":"ColorlessPotion"}],"is_trial":false,"path_per_floor":["M","$","?","M","?","E","R","E","T","?","M","M","R","M","R","B",null,"M","?","?","?","$","R","E","M","T","E","T","M","R","M","R","B"],"character_chosen":"WATCHER","items_purchased":["Golden Egg"],"campfire_rested":6,"item_purchase_floors":[22],"current_hp_per_floor":[79,79,79,78,78,48,72,29,29,29,33,22,46,51,75,70,78,58,58,58,58,58,80,79,80,80,47,52,25,49,41,65,19,19],"gold":255,"neow_bonus":"TWENTY_PERCENT_HP_BONUS","is_daily":false,"chose_seed":false,"campfire_upgraded":0,"win_rate":0.0,"timestamp":1613267064,"path_taken":["M","$","?","?","?","E","R","E","T","?","?","M","R","M","R","BOSS","M","?","?","?","$","R","E","M","T","E","?","M","R","?","R","BOSS"],"items_purchased_type":["Relic"],"build_version":"2020-12-22","purchased_purges":2,"victory":false,"max_hp_per_floor":[86,86,86,86,80,80,80,80,80,80,80,80,80,80,80,80,80,80,80,80,80,80,80,80,80,80,80,80,80,80,80,80,80,80],"card_choices":[{"not_picked":["Protect","Replay:ManipulateFuture","ReachHeaven"],"picked":"SKIP","floor":1},{"not_picked":["Halt","CutThroughFate"],"picked":"TalkToTheHand","floor":4},{"not_picked":["ConjureBlade","Brilliance"],"picked":"Meditate","floor":6},{"not_picked":["WreathOfFlame","Prostrate"],"picked":"ForeignInfluence","floor":8},{"not_picked":["FlyingSleeves","Consecrate"],"picked":"WaveOfTheHand","floor":11},{"not_picked":["PathToVictory","Consecrate"],"picked":"EmptyFist","floor":12},{"not_picked":["Brilliance","Vault"],"picked":"LessonLearned","floor":16},{"not_picked":["CutThroughFate"],"picked":"SKIP","floor":18},{"not_picked":[],"picked":"BowlingBash","floor":19},{"not_picked":["Prostrate"],"picked":"SKIP","floor":24},{"not_picked":["Protect"],"picked":"SKIP","floor":25},{"not_picked":[],"picked":"FearNoEvil+1","floor":27},{"not_picked":[],"picked":"EmptyMind","floor":29},{"not_picked":["ForeignInfluence"],"picked":"SKIP","floor":31},{"not_picked":[],"picked":"ForeignInfluence","floor":31}],"player_experience":649182,"relics_obtained":[{"floor":6,"key":"Pen Nib"},{"floor":8,"key":"Oddly Smooth Stone"},{"floor":9,"key":"Toy Ornithopter"},{"floor":19,"key":"Bronze Scales"},{"floor":24,"key":"Happy Flower"},{"floor":26,"key":"Potion Belt"},{"floor":27,"key":"Grinning Jar"},{"floor":28,"key":"Boot"}],"event_choices":[{"cards_removed":["Defend_B"],"damage_healed":0,"gold_gain":0,"player_choice":"Offered Basic","damage_taken":0,"max_hp_gain":0,"max_hp_loss":0,"event_name":"Bonfire Elementals","floor":3,"gold_loss":0},{"damage_healed":0,"gold_gain":0,"player_choice":"Lose Max HP","damage_taken":0,"relics_obtained":["Golden Idol"],"max_hp_gain":0,"max_hp_loss":6,"event_name":"Golden Idol","floor":5,"gold_loss":0},{"damage_healed":0,"gold_gain":0,"player_choice":"Bought 2 Potions","damage_taken":0,"max_hp_gain":0,"max_hp_loss":0,"event_name":"The Woman in Blue","floor":10,"gold_loss":0},{"damage_healed":0,"gold_gain":0,"player_choice":"Gave Idol","damage_taken":0,"relics_obtained":["Bloody Idol"],"max_hp_gain":0,"max_hp_loss":0,"event_name":"Forgotten Altar","floor":21,"relics_lost":["Golden Idol"],"gold_loss":0}],"is_beta":false,"boss_relics":[{"not_picked":["Abe\u0027s Treasure","Philosopher\u0027s Stone"],"picked":"Busted Crown"}],"items_purged_floors":[2,22],"is_endless":false,"potions_floor_spawned":[4,6,11,18,31],"killed_by":"Champ","ascension_level":10}}