{"host":"Tylorde","time":1613341599,"event":{"mods":["BaseMod","Minty Spire (QoL Compilation)","Weighted Paths"],"gold_per_floor":[112,112,133,146,162,162,197,197,197,197,233,253,253,269,269,389,389,413,413,30,45,45,45],"floor_reached":22,"language":"ENG","playtime":1516,"items_purged":["Shame"],"score":304,"play_id":"c15d186f-e670-4eca-bf38-c7717cb575fd","local_time":"20210214142639","is_ascension_mode":true,"campfire_choices":[{"data":"Unload","floor":6,"key":"SMITH"},{"floor":8,"key":"REST"},{"data":"Noxious Fumes","floor":10,"key":"SMITH"},{"floor":13,"key":"REST"},{"data":"Backflip","floor":15,"key":"SMITH"}],"circlet_count":0,"master_deck":["AscendersBane","Strike_G","Strike_G","Strike_G","Strike_G","Strike_G","Defend_G","Defend_G","Defend_G","Defend_G","Defend_G","Survivor","Neutralize","Unload+1","Noxious Fumes+1","Backflip+1","Predator","Prepared","Concentrate","All Out Attack","Acrobatics","PiercingWail","Envenom"],"relics":["Ring of the Snake","Golden Idol","Bag of Marbles","Dream Catcher","Darkstone Periapt","HoveringKite","Happy Flower","Ginger"],"acts_visited":["Exordium","TheCity"],"potions_floor_usage":[5,16,16,21,22],"damage_taken":[{"damage":0.0,"enemies":"Small Slimes","floor":1.0,"turns":4.0},{"damage":0.0,"enemies":"2 Louse","floor":3.0,"turns":2.0},{"damage":0.0,"enemies":"Cultist","floor":4.0,"turns":5.0},{"damage":0,"enemies":"Gremlin Gang","floor":5,"turns":7},{"damage":22,"enemies":"3 Sentries","floor":7,"turns":9},{"damage":32,"enemies":"Gremlin Nob","floor":11,"turns":4},{"damage":0,"enemies":"Blue Slaver","floor":12,"turns":5},{"damage":0,"enemies":"3 Louse","floor":14,"turns":2},{"damage":3,"enemies":"The Guardian","floor":16,"turns":11},{"damage":28,"enemies":"Spheric Guardian","floor":18,"turns":7},{"damage":22,"enemies":"2 Thieves","floor":21,"turns":5},{"damage":26,"enemies":"Shelled Parasite and Fungi","floor":22,"turns":2}],"seed_played":"1442861007104848910","potions_obtained":[{"floor":1.0,"key":"FearPotion"},{"floor":5,"key":"DistilledChaos"},{"floor":14,"key":"EssenceOfSteel"},{"floor":18,"key":"Poison Potion"},{"floor":21,"key":"Energy Potion"}],"is_trial":false,"path_per_floor":["M","?","M","M","M","R","E","R","T","R","E","M","R","M","R","B",null,"M","?","$","M","M"],"character_chosen":"THE_SILENT","items_purchased":["Ginger"],"campfire_rested":2,"item_purchase_floors":[20],"current_hp_per_floor":[63,46,46,46,46,46,24,45,45,45,13,13,34,34,34,31,60,32,38,38,16,0,0],"gold":45,"neow_bonus":"ONE_RANDOM_RARE_CARD","is_daily":false,"chose_seed":false,"campfire_upgraded":3,"win_rate":0.0,"timestamp":1613341599,"path_taken":["M","?","M","M","M","R","E","R","T","R","E","M","R","M","R","BOSS","M","?","$","M","M"],"items_purchased_type":["Relic"],"build_version":"2020-12-18","purchased_purges":1,"victory":false,"max_hp_per_floor":[70,70,70,70,70,70,70,70,70,70,70,70,70,70,70,70,70,70,76,76,76,76,76],"card_choices":[{"not_picked":["Dagger Throw","Deflect"],"picked":"Noxious Fumes","floor":1.0},{"not_picked":["Flying Knee","Dagger Throw"],"picked":"Backflip","floor":3.0},{"not_picked":["Deflect","Acrobatics"],"picked":"Predator","floor":4.0},{"not_picked":["Leg Sweep","Dash"],"picked":"Prepared","floor":5},{"not_picked":["Distraction","Bane"],"picked":"Concentrate","floor":7},{"not_picked":["Leg Sweep","Heel Hook"],"picked":"All Out Attack","floor":11},{"not_picked":["Choke","Prepared","Accuracy"],"picked":"SKIP","floor":12},{"not_picked":["Envenom","Outmaneuver"],"picked":"Acrobatics","floor":13},{"not_picked":["Underhanded Strike","Backflip"],"picked":"PiercingWail","floor":14},{"not_picked":["Doppelganger","Grand Finale"],"picked":"Envenom","floor":16},{"not_picked":["Accuracy","Finisher+1","Deadly Poison"],"picked":"SKIP","floor":18},{"not_picked":["Predator+1","Deadly Poison","Finisher+1"],"picked":"SKIP","floor":21}],"player_experience":868628,"relics_obtained":[{"floor":7,"key":"Bag of Marbles"},{"floor":9,"key":"Dream Catcher"},{"floor":11,"key":"Darkstone Periapt"}],"event_choices":[{"damage_healed":0.0,"max_hp_gain":0.0,"max_hp_loss":0.0,"gold_gain":0.0,"event_name":"Golden Idol","player_choice":"Take Damage","floor":2.0,"gold_loss":0.0,"damage_taken":17.0,"relics_obtained":["Golden Idol"]},{"damage_healed":0,"gold_gain":0,"player_choice":"Stole Relic","damage_taken":0,"relics_obtained":["Happy Flower"],"max_hp_gain":0,"max_hp_loss":0,"event_name":"Addict","floor":19,"gold_loss":0,"cards_obtained":["Shame"]}],"is_beta":true,"boss_relics":[{"not_picked":["WristBlade","SacredBark"],"picked":"HoveringKite"}],"items_purged_floors":[20],"is_endless":false,"potions_floor_spawned":[1,5,14,18,21],"killed_by":"Shelled Parasite and Fungi","ascension_level":11}}