{"host":"t5vp0whyqzs05fb6","time":1613304004,"event":{"mods":["AchievementEnabler","BaseMod","Colored Map","Minty Spire (QoL Compilation)","Rare Cards Sparkle","SuperFastMode","everything is the same but u backflip on backflip"],"gold_per_floor":[118,138,155,169,183,183,183,183,183,183,213,243,262,337,337,337,337],"floor_reached":16,"language":"KOR","playtime":498,"items_purged":[],"score":102,"play_id":"46b5952e-c9de-4193-ba7e-0940584ea05a","local_time":"20210214210004","is_ascension_mode":false,"campfire_choices":[{"data":"Eruption","floor":6,"key":"SMITH"},{"data":"Adaptation","floor":8,"key":"SMITH"},{"floor":10,"key":"RECALL"},{"data":"ThirdEye","floor":15,"key":"SMITH"}],"circlet_count":0,"master_deck":["Strike_P","Strike_P","Strike_P","Defend_P","Defend_P","Defend_P","Defend_P","Eruption+1","Vigilance","Finesse","FearNoEvil","CrushJoints","ThirdEye+1","Adaptation+1"],"relics":["PureWater","Frozen Egg 2","Odd Mushroom","Dream Catcher"],"acts_visited":["Exordium"],"potions_floor_usage":[5,12],"damage_taken":[{"damage":7,"enemies":"2 Louse","floor":1,"turns":4},{"damage":0,"enemies":"Small Slimes","floor":2,"turns":2},{"damage":4,"enemies":"Jaw Worm","floor":3,"turns":4},{"damage":3,"enemies":"Looter","floor":4,"turns":2},{"damage":0,"enemies":"Exordium Wildlife","floor":5,"turns":3},{"damage":12,"enemies":"The Mushroom Lair","floor":11,"turns":4},{"damage":7,"enemies":"3 Sentries","floor":12,"turns":5},{"damage":7,"enemies":"Blue Slaver","floor":13,"turns":4},{"damage":24,"enemies":"Hexaghost","floor":16,"turns":9}],"seed_played":"47308638933757532","potions_obtained":[{"floor":1,"key":"Fire Potion"},{"floor":4,"key":"Ancient Potion"},{"floor":11,"key":"CultistPotion"}],"is_trial":false,"path_per_floor":["M","M","M","M","M","R","?","R","T","R","?","E","M","?","R","B"],"character_chosen":"WATCHER","items_purchased":[],"campfire_rested":0,"item_purchase_floors":[],"current_hp_per_floor":[65,65,61,58,58,58,58,58,58,58,46,39,32,21,21,0,0],"gold":337,"neow_bonus":"RANDOM_COLORLESS","is_daily":false,"chose_seed":false,"campfire_upgraded":3,"win_rate":0.0,"timestamp":1613304004,"path_taken":["M","M","M","M","M","R","?","R","T","R","?","E","M","?","R","BOSS"],"items_purchased_type":[],"build_version":"2020-12-22","purchased_purges":0,"victory":false,"max_hp_per_floor":[72,72,72,72,72,72,72,72,72,72,72,72,72,72,72,72,72],"card_choices":[{"not_picked":["Madness","Deep Breath"],"picked":"Finesse","floor":0},{"not_picked":["FollowUp","BowlingBash","Worship"],"picked":"SKIP","floor":1},{"not_picked":["FollowUp","EmptyBody"],"picked":"FearNoEvil","floor":2},{"not_picked":["WindmillStrike","Indignation"],"picked":"CrushJoints","floor":3},{"not_picked":["Conclude","CutThroughFate"],"picked":"ThirdEye","floor":4},{"not_picked":["CutThroughFate","CarveReality"],"picked":"Adaptation","floor":5},{"not_picked":["FollowUp","ThirdEye","Omniscience"],"picked":"SKIP","floor":12},{"not_picked":["Swivel","LikeWater+1","WreathOfFlame"],"picked":"SKIP","floor":13}],"player_experience":226085,"relics_obtained":[{"floor":9,"key":"Frozen Egg 2"},{"floor":11,"key":"Odd Mushroom"},{"floor":12,"key":"Dream Catcher"}],"event_choices":[{"cards_removed":["Strike_P"],"damage_healed":0,"gold_gain":0,"player_choice":"Forget","damage_taken":0,"max_hp_gain":0,"max_hp_loss":0,"event_name":"Living Wall","floor":7,"gold_loss":0},{"damage_healed":0,"gold_gain":0,"player_choice":"Fought Mushrooms","damage_taken":0,"max_hp_gain":0,"max_hp_loss":0,"event_name":"Mushrooms","floor":11,"gold_loss":0},{"damage_healed":0,"gold_gain":75,"player_choice":"Gather Gold","damage_taken":11,"max_hp_gain":0,"max_hp_loss":0,"event_name":"World of Goop","floor":14,"gold_loss":0}],"is_beta":false,"boss_relics":[],"items_purged_floors":[],"is_endless":false,"potions_floor_spawned":[1,4,11],"killed_by":"Hexaghost","ascension_level":0}}