{"host":"2qyxu97h6u4ukicb","time":1613344233,"event":{"mods":["AchievementEnabler","BaseMod","BetterRewards","Colored Map","Colored Powertips","Minty Spire (QoL Compilation)","Replay The Spire","Shop Mod","StSLib"],"gold_per_floor":[118,193,203,203,203,228,241,241,295,313,313,16,16,27,27,129,129,129,129],"floor_reached":18,"language":"ENG","playtime":625,"items_purged":[],"score":185,"play_id":"60a1c68e-c596-4789-8c6a-9249dc518cc4","local_time":"20210214171033","is_ascension_mode":false,"campfire_choices":[{"data":"Toxin Wave","floor":8,"key":"SMITH"},{"data":"Dagger Spray","floor":11,"key":"SMITH"},{"data":"Slice","floor":13,"key":"SMITH"},{"data":"Poisoned Stab","floor":15,"key":"SMITH"}],"circlet_count":0,"master_deck":["Strike_G","Strike_G","Strike_G","Strike_G","Strike_G","Defend_G","Defend_G","Defend_G","Defend_G","Defend_G","Survivor","Neutralize","Dagger Spray+1","Slice+1","Toxin Wave+1","Toxin Wave+1","Poisoned Stab+1","ReplayTheSpireMod:Necrosis"],"relics":["NeowsBlessing","Sizzling Blood","MealTicket","DollysMirror","MerchantsRug"],"acts_visited":["Exordium","TheCity"],"potions_floor_usage":[16,16],"damage_taken":[{"damage":0,"enemies":"Cultist","floor":1,"turns":1},{"damage":0,"enemies":"2 Louse","floor":3,"turns":1},{"damage":0,"enemies":"Gremlin Nob","floor":6,"turns":1},{"damage":13,"enemies":"Jaw Worm","floor":7,"turns":3},{"damage":13,"enemies":"Red Slaver","floor":10,"turns":3},{"damage":0,"enemies":"Large Slime","floor":14,"turns":4},{"damage":24,"enemies":"The Guardian","floor":16,"turns":9},{"damage":18,"enemies":"Spheric Guardian","floor":18,"turns":4}],"seed_played":"-6524470226613552451","potions_obtained":[{"floor":3,"key":"Ancient Potion"},{"floor":10,"key":"Poison Potion"},{"floor":14,"key":"Adrenaline Potion"}],"is_trial":false,"path_per_floor":["M","?","M","?","$","E","M","R","T","M","R","$","R","M","R","B",null,"M"],"character_chosen":"THE_SILENT","items_purchased":["DollysMirror","MerchantsRug"],"campfire_rested":0,"item_purchase_floors":[12,12],"current_hp_per_floor":[70,59,59,63,63,67,58,58,58,49,49,64,64,68,68,48,74,56,56],"gold":129,"neow_bonus":"THREE_ENEMY_KILL","is_daily":false,"chose_seed":false,"campfire_upgraded":4,"win_rate":0.0,"timestamp":1613344233,"path_taken":["M","?","M","?","$","E","M","R","T","?","R","$","R","M","R","BOSS","M"],"items_purchased_type":["Relic","Relic"],"build_version":"2020-12-22","purchased_purges":0,"victory":false,"max_hp_per_floor":[70,70,70,74,74,74,74,74,74,74,74,74,74,74,74,74,74,74,74],"card_choices":[{"not_picked":["Acrobatics","PiercingWail"],"picked":"Dagger Spray","floor":1},{"not_picked":["All Out Attack","Blur"],"picked":"Slice","floor":3},{"not_picked":["Corpse Explosion","Reflex"],"picked":"Toxin Wave","floor":6},{"not_picked":["Replay:Poison Smokescreen","Dagger Spray","Underhanded Strike"],"picked":"SKIP","floor":7},{"not_picked":["Deflect","Quick Slash","Dagger Throw"],"picked":"SKIP","floor":10},{"not_picked":["Quick Slash","Outmaneuver"],"picked":"Poisoned Stab","floor":14},{"not_picked":["Atom Bomb","Adrenaline"],"picked":"ReplayTheSpireMod:Necrosis","floor":16}],"player_experience":816002,"relics_obtained":[{"floor":6,"key":"MealTicket"}],"event_choices":[{"damage_healed":0,"gold_gain":75,"player_choice":"Gather Gold","damage_taken":11,"max_hp_gain":0,"max_hp_loss":0,"event_name":"World of Goop","floor":2,"gold_loss":0}],"is_beta":false,"boss_relics":[{"not_picked":["ReplayTheSpireMod:DimensionalGlitch","Abe\u0027s Treasure","Cursed Key"]}],"items_purged_floors":[],"is_endless":false,"potions_floor_spawned":[3,10,14],"killed_by":"Spheric Guardian","ascension_level":0}}