{"host":"t9zjxed0utvsfjwc","time":1613263334,"event":{"mods":["2.2 Compatiblity","Aspiration","BaseMod","Better Altar","Better Match","Better Note","Better Sensory Stone","Better Skull","Better Third Choice","Block Reminder","Colored Map","Colored Powertips","Custom Start","Downfall","Hermit","Highlight Path","Hubris","Infinite Spire","Marisa????????","Minty Spire (QoL Compilation)","Quick Restart","Rare Cards Sparkle","Reliquary","Replay The Spire","StSLib","The Cursed","The Marked","The Runesmith","Unceasing Turn Reminder","everything is the same but u backflip on backflip"],"gold_per_floor":[109,124,143,154,165,165,165,90,115,143,143,159,159,208,208,312,312,312,312],"floor_reached":18,"language":"ENG","playtime":724,"items_purged":["theMarked:Strike"],"score":162,"play_id":"a08eac0a-78e3-40cf-8547-83e1c135afd4","local_time":"20210214004214","is_ascension_mode":false,"campfire_choices":[{"data":"theMarked:EmpowerWeapon","floor":6,"key":"SMITH"},{"floor":15,"key":"DIG"}],"circlet_count":0,"master_deck":["theMarked:Strike","theMarked:Strike","theMarked:Strike","theMarked:Strike","theMarked:Defend","theMarked:Defend","theMarked:Defend","theMarked:Defend","theMarked:SoldierOfQuellstein","theMarked:OneWithTheBlade","theMarked:EmpowerWeapon+1","hubris:Envy","Pain","theMarked:SwordAndMagic"],"relics":["theMarked:ArtifactOfAir","aspiration:Nostalgia","Sizzling Blood","hubris:DisguiseKit","Akabeko","Potion Belt","WarpedTongs","theMarked:DemonDagger","Lantern"],"acts_visited":["Exordium","TheCity"],"potions_floor_usage":[10,16,16,16],"damage_taken":[{"damage":0,"enemies":"Cultist","floor":1,"turns":3},{"damage":2,"enemies":"Small Slimes","floor":2,"turns":3},{"damage":3,"enemies":"Jaw Worm","floor":3,"turns":3},{"damage":5,"enemies":"Looter","floor":4,"turns":3},{"damage":11,"enemies":"Exordium Thugs","floor":5,"turns":4},{"damage":21,"enemies":"3 Sentries","floor":10,"turns":9},{"damage":0,"enemies":"3 Louse","floor":12,"turns":2},{"damage":40,"enemies":"Slime Boss","floor":16,"turns":8},{"damage":28,"enemies":"Spheric Guardian","floor":18,"turns":4}],"seed_played":"1956845427423887726","potions_obtained":[{"floor":2,"key":"Milkshake"},{"floor":3,"key":"Dexterity Potion"},{"floor":5,"key":"Block Potion"},{"floor":12,"key":"Venom Potion"}],"is_trial":false,"path_per_floor":["M","M","M","M","M","R","?","$","T","E","?","M","?","T","R_BF","B",null,"M"],"character_chosen":"THE_DEFAULT","items_purchased":[],"campfire_rested":0,"item_purchase_floors":[],"current_hp_per_floor":[74,74,74,73,66,66,66,66,66,49,49,53,53,53,53,17,74,46,46],"gold":312,"neow_bonus":"NOSTALGIA","is_daily":false,"chose_seed":false,"campfire_upgraded":1,"win_rate":0.0,"timestamp":1613263334,"path_taken":["M","M","M","M","M","R","?","$","T","E","?","?","?","?","R_BF","BOSS","M"],"items_purchased_type":[],"build_version":"2020-12-22","purchased_purges":1,"victory":false,"max_hp_per_floor":[74,74,74,74,74,74,74,74,74,74,74,74,74,74,74,74,74,74,74],"card_choices":[{"not_picked":["theMarked:Parkour","theMarked:RepellingDischarge","theMarked:GodGivenPower"],"picked":"SKIP","floor":1},{"not_picked":["theMarked:Aftermath","theMarked:Electrify"],"picked":"theMarked:OneWithTheBlade","floor":2},{"not_picked":["theMarked:SelfDefenseTraining","theMarked:Improvise","theMarked:ElectricStrings"],"picked":"SKIP","floor":3},{"not_picked":["theMarked:Opportunist","theMarked:ElectricStrings"],"picked":"theMarked:EmpowerWeapon","floor":4},{"not_picked":["theMarked:AttractMetal","theMarked:Parkour","theMarked:RepellingDischarge"],"picked":"SKIP","floor":5},{"not_picked":["theMarked:TakeCover","theMarked:TheMission","theMarked:HeightenedSenses","Flying Knee"],"picked":"SKIP","floor":10},{"not_picked":["theMarked:Vacuum","theMarked:WardOff","Heel Hook"],"picked":"theMarked:SwordAndMagic","floor":12}],"player_experience":556892,"relics_obtained":[{"floor":9,"key":"Akabeko"},{"floor":10,"key":"Potion Belt"},{"floor":14,"key":"theMarked:DemonDagger"},{"floor":15,"key":"Lantern"}],"event_choices":[{"damage_healed":0,"gold_gain":0,"player_choice":"Rummage","damage_taken":0,"relics_obtained":["WarpedTongs"],"max_hp_gain":0,"max_hp_loss":0,"event_name":"Accursed Blacksmith","floor":11,"gold_loss":0,"cards_obtained":["Pain"]}],"is_beta":false,"boss_relics":[{"not_picked":["reliquary:Craggleroot","aspiration:RunicSpoon","hubris:Stopwatch"]}],"items_purged_floors":[8],"is_endless":false,"potions_floor_spawned":[2,3,5,12],"killed_by":"Spheric Guardian","ascension_level":0}}