{"host":"6xsbn6ynqlzwllfm","time":1613278847,"event":{"mods":["2.2 Compatiblity","BaseMod","Bestiary","Colored Map","Colored Powertips","Curses Come First","Downfall","Highlight Path","Keyboard Shortcuts","Minty Spire (QoL Compilation)","Relic Stats","Slay the Relics Exporter","StSLib","SuperFastMode"],"gold_per_floor":[99,109,122,135,135,175,200,100,119,139,39,67,92,110,122,122,122,122],"floor_reached":16,"language":"ENG","playtime":620,"items_purged":[],"score":199,"play_id":"e94b8de8-ad3c-439d-b334-e83cc880f4bf","local_time":"20210214000047","is_ascension_mode":true,"campfire_choices":[{"data":"bronze:Goto","floor":1,"key":"SMITH"},{"floor":8,"key":"RECALL"},{"data":"bronze:BugBarrage","floor":11,"key":"SMITH"}],"circlet_count":0,"master_deck":["AscendersBane","bronze:Strike","bronze:Strike","bronze:Strike","bronze:Strike","bronze:Defend","bronze:Defend","bronze:Defend","bronze:Replicate","bronze:Goto+1","bronze:Repulsor","bronze:Shield","bronze:WhirlingStrike","bronze:BugBarrage+1","bronze:SpaghettiCode","bronze:BugBarrage"],"relics":["Velvet Choker","CeramicFish","downfall:HeartBlessingBlue","downfall:HeartBlessingRed","Singing Bowl"],"acts_visited":["Exordium"],"potions_floor_usage":[13,15,15],"damage_taken":[{"damage":0,"enemies":"Small Slimes","floor":2,"turns":3},{"damage":5,"enemies":"Cultist","floor":3,"turns":5},{"damage":1,"enemies":"Jaw Worm","floor":4,"turns":6},{"damage":19,"enemies":"Gremlin Nob","floor":6,"turns":5},{"damage":4,"enemies":"Red Slaver","floor":9,"turns":3},{"damage":11,"enemies":"Exordium Thugs","floor":10,"turns":3},{"damage":0,"enemies":"Large Slime","floor":12,"turns":2},{"damage":5,"enemies":"3 Sentries","floor":13,"turns":4},{"damage":0,"enemies":"Blue Slaver","floor":14,"turns":2},{"damage":0,"enemies":"Exordium Thugs","floor":15,"turns":3},{"damage":38,"enemies":"DF_ARCHETYPE_STREAMLINE","floor":16,"turns":6}],"seed_played":"7299467656137699337","potions_obtained":[{"floor":2,"key":"SpeedPotion"},{"floor":12,"key":"BlessingOfTheForge"},{"floor":13,"key":"Explosive Potion"},{"floor":14,"key":"Swift Potion"}],"is_trial":false,"path_per_floor":["R","M","M","M","?","E","T","R","M","M","R","M","E","M","M","B"],"character_chosen":"THE_AUTOMATON","items_purchased":[],"campfire_rested":0,"item_purchase_floors":[],"current_hp_per_floor":[63,63,58,57,57,38,38,48,44,33,33,33,30,32,34,0,0,0],"gold":122,"neow_bonus":"BOSS_RELIC","is_daily":false,"chose_seed":false,"campfire_upgraded":2,"win_rate":0.0,"timestamp":1613278847,"path_taken":["R","M","M","M","?","E","T","R","M","M","R","?","E","M","M","BOSS"],"items_purchased_type":[],"build_version":"2020-12-22","purchased_purges":0,"victory":false,"max_hp_per_floor":[70,70,70,70,70,70,70,80,80,80,80,80,82,84,86,86,86,86],"relic_stats":{"Singing Bowl":6,"counters":[11,42],"CeramicFish":27,"obtain_stats":[{"bronze:BronzeCore":0,"downfall:HeartBlessingRed":11,"Singing Bowl":13,"downfall:HeartBlessingBlue":8,"CeramicFish":6,"Velvet Choker":0},{"bronze:BronzeCore":0,"downfall:HeartBlessingRed":6,"Singing Bowl":8,"downfall:HeartBlessingBlue":4,"CeramicFish":4,"Velvet Choker":0},{"bronze:BronzeCore":0,"downfall:HeartBlessingRed":25,"Singing Bowl":31,"downfall:HeartBlessingBlue":19,"CeramicFish":19,"Velvet Choker":0}]},"card_choices":[{"not_picked":["bronze:Invalidate","bronze:DelayedSlice"],"picked":"bronze:Repulsor","floor":2},{"not_picked":["bronze:BitShift","bronze:FineTuning"],"picked":"bronze:Shield","floor":3},{"not_picked":["bronze:Backtrace","bronze:Invalidate"],"picked":"bronze:WhirlingStrike","floor":4},{"not_picked":["bronze:NullPointer","bronze:Invalidate"],"picked":"bronze:BugBarrage","floor":6},{"not_picked":["bronze:OilSpill","bronze:Invalidate"],"picked":"bronze:SpaghettiCode","floor":9},{"not_picked":["bronze:Turbo","bronze:ChildClass","bronze:WhirlingStrike"],"picked":"SKIP","floor":10},{"not_picked":["bronze:ChosenStrike","bronze:Invalidate"],"picked":"bronze:BugBarrage","floor":12},{"not_picked":["bronze:BitShift","bronze:FineTuning","bronze:DelayedSlice"],"picked":"Singing Bowl","floor":13},{"not_picked":["bronze:BuggyMess","bronze:Shield","bronze:Invalidate"],"picked":"Singing Bowl","floor":14},{"not_picked":["bronze:NullPointer","bronze:OilSpill","bronze:Separator"],"picked":"Singing Bowl","floor":15}],"player_experience":1765873,"relics_obtained":[{"floor":6,"key":"CeramicFish"},{"floor":13,"key":"Singing Bowl"}],"event_choices":[{"cards_removed":["bronze:Defend"],"damage_healed":0,"gold_gain":0,"player_choice":"Offered Basic","damage_taken":0,"max_hp_gain":0,"max_hp_loss":0,"event_name":"Bonfire Elementals","floor":5,"gold_loss":0}],"is_beta":false,"boss_relics":[],"items_purged_floors":[],"is_endless":false,"potions_floor_spawned":[2,12,13,14],"killed_by":"DF_ARCHETYPE_STREAMLINE","ascension_level":10}}