{"host":"15ff3ltgpietarej","time":1613274642,"event":{"mods":["BaseMod","Bestiary","Downfall","Highlight Path","Minty Spire (QoL Compilation)","Relic Stats","StSLib"],"gold_per_floor":[99,114,114,133,308,208,208,208,228,228,242,262,162,193,210,312,312,312,312,312,312],"floor_reached":19,"language":"ENG","playtime":1775,"items_purged":[],"score":209,"play_id":"5db0fdfb-8701-49b6-91f6-9d94baf3a557","local_time":"20210214045042","is_ascension_mode":true,"campfire_choices":[{"floor":1,"key":"RECALL"},{"data":"Slimebound:GoopSpray","floor":6,"key":"SMITH"},{"data":"Slimebound:ComboTackle","floor":13,"key":"SMITH"},{"data":"Slimebound:FlameTackle","floor":18,"key":"SMITH"}],"circlet_count":0,"master_deck":["Slimebound:Strike_Slimebound","Slimebound:Strike_Slimebound","Slimebound:Strike_Slimebound","Slimebound:Defend_Slimebound","Slimebound:Defend_Slimebound","Slimebound:Defend_Slimebound","Slimebound:Defend_Slimebound","Slimebound:Split","Slimebound:CorrosiveSpit","Slimebound:SlimeSpikes","Slimebound:GoopSpray+1","Slimebound:SplitMire","downfall:Icky","Writhe","Slimebound:FinishingTackle","Slimebound:ComboTackle+1","Slimebound:FlameTackle+1","Slimebound:Recycling"],"relics":["Slimebound:AbsorbEndCombat","downfall:ExtraCursedKey","downfall:HeartBlessingRed","downfall:HeartBlessingBlue","Strawberry","SlaversCollar"],"acts_visited":["Exordium","TheCity"],"potions_floor_usage":[16,16],"damage_taken":[{"damage":0,"enemies":"Small Slimes","floor":2,"turns":4},{"damage":0,"enemies":"2 Louse","floor":4,"turns":2},{"damage":7,"enemies":"Jaw Worm","floor":9,"turns":3},{"damage":13,"enemies":"3 Louse","floor":11,"turns":5},{"damage":8,"enemies":"Exordium Thugs","floor":12,"turns":3},{"damage":22,"enemies":"Lagavulin","floor":14,"turns":5},{"damage":6,"enemies":"downfall:LooterAlt","floor":15,"turns":4},{"damage":16,"enemies":"IC_STATUS_ARCHETYPE","floor":16,"turns":9},{"damage":17,"enemies":"downfall:LooterAlt2","floor":19,"turns":2}],"seed_played":"-6825872297352567646","potions_obtained":[{"floor":9,"key":"Dexterity Potion"},{"floor":11,"key":"Strength Potion"},{"floor":12,"key":"Fire Potion"},{"floor":16,"key":"LiquidBronze"}],"is_trial":false,"path_per_floor":["R","M","?","M","?","R","T","?","M","?","M","M","R","E","M","B",null,"R","M"],"character_chosen":"SLIMEBOUND","items_purchased":[],"campfire_rested":0,"item_purchase_floors":[],"current_hp_per_floor":[65,65,65,65,65,65,65,70,67,67,59,59,69,62,62,54,87,87,70,70,70],"gold":312,"neow_bonus":"TRANSFORM_CARD","is_daily":false,"chose_seed":false,"campfire_upgraded":3,"win_rate":0.0,"timestamp":1613274642,"path_taken":["R","M","?","M","?","R","T","?","?","?","M","M","R","E","M","BOSS","R","M"],"items_purchased_type":[],"build_version":"2020-12-22","purchased_purges":0,"victory":false,"max_hp_per_floor":[65,65,65,65,65,65,65,70,70,70,70,70,80,87,87,87,87,87,87,87,87],"relic_stats":{"counters":[9,37],"obtain_stats":[{"SlaversCollar":17,"downfall:HeartBlessingRed":6,"downfall:HeartBlessingBlue":13,"Strawberry":14,"downfall:ExtraCursedKey":3,"Slimebound:AbsorbEndCombat":0},{"SlaversCollar":8,"downfall:HeartBlessingRed":2,"downfall:HeartBlessingBlue":5,"Strawberry":6,"downfall:ExtraCursedKey":1,"Slimebound:AbsorbEndCombat":0},{"SlaversCollar":35,"downfall:HeartBlessingRed":6,"downfall:HeartBlessingBlue":17,"Strawberry":22,"downfall:ExtraCursedKey":4,"Slimebound:AbsorbEndCombat":0}]},"card_choices":[{"not_picked":["Slimebound:FormOfPuddle","Slimebound:Replication"],"picked":"Slimebound:GoopSpray","floor":2},{"not_picked":["Slimebound:LeechingTouch","Slimebound:SplitSpecialist"],"picked":"Slimebound:SplitMire","floor":4},{"not_picked":["Slimebound:SplitSpecialist","Slimebound:Recollect"],"picked":"Slimebound:FinishingTackle","floor":9},{"not_picked":["Slimebound:SplitLeeching","Slimebound:Recollect"],"picked":"Slimebound:ComboTackle","floor":11},{"not_picked":["Slimebound:DouseInSlime","Slimebound:GoopTackle","Slimebound:GoopSpray"],"picked":"SKIP","floor":12},{"not_picked":["Slimebound:LeechEnergy","Slimebound:SplitAcid"],"picked":"Slimebound:FlameTackle","floor":14},{"not_picked":["Slimebound:PressTheAttack","Slimebound:SplitMire","Slimebound:LevelUp"],"picked":"SKIP","floor":15},{"not_picked":["Slimebound:DouseInSlime","Slimebound:Overexert"],"picked":"Slimebound:Recycling","floor":16}],"player_experience":462706,"relics_obtained":[{"floor":14,"key":"Strawberry"}],"event_choices":[{"damage_healed":0,"gold_gain":0,"player_choice":"Donut","damage_taken":0,"max_hp_gain":5,"max_hp_loss":0,"event_name":"Big Fish","floor":8,"gold_loss":0},{"cards_removed":["Doubt"],"damage_healed":0,"gold_gain":0,"player_choice":"Card Removal","damage_taken":0,"max_hp_gain":0,"max_hp_loss":0,"event_name":"The Cleric","floor":10,"gold_loss":0}],"is_beta":false,"boss_relics":[{"not_picked":["Fusion Hammer","Pandora\u0027s Box"],"picked":"SlaversCollar"}],"items_purged_floors":[],"is_endless":false,"potions_floor_spawned":[9,11,12,16],"killed_by":"downfall:LooterAlt2","ascension_level":2}}