{"host":"Ringo","time":1613311395,"event":{"mods":["BaseMod","Colored Map","Conspire","Dota2Spire","Hubris","Minty Spire (QoL Compilation)","Replay The Spire","StSLib","The Construct","[IsaacMod]ÒÔÈö¼âËþ","¡¾ÒÅÎï¿¨ÅÆ¡¿REMEMod"],"gold_per_floor":[117,392,392,407,2,30,57,91,141,174,206,240,272,303,303,380,380,391,401,417,451,43,73,100,125,125,154,183,213,244,244,244,319,319,346,363,386,84,84,109,134,161,161,196,231,261,286,312,312,312,312],"floor_reached":52,"language":"ZHS","playtime":1493,"items_purged":["Regret","Replay:Undeath\u0027s Touch"],"score":4439,"play_id":"5c3211af-b055-46a3-b6e1-6adb52339bec","local_time":"20210214220315","daily_mods":["SealedDeck","Vintage","Red Cards","Green Cards","Colorless Cards","Heirloom","Time Dilation","Flight","DeadlyEvents","Elite Swarm","Lethality","Binary"],"is_ascension_mode":true,"campfire_choices":[{"data":"EpicFetus","floor":15,"key":"SMITH"},{"data":"Flex","floor":32,"key":"SMITH"},{"data":"Heavy Blade","floor":49,"key":"SMITH"}],"circlet_count":0,"master_deck":["AscendersBane","EpicFetus+1","Cloak And Dagger","Iron Wave","Cleave","Dagger Spray","Hidden Blade","Anger","Sucker Punch","Heavy Blade+1","Spot Weakness","Panacea+1","Die Die Die","Armaments","Masterful Stab","Backflip","Twin Strike+1","Quick Slash","Flex+1","Well Laid Plans+1","Riddle With Holes"],"relics":["Burning Blood","Busted Crown","HushsDoor","replay:Trail_Library","Calipers","Void","ReplayFunnel","Boot","SteamSale","Akabeko","Lantern","Gambling Chip","Dota2Spire:Vanguard","MoneyPower","Dota2Spire:ShadowBlade","GuppysPaw","HornCleat","Pen Nib","conspire:RunicOctahedron","GuppysHairball","ReplayTheSpireMod:TigerMarble","MealTicket","Dota2Spire:Butterfly","Pear","Replay:Bottled Snecko","Replay:Wax Seal","Orichalcum","Blue Candle","Sundial","Another Sword","DeadEye","PunchingBag","BFFS","ChampionBelt","Unceasing Top","Replay:Rubber Ducky","ClockworkSouvenir","Bronze Scales","SatanicBible","Omamori","Kunai","Dota2Spire:LotusOrb","conspire:TopHat","HowToJump","Dota2Spire:EchoSabre","InkBottle"],"acts_visited":["Exordium","TheCity","TheBeyond"],"potions_floor_usage":[16,16,33,50],"damage_taken":[{"damage":11,"enemies":"Jaw Worm","floor":1,"turns":2},{"damage":0,"enemies":"Cultist","floor":4,"turns":2},{"damage":2,"enemies":"Lagavulin","floor":6,"turns":3},{"damage":0,"enemies":"Gremlin Nob","floor":7,"turns":2},{"damage":0,"enemies":"3 Sentries","floor":8,"turns":2},{"damage":0,"enemies":"Gremlin Nob","floor":10,"turns":2},{"damage":0,"enemies":"3 Sentries","floor":11,"turns":2},{"damage":0,"enemies":"Lagavulin","floor":12,"turns":2},{"damage":0,"enemies":"Gremlin Nob","floor":13,"turns":2},{"damage":0,"enemies":"Lagavulin","floor":14,"turns":2},{"damage":0,"enemies":"The Guardian","floor":16,"turns":3},{"damage":0,"enemies":"Chosen","floor":18,"turns":3},{"damage":0,"enemies":"Spheric Guardian","floor":19,"turns":2},{"damage":0,"enemies":"Snecko","floor":20,"turns":1},{"damage":0,"enemies":"Slavers","floor":21,"turns":1},{"damage":0,"enemies":"Gremlin Leader","floor":23,"turns":1},{"damage":0,"enemies":"Book of Stabbing","floor":24,"turns":2},{"damage":0,"enemies":"Gremlin Leader","floor":25,"turns":2},{"damage":0,"enemies":"Book of Stabbing","floor":27,"turns":2},{"damage":0,"enemies":"Gremlin Leader","floor":28,"turns":1},{"damage":0,"enemies":"Book of Stabbing","floor":29,"turns":2},{"damage":0,"enemies":"Gremlin Leader","floor":30,"turns":2},{"damage":0,"enemies":"Collector","floor":33,"turns":1},{"damage":0,"enemies":"R_Hoarder","floor":35,"turns":2},{"damage":0,"enemies":"3 Darklings","floor":36,"turns":1},{"damage":0,"enemies":"Nemesis","floor":40,"turns":1},{"damage":0,"enemies":"R_Hoarder","floor":41,"turns":2},{"damage":0,"enemies":"Giant Head","floor":42,"turns":2},{"damage":0,"enemies":"R_Hoarder","floor":44,"turns":1},{"damage":0,"enemies":"Reptomancer","floor":45,"turns":1},{"damage":0,"enemies":"R_Hoarder","floor":46,"turns":2},{"damage":0,"enemies":"Reptomancer","floor":47,"turns":1},{"damage":0,"enemies":"R_Hoarder","floor":48,"turns":1},{"damage":0,"enemies":"Donu and Deca","floor":50,"turns":2},{"damage":0,"enemies":"hubris:GrandSnecko","floor":51,"turns":3}],"seed_played":"-1075444947942186753","potions_obtained":[{"floor":1,"key":"EssenceOfSteel"},{"floor":6,"key":"LifebloodPotion"},{"floor":16,"key":"Adrenaline Potion"},{"floor":18,"key":"LifebloodPotion"},{"floor":35,"key":"Dota2Spire:Clarity"}],"is_trial":true,"path_per_floor":["M","?","?","M","$","E","E","E","T","E","E","E","E","E","R","B",null,"M","M","M","E","$","E","E","E","T","E","E","E","E","T","R","B",null,"M","M","T","$","?","E","E","E","T","E","E","E","E","E","R","B","B",null],"character_chosen":"IRONCLAD","items_purchased":["SteamSale","Akabeko","Lantern","Armaments","GuppysHairball","Pear","Lee\u0027s Waffle","Backflip","Twin Strike+1","Replay:Bottled Snecko","ClockworkSouvenir","Bronze Scales","Well Laid Plans+1"],"campfire_rested":0,"item_purchase_floors":[5,5,5,5,17,22,22,22,22,22,38,38,38],"current_hp_per_floor":[63,63,63,69,69,73,75,75,75,60,60,60,60,60,60,60,50,50,50,50,50,67,67,67,67,67,67,67,67,67,67,67,67,67,67,67,67,67,63,67,67,67,67,67,67,67,67,67,67,67,67],"gold":312,"neow_bonus":"","is_daily":false,"chose_seed":false,"campfire_upgraded":3,"win_rate":0.0,"timestamp":1613311395,"path_taken":["M","?","?","?","$","E","E","E","T","E","E","E","E","E","R","BOSS","M","M","?","?","$","E","E","E","T","E","E","E","E","?","R","BOSS","M","M","?","$","?","E","E","E","T","E","E","E","E","E","R","BOSS","BOSS"],"items_purchased_type":["Relic","Relic","Relic","Card","Relic","Relic","Relic","Card","Card","Relic","Relic","Relic","Card"],"build_version":"2020-12-18","purchased_purges":2,"victory":true,"max_hp_per_floor":[75,75,75,75,75,75,75,75,75,60,60,60,60,60,60,60,50,50,50,50,50,67,67,67,67,67,67,67,67,67,67,67,67,67,67,67,67,67,67,67,67,67,67,67,67,67,67,67,67,67,67],"card_choices":[{"not_picked":[],"picked":"EpicFetus","floor":0}],"player_experience":691731,"relics_obtained":[{"floor":1,"key":"ReplayFunnel"},{"floor":4,"key":"Boot"},{"floor":6,"key":"Gambling Chip"},{"floor":7,"key":"Dota2Spire:Vanguard"},{"floor":8,"key":"MoneyPower"},{"floor":9,"key":"Dota2Spire:ShadowBlade"},{"floor":10,"key":"GuppysPaw"},{"floor":11,"key":"Lizard Tail"},{"floor":12,"key":"HornCleat"},{"floor":13,"key":"Pen Nib"},{"floor":14,"key":"TuHaoJin"},{"floor":18,"key":"Meat on the Bone"},{"floor":19,"key":"ReplayTheSpireMod:TigerMarble"},{"floor":20,"key":"MealTicket"},{"floor":21,"key":"Dota2Spire:Butterfly"},{"floor":23,"key":"Replay:Wax Seal"},{"floor":24,"key":"Orichalcum"},{"floor":25,"key":"Blue Candle"},{"floor":26,"key":"conspire:DecoderRing"},{"floor":27,"key":"Sundial"},{"floor":28,"key":"Another Sword"},{"floor":29,"key":"DeadEye"},{"floor":30,"key":"PunchingBag"},{"floor":31,"key":"BFFS"},{"floor":35,"key":"Unceasing Top"},{"floor":37,"key":"Replay:Rubber Ducky"},{"floor":40,"key":"SatanicBible"},{"floor":41,"key":"Omamori"},{"floor":42,"key":"Kunai"},{"floor":43,"key":"Dota2Spire:LotusOrb"},{"floor":44,"key":"conspire:TopHat"},{"floor":45,"key":"HowToJump"},{"floor":46,"key":"Dota2Spire:EchoSabre"},{"floor":47,"key":"Darkstone Periapt"},{"floor":48,"key":"InkBottle"}],"event_choices":[{"damage_healed":0,"gold_gain":275,"player_choice":"Desecrate","damage_taken":0,"max_hp_gain":0,"max_hp_loss":0,"event_name":"Golden Shrine","floor":2,"gold_loss":0,"cards_obtained":["Regret"]},{"damage_healed":0,"gold_gain":0,"player_choice":"Leave","damage_taken":0,"max_hp_gain":0,"max_hp_loss":0,"event_name":"conspire:Investor","floor":39,"gold_loss":0}],"is_beta":true,"boss_relics":[{"not_picked":["Kintsugi","Philosopher\u0027s Stone"],"picked":"conspire:RunicOctahedron"},{"not_picked":[]},{"not_picked":["Fusion Hammer","Coffee Dripper"],"picked":"ChampionBelt"},{"not_picked":[]}],"items_purged_floors":[5,38],"is_endless":false,"potions_floor_spawned":[1,6,7,11,16,18,20,25,27,29,35,42,46,48],"ascension_level":20}}