{"host":"3ikutf0nfngyhvfs","time":1613333742,"event":{"mods":["AchievementEnabler","BaseMod","Downfall","Hermit","Minty Spire (QoL Compilation)","StSLib","The Construct","The Cursed","The Disciple","The Hierophant","The Runesmith"],"gold_per_floor":[119,119,50,66,79,79,111,91,115,115,130,130,145,179,179,275,275,290,290,309,309,322,356,356,385,385,385,59,59,91,105,105,202,202,222,234,253,253,253,283,283,283,283,295,65,65,127,92,92,92,92,92,3,70,70],"floor_reached":56,"language":"ENG","playtime":6849,"items_purged":["downfall:Bewildered"],"score":1203,"play_id":"69b965a1-0169-4e9b-b85b-5bed254fc2a2","local_time":"20210214141542","is_ascension_mode":false,"campfire_choices":[{"data":"hermit:Maintenance","floor":6.0,"key":"SMITH"},{"data":"hermit:Maintenance","floor":10.0,"key":"SMITH"},{"floor":12.0,"key":"RECALL"},{"data":"hermit:TakeCover","floor":15.0,"key":"SMITH"},{"data":"hermit:FatalDesire","floor":24.0,"key":"SMITH"},{"data":"hermit:HighNoon","floor":27.0,"key":"SMITH"},{"data":"hermit:Showdown","floor":29.0,"key":"SMITH"},{"floor":32.0,"key":"REST"},{"data":"hermit:Adapt","floor":42.0,"key":"SMITH"},{"data":"hermit:ShadowCloak","floor":49.0,"key":"SMITH"},{"data":"hermit:Determination","floor":52.0,"key":"SMITH"}],"circlet_count":0,"master_deck":["hermit:Strike_Hermit","hermit:Strike_Hermit","hermit:Strike_Hermit","hermit:Strike_Hermit","hermit:Defend_Hermit","hermit:Defend_Hermit","hermit:Defend_Hermit","hermit:Defend_Hermit","hermit:Snapshot","hermit:Covet","hermit:Maintenance+1","Pain","hermit:TakeCover+1","hermit:GhostlyPresence","hermit:Maintenance+1","hermit:Showdown+1","hermit:GoldenBullet","hermit:FullyLoaded","hermit:HighNoon+1","hermit:LoneWolf+1","hermit:FatalDesire+1","hermit:GhostlyPresence","hermit:Adapt+1","CurseOfTheBell","hermit:Determination","Finesse","hermit:Determination+1","hermit:ShadowCloak+1","Madness"],"relics":["hermit:Momento","WarpedTongs","Toy Ornithopter","Oddly Smooth Stone","InkBottle","SlaversCollar","Nilry\u0027s Codex","sneckomod:BabySnecko","Darkstone Periapt","Pear","Torii","Calling Bell","Potion Belt","hermit:Horseshoe","Ice Cream","Blue Candle","Boot","HornCleat","Bag of Preparation","Dream Catcher","Letter Opener"],"acts_visited":["Exordium","TheCity","TheBeyond","TheEnding"],"potions_floor_usage":[55],"damage_taken":[{"damage":6.0,"enemies":"Jaw Worm","floor":1.0,"turns":3.0},{"damage":2.0,"enemies":"Cultist","floor":4.0,"turns":4.0},{"damage":0.0,"enemies":"2 Louse","floor":5.0,"turns":3.0},{"damage":8.0,"enemies":"Lagavulin","floor":7.0,"turns":9.0},{"damage":4.0,"enemies":"Red Slaver","floor":11.0,"turns":4.0},{"damage":0.0,"enemies":"Looter","floor":13.0,"turns":3.0},{"damage":12.0,"enemies":"3 Sentries","floor":14.0,"turns":8.0},{"damage":32.0,"enemies":"Hexaghost","floor":16.0,"turns":9.0},{"damage":0.0,"enemies":"Spheric Guardian","floor":18.0,"turns":3.0},{"damage":5.0,"enemies":"Shell Parasite","floor":20.0,"turns":6.0},{"damage":9.0,"enemies":"Centurion and Healer","floor":22.0,"turns":6.0},{"damage":13.0,"enemies":"Book of Stabbing","floor":23.0,"turns":4.0},{"damage":30.0,"enemies":"Cultist and Chosen","floor":25.0,"turns":8.0},{"damage":13.0,"enemies":"Gremlin Leader","floor":30.0,"turns":5.0},{"damage":0.0,"enemies":"Snecko","floor":31.0,"turns":4.0},{"damage":15.0,"enemies":"Collector","floor":33.0,"turns":8.0},{"damage":10.0,"enemies":"3 Shapes","floor":35.0,"turns":6.0},{"damage":19.0,"enemies":"3 Darklings","floor":36.0,"turns":7.0},{"damage":15.0,"enemies":"Maw","floor":37.0,"turns":8.0},{"damage":9.0,"enemies":"Nemesis","floor":40.0,"turns":9.0},{"damage":1.0,"enemies":"Jaw Worm Horde","floor":44.0,"turns":6.0},{"damage":1.0,"enemies":"Giant Head","floor":47.0,"turns":8.0},{"damage":24.0,"enemies":"Time Eater","floor":50.0,"turns":12.0},{"damage":2.0,"enemies":"Shield and Spear","floor":54.0,"turns":10.0},{"damage":48,"enemies":"The Heart","floor":55,"turns":10}],"seed_played":"-7043894718299206153","potions_obtained":[{"floor":1.0,"key":"Block Potion"},{"floor":8.0,"key":"bronze:BurnAndBuffPotion"},{"floor":11.0,"key":"Weak Potion"},{"floor":13.0,"key":"LiquidMemories"},{"floor":16.0,"key":"Dexterity Potion"},{"floor":22.0,"key":"ColorlessPotion"},{"floor":25.0,"key":"SneckoOil"},{"floor":30.0,"key":"BlessingOfTheForge"},{"floor":33.0,"key":"Strength Potion"},{"floor":35.0,"key":"PowerPotion"}],"is_trial":false,"path_per_floor":["M","?","$","M","M","R","E","?","T","R","M","R","M","E","R","B",null,"M","?","M","?","M","E","R","M","T","R","$","R","E","M","R","B",null,"M","M","M","?","?","E","?","R","T","M","$","?","E","$","R","B",null,"R","$","E","B",null],"character_chosen":"HERMIT","items_purchased":["hermit:TakeCover","Pear","Bag of Preparation","Finesse","hermit:ShadowCloak","Madness"],"campfire_rested":1,"item_purchase_floors":[3,28,45,45,48,53],"current_hp_per_floor":[76,76,76,74,74,74,66,66,66,66,62,62,67,60,60,33,82,82,66,61,61,52,49,49,24,24,24,34,34,26,26,53,38,98,88,74,64,59,59,50,50,50,50,49,49,49,48,48,48,24,98,98,98,96,51],"gold":70,"neow_bonus":"TEN_PERCENT_HP_BONUS","is_daily":false,"chose_seed":false,"campfire_upgraded":9,"win_rate":0.0,"timestamp":1613333742,"path_taken":["M","?","$","M","?","R","E","?","T","R","M","R","?","E","R","BOSS","M","?","M","?","M","E","R","M","T","R","$","R","E","M","R","BOSS","M","M","M","?","?","E","?","R","T","M","$","?","E","$","R","BOSS","R","$","E","BOSS"],"items_purchased_type":["Card","Relic","Relic","Card","Card","Card"],"build_version":"2020-12-22","purchased_purges":1,"victory":true,"max_hp_per_floor":[82,82,82,82,82,82,82,82,82,82,82,82,82,82,82,82,82,82,82,82,82,82,82,82,82,82,82,92,92,92,92,92,92,98,98,98,98,98,98,98,98,98,98,98,98,98,98,98,98,98,98,98,98,98,98],"card_choices":[{"not_picked":["hermit:Midnight","hermit:Feint"],"picked":"hermit:Maintenance","floor":1.0},{"not_picked":["hermit:NoHoldsBarred","hermit:Determination"],"picked":"hermit:Shortfuse","floor":4.0},{"not_picked":["hermit:Dive","hermit:Desperado"],"picked":"hermit:GhostlyPresence","floor":5.0},{"not_picked":["hermit:Glare","hermit:FatalDesire"],"picked":"hermit:Maintenance","floor":7.0},{"not_picked":["hermit:Virtue","hermit:Glare"],"picked":"hermit:Showdown","floor":11.0},{"not_picked":["hermit:Deadeye","hermit:Malice"],"picked":"hermit:GoldenBullet","floor":13.0},{"not_picked":["hermit:CalledShot","hermit:Roulette"],"picked":"hermit:FullyLoaded","floor":14.0},{"not_picked":["hermit:OverwhelmingPower","hermit:RoundhouseKick"],"picked":"hermit:HighNoon","floor":16.0},{"not_picked":["hermit:Quickdraw","hermit:BodyArmor+1"],"picked":"hermit:LoneWolf+1","floor":18.0},{"not_picked":["hermit:Coalescence","hermit:TrackingShot","hermit:Ricochet"],"picked":"SKIP","floor":20.0},{"not_picked":["hermit:Malice+1","hermit:LoneWolf","hermit:HoleUp+1"],"picked":"SKIP","floor":22.0},{"not_picked":["hermit:BlackWind","hermit:TakeCover+1"],"picked":"hermit:FatalDesire","floor":23.0},{"not_picked":["hermit:Manifest","hermit:Vantage+1"],"picked":"hermit:GhostlyPresence","floor":25.0},{"not_picked":["hermit:Snipe","hermit:Ricochet","hermit:Cheat"],"picked":"SKIP","floor":30.0},{"not_picked":["hermit:Glare","hermit:ItchyTrigger","hermit:Dive"],"picked":"SKIP","floor":31.0},{"not_picked":["hermit:Purgatory","hermit:HighNoon"],"picked":"hermit:Adapt","floor":33.0},{"not_picked":["hermit:Desperado","hermit:Quickdraw+1","hermit:BigShot+1"],"picked":"SKIP","floor":35.0},{"not_picked":["hermit:Scavenge","hermit:LuckOfTheDraw+1","hermit:ItchyTrigger"],"picked":"SKIP","floor":36.0},{"not_picked":["hermit:Enervate","hermit:Manifest+1","hermit:Snipe+1"],"picked":"SKIP","floor":37.0},{"not_picked":["hermit:Coalescence","hermit:HoleUp+1","hermit:TakeAim"],"picked":"SKIP","floor":40.0},{"not_picked":["hermit:LoneWolf","hermit:WideOpen"],"picked":"hermit:Determination","floor":44.0},{"not_picked":["hermit:Desperado","hermit:PistolWhip+1","hermit:Glare"],"picked":"SKIP","floor":47.0},{"not_picked":["hermit:Quickdraw","hermit:Virtue","hermit:Glare"],"picked":"SKIP","floor":54}],"player_experience":470007,"relics_obtained":[{"floor":7.0,"key":"Toy Ornithopter"},{"floor":9.0,"key":"Oddly Smooth Stone"},{"floor":14.0,"key":"InkBottle"},{"floor":19.0,"key":"Nilry\u0027s Codex"},{"floor":23.0,"key":"Darkstone Periapt"},{"floor":30.0,"key":"Torii"},{"floor":34.0,"key":"Potion Belt"},{"floor":34.0,"key":"hermit:Horseshoe"},{"floor":34.0,"key":"Ice Cream"},{"floor":40.0,"key":"Boot"},{"floor":43.0,"key":"HornCleat"},{"floor":47.0,"key":"Dream Catcher"},{"floor":54,"key":"Letter Opener"}],"event_choices":[{"damage_healed":0.0,"max_hp_gain":0.0,"max_hp_loss":0.0,"gold_gain":0.0,"event_name":"Accursed Blacksmith","player_choice":"Rummage","floor":2.0,"gold_loss":0.0,"damage_taken":0.0,"relics_obtained":["WarpedTongs"],"cards_obtained":["Pain"]},{"damage_healed":0.0,"max_hp_gain":0.0,"max_hp_loss":0.0,"gold_gain":0.0,"event_name":"The Woman in Blue","player_choice":"Bought 1 Potion","floor":8.0,"gold_loss":0.0,"damage_taken":0.0},{"damage_healed":0.0,"max_hp_gain":0.0,"max_hp_loss":0.0,"gold_gain":0.0,"event_name":"Cursed Tome","player_choice":"Obtained Book","floor":19.0,"gold_loss":0.0,"damage_taken":16.0},{"damage_healed":0.0,"max_hp_gain":0.0,"max_hp_loss":0.0,"gold_gain":0.0,"event_name":"Tomb of Lord Red Mask","player_choice":"Ignored","floor":39.0,"gold_loss":0.0,"damage_taken":0.0},{"cards_removed":["hermit:Shortfuse"],"damage_healed":0.0,"max_hp_gain":0.0,"max_hp_loss":0.0,"gold_gain":0.0,"event_name":"Falling","player_choice":"Removed Attack","floor":41.0,"gold_loss":0.0,"damage_taken":0.0},{"damage_healed":0.0,"max_hp_gain":0.0,"max_hp_loss":0.0,"gold_gain":0.0,"event_name":"Match and Keep!","player_choice":"1 cards matched","floor":46.0,"gold_loss":0.0,"damage_taken":0.0,"cards_obtained":["hermit:Determination"]}],"is_beta":false,"boss_relics":[{"not_picked":["construct:WeddingRing","hermit:DentedPlate"],"picked":"SlaversCollar"},{"not_picked":["Busted Crown","Empty Cage"],"picked":"Calling Bell"}],"items_purged_floors":[28],"is_endless":false,"potions_floor_spawned":[1,11,13,16,22,25,30,33,35],"ascension_level":0}}