{"host":"mydft8i2zzydgggw","time":1613298434,"event":{"mods":["AchievementEnabler","BaseMod","Colored Map","Colored Powertips","DeckTracker","Keyboard Shortcuts","Minty Spire (QoL Compilation)","Rare Cards Sparkle","StSLib","SuperFastMode","everything is the same but u backflip on backflip"],"gold_per_floor":[116,116,41,55,55,55,55,70,70,70,84,84,96,96,96,175,175,187,187,249,299,310,310,310],"floor_reached":23,"language":"KOR","playtime":331,"items_purged":["Lockon"],"score":335,"play_id":"a61e4cc7-5031-4829-bcdb-3067c5ca3981","local_time":"20210214192714","is_ascension_mode":true,"campfire_choices":[{"data":"Machine Learning","floor":6,"key":"SMITH"},{"data":"Defragment","floor":10,"key":"SMITH"},{"data":"Coolheaded","floor":12,"key":"SMITH"},{"data":"Zap","floor":15,"key":"SMITH"}],"circlet_count":0,"master_deck":["AscendersBane","Strike_B","Strike_B+1","Strike_B","Strike_B","Defend_B","Defend_B","Defend_B","Defend_B+1","Zap+1","Dualcast","Defragment+1","Streamline","Biased Cognition","Machine Learning+1","Beam Cell","Coolheaded+1","Force Field","Electrodynamics","Self Repair","Coolheaded","Blizzard"],"relics":["Cracked Core","Art of War","Busted Crown","SsserpentHead"],"acts_visited":["Exordium","TheCity"],"potions_floor_usage":[16,22],"damage_taken":[{"damage":6,"enemies":"Small Slimes","floor":1,"turns":4},{"damage":1,"enemies":"Cultist","floor":4,"turns":3},{"damage":9,"enemies":"Jaw Worm","floor":8,"turns":4},{"damage":8,"enemies":"3 Louse","floor":11,"turns":2},{"damage":0,"enemies":"Large Slime","floor":13,"turns":4},{"damage":3,"enemies":"Hexaghost","floor":16,"turns":9},{"damage":25,"enemies":"Shell Parasite","floor":18,"turns":4},{"damage":16,"enemies":"2 Thieves","floor":20,"turns":3},{"damage":15,"enemies":"Snake Plant","floor":22,"turns":5},{"damage":33,"enemies":"Book of Stabbing","floor":23,"turns":2}],"seed_played":"-3698856730655672048","potions_obtained":[{"floor":4,"key":"Strength Potion"},{"floor":8,"key":"BlessingOfTheForge"},{"floor":20,"key":"Ancient Potion"}],"is_trial":false,"path_per_floor":["M","?","$","M","$","R","?","M","T","R","M","R","M","?","R","B",null,"M","?","M","?","M","E"],"character_chosen":"DEFECT","items_purchased":[],"campfire_rested":0,"item_purchase_floors":[],"current_hp_per_floor":[58,58,58,57,57,57,36,27,27,27,19,19,19,19,19,16,57,32,32,23,23,15,0,0],"gold":310,"neow_bonus":"THREE_CARDS","is_daily":false,"chose_seed":false,"campfire_upgraded":4,"win_rate":0.0,"timestamp":1613298434,"path_taken":["M","?","?","M","$","R","?","M","T","R","M","R","M","?","R","BOSS","M","?","?","?","M","E"],"items_purchased_type":[],"build_version":"2020-12-22","purchased_purges":1,"victory":false,"max_hp_per_floor":[71,71,71,71,71,71,71,71,71,71,71,71,71,71,71,71,71,71,71,71,71,71,71,71],"card_choices":[{"not_picked":["White Noise","Turbo"],"picked":"Defragment","floor":0},{"not_picked":["Go for the Eyes","Leap"],"picked":"Streamline","floor":1},{"not_picked":["Undo","Rebound"],"picked":"Machine Learning","floor":4},{"not_picked":["Streamline","Sweeping Beam"],"picked":"Beam Cell","floor":8},{"not_picked":["Recycle","Self Repair"],"picked":"Coolheaded","floor":11},{"not_picked":["Genetic Algorithm","Barrage"],"picked":"Force Field","floor":13},{"not_picked":["Thunder Strike","Buffer"],"picked":"Electrodynamics","floor":16},{"not_picked":[],"picked":"Self Repair","floor":18},{"not_picked":[],"picked":"Coolheaded","floor":20},{"not_picked":[],"picked":"Blizzard","floor":22}],"player_experience":267710,"relics_obtained":[{"floor":9,"key":"Art of War"}],"event_choices":[{"damage_healed":0,"gold_gain":0,"player_choice":"2 cards matched","damage_taken":0,"max_hp_gain":0,"max_hp_loss":0,"event_name":"Match and Keep!","floor":2,"gold_loss":0,"cards_obtained":["Lockon","Biased Cognition"]},{"damage_healed":0,"gold_gain":0,"player_choice":"Entered Light","damage_taken":21,"max_hp_gain":0,"max_hp_loss":0,"event_name":"Shining Light","floor":7,"gold_loss":0,"cards_upgraded":["Strike_B","Defend_B"]},{"damage_healed":0,"gold_gain":0,"player_choice":"Fled","damage_taken":0,"max_hp_gain":0,"max_hp_loss":0,"event_name":"Scrap Ooze","floor":14,"gold_loss":0},{"damage_healed":0,"gold_gain":0,"player_choice":"Trade","damage_taken":0,"relics_obtained":["SsserpentHead"],"max_hp_gain":0,"max_hp_loss":0,"event_name":"FaceTrader","floor":19,"gold_loss":0},{"damage_healed":0,"gold_gain":0,"player_choice":"Ignored","damage_taken":0,"max_hp_gain":0,"max_hp_loss":0,"event_name":"N\u0027loth","floor":21,"gold_loss":0}],"is_beta":false,"boss_relics":[{"not_picked":["Pandora\u0027s Box","Astrolabe"],"picked":"Busted Crown"}],"items_purged_floors":[3],"is_endless":false,"potions_floor_spawned":[4,8,20],"killed_by":"Book of Stabbing","ascension_level":17}}