{"host":"x52zk6e1f2bye2h7","time":1613324437,"event":{"mods":["AchievementEnabler","BaseMod","Highlight Path","Minty Spire (QoL Compilation)","everything is the same but u backflip on backflip"],"gold_per_floor":[211,211,211,211,211,211,227,227,227,245,145,45,59,75,75,174,174,185,7,21,21,36,36,50,50,50,50,50,50,69,84,84,189,189,203,215,226,226,240,270,120,120,175,175,194,209,225,236,236,236,236],"floor_reached":50,"language":"ENG","playtime":1183,"items_purged":["Strike_P","Strike_P","Eruption","Defend_P"],"score":491,"play_id":"4568ca07-aeca-4937-b81f-9bc82c6f1101","local_time":"20210214174037","is_ascension_mode":true,"campfire_choices":[{"floor":6,"key":"REST"},{"data":"Strike_P","floor":8,"key":"SMITH"},{"data":"PathToVictory","floor":15,"key":"SMITH"},{"data":"PathToVictory","floor":23,"key":"SMITH"},{"data":"PathToVictory","floor":25,"key":"SMITH"},{"floor":27,"key":"REST"},{"floor":32,"key":"REST"},{"floor":44,"key":"REST"},{"floor":49,"key":"REST"}],"circlet_count":0,"master_deck":["Strike_P+1","Defend_P+1","Defend_P+1","Defend_P+1","PathToVictory+1","PathToVictory+1","PathToVictory+1"],"relics":["PureWater"],"acts_visited":["Exordium","TheCity","TheBeyond"],"potions_floor_usage":[16,20,22,31,33,33,45,47,50,50],"damage_taken":[{"damage":0,"enemies":"2 Louse","floor":1,"turns":2},{"damage":5,"enemies":"Jaw Worm","floor":7,"turns":4},{"damage":1,"enemies":"Cultist","floor":10,"turns":4},{"damage":0,"enemies":"2 Fungi Beasts","floor":13,"turns":3},{"damage":12,"enemies":"Large Slime","floor":14,"turns":7},{"damage":32,"enemies":"Slime Boss","floor":16,"turns":12},{"damage":8,"enemies":"Shell Parasite","floor":18,"turns":6},{"damage":4,"enemies":"2 Thieves","floor":20,"turns":4},{"damage":12,"enemies":"Snecko","floor":22,"turns":4},{"damage":0,"enemies":"Centurion and Healer","floor":24,"turns":4},{"damage":13,"enemies":"Snake Plant","floor":30,"turns":2},{"damage":15,"enemies":"Sentry and Sphere","floor":31,"turns":5},{"damage":40,"enemies":"Champ","floor":33,"turns":5},{"damage":10,"enemies":"3 Shapes","floor":35,"turns":4},{"damage":2,"enemies":"Orb Walker","floor":36,"turns":2},{"damage":0,"enemies":"Maw","floor":37,"turns":3},{"damage":11,"enemies":"Spire Growth","floor":39,"turns":3},{"damage":14,"enemies":"Nemesis","floor":40,"turns":5},{"damage":20,"enemies":"Sphere and 2 Shapes","floor":45,"turns":4},{"damage":0,"enemies":"Maw","floor":46,"turns":3},{"damage":11,"enemies":"4 Shapes","floor":47,"turns":3},{"damage":10,"enemies":"Sphere and 2 Shapes","floor":48,"turns":4},{"damage":60,"enemies":"Awakened One","floor":50,"turns":8}],"seed_played":"-3625189961889218516","potions_obtained":[{"floor":1,"key":"BlessingOfTheForge"},{"floor":7,"key":"Fire Potion"},{"floor":10,"key":"LiquidMemories"},{"floor":18,"key":"PowerPotion"},{"floor":20,"key":"DistilledChaos"},{"floor":30,"key":"Swift Potion"},{"floor":40,"key":"Explosive Potion"},{"floor":45,"key":"Fruit Juice"},{"floor":46,"key":"BottledMiracle"},{"floor":48,"key":"LiquidBronze"}],"is_trial":false,"path_per_floor":["M","?","?","?","T","R","M","R","T","M","$","$","M","M","R","B",null,"M","$","M","?","M","R","M","R","T","R","?","?","M","M","R","B",null,"M","M","M","?","M","E","$","?","T","R","M","M","M","M","R","B"],"character_chosen":"WATCHER","items_purchased":["PathToVictory","PathToVictory"],"campfire_rested":5,"item_purchase_floors":[11,19],"current_hp_per_floor":[72,65,65,51,51,72,67,67,67,66,66,66,66,54,54,22,72,64,64,60,60,48,48,48,48,48,69,56,56,43,28,51,11,77,67,65,65,65,54,40,40,40,40,61,46,46,35,25,48,0,0],"gold":236,"neow_bonus":"HUNDRED_GOLD","is_daily":false,"chose_seed":false,"campfire_upgraded":4,"win_rate":0.0,"timestamp":1613324437,"path_taken":["M","?","?","?","?","R","M","R","T","?","?","$","M","M","R","BOSS","M","$","?","?","M","R","M","R","T","R","?","?","?","M","R","BOSS","M","M","M","?","M","E","$","?","T","R","M","?","M","M","R","BOSS"],"items_purchased_type":["Card","Card"],"build_version":"2020-12-22","purchased_purges":4,"victory":false,"max_hp_per_floor":[72,72,72,72,72,72,72,72,72,72,72,72,72,72,72,72,72,72,72,72,72,72,72,72,72,72,72,77,77,77,77,77,77,77,77,77,77,73,73,73,73,73,73,73,78,78,78,78,78,78,78],"card_choices":[{"not_picked":["Tantrum","Evaluate","Fasting2"],"picked":"SKIP","floor":1},{"not_picked":["FearNoEvil","Wallop","Study"],"picked":"SKIP","floor":7},{"not_picked":["FlurryOfBlows","Study","FlyingSleeves"],"picked":"SKIP","floor":10},{"not_picked":["Protect","WheelKick","Wallop"],"picked":"SKIP","floor":13},{"not_picked":["Evaluate","BowlingBash","JustLucky"],"picked":"SKIP","floor":14},{"not_picked":["Crescendo+1","BowlingBash","Study"],"picked":"SKIP","floor":18},{"not_picked":["EmptyFist","BattleHymn"],"picked":"PathToVictory","floor":20},{"not_picked":["EmptyBody+1","JustLucky","Weave"],"picked":"SKIP","floor":22},{"not_picked":["FlurryOfBlows","SashWhip","CutThroughFate"],"picked":"SKIP","floor":24},{"not_picked":["WreathOfFlame","JustLucky+1","FlyingSleeves"],"picked":"SKIP","floor":30},{"not_picked":["FlyingSleeves","SpiritShield","Sanctity"],"picked":"SKIP","floor":31},{"not_picked":["FlyingSleeves","WreathOfFlame+1","Prostrate"],"picked":"SKIP","floor":35},{"not_picked":["ThirdEye+1","Crescendo","Protect"],"picked":"SKIP","floor":36},{"not_picked":["FollowUp+1","LikeWater+1","EmptyFist+1"],"picked":"SKIP","floor":37},{"not_picked":["Halt+1","Perseverance","LikeWater"],"picked":"SKIP","floor":39},{"not_picked":["FollowUp","PathToVictory","BowlingBash"],"picked":"SKIP","floor":40},{"not_picked":["FlyingSleeves+1","Prostrate+1","Halt"],"picked":"SKIP","floor":45},{"not_picked":["SpiritShield","Conclude+1","WheelKick"],"picked":"SKIP","floor":46},{"not_picked":["CutThroughFate+1","Wallop","Evaluate+1"],"picked":"SKIP","floor":47},{"not_picked":["FlyingSleeves","ThirdEye+1","Prostrate"],"picked":"SKIP","floor":48}],"player_experience":121330,"relics_obtained":[],"event_choices":[{"cards_removed":["Strike_P"],"damage_healed":0,"gold_gain":0,"player_choice":"Card Removal","damage_taken":7,"max_hp_gain":0,"max_hp_loss":0,"event_name":"Golden Wing","floor":2,"gold_loss":0},{"damage_healed":0,"gold_gain":0,"player_choice":"Ignored","damage_taken":0,"max_hp_gain":0,"max_hp_loss":0,"event_name":"Liars Game","floor":3,"gold_loss":0},{"damage_healed":0,"gold_gain":0,"player_choice":"Entered Light","damage_taken":14,"max_hp_gain":0,"max_hp_loss":0,"event_name":"Shining Light","floor":4,"gold_loss":0,"cards_upgraded":["Defend_P","Defend_P"]},{"cards_removed":["Vigilance"],"damage_healed":0,"gold_gain":0,"player_choice":"Elegance","damage_taken":0,"max_hp_gain":0,"max_hp_loss":0,"event_name":"Back to Basics","floor":21,"gold_loss":0},{"damage_healed":0,"gold_gain":0,"player_choice":"Shed Blood","damage_taken":18,"max_hp_gain":5,"max_hp_loss":0,"event_name":"Forgotten Altar","floor":28,"gold_loss":0},{"damage_healed":0,"gold_gain":0,"player_choice":"Upgraded","damage_taken":0,"max_hp_gain":0,"max_hp_loss":0,"event_name":"Upgrade Shrine","floor":29,"gold_loss":0,"cards_upgraded":["Defend_P"]},{"damage_healed":0,"gold_gain":0,"player_choice":"Max HP","damage_taken":0,"max_hp_gain":0,"max_hp_loss":4,"event_name":"Winding Halls","floor":38,"gold_loss":0},{"damage_healed":0,"gold_gain":0,"player_choice":"Memory 1","damage_taken":0,"max_hp_gain":0,"max_hp_loss":0,"event_name":"SensoryStone","floor":42,"gold_loss":0}],"is_beta":false,"boss_relics":[{"not_picked":["Pandora\u0027s Box","Philosopher\u0027s Stone","Snecko Eye"]},{"not_picked":["VioletLotus","Runic Pyramid","Velvet Choker"]}],"items_purged_floors":[11,12,19,41],"is_endless":false,"potions_floor_spawned":[1,7,10,13,18,20,30,40,45,46,48],"killed_by":"Awakened One","ascension_level":1}}