{"host":"mxapx8q0a9vsrtjq","time":1613334169,"event":{"mods":["AchievementEnabler","BaseMod","Colored Map","Colored Powertips","Minty Spire (QoL Compilation)","Quick Restart"],"gold_per_floor":[109,38,38,38,50,80,93,18,18,18,18,33,33,66,66,165,165,137,137,236,247,247,277,38,38,90,90,90],"floor_reached":27,"language":"ENG","playtime":1384,"items_purged":["Strike_G"],"score":287,"play_id":"365df04e-d34e-4cd0-829b-6576e85f35a7","local_time":"20210214142249","is_ascension_mode":false,"campfire_choices":[{"data":"Infinite Blades","floor":10.0,"key":"SMITH"},{"data":"Footwork","floor":13.0,"key":"SMITH"},{"floor":15.0,"key":"REST"}],"circlet_count":0,"master_deck":["Defend_G","Defend_G","Defend_G","Defend_G","Defend_G","Survivor","Neutralize","Footwork+1","Infinite Blades+1","Wraith Form v2","Slice","PiercingWail","Regret","Prepared","Acrobatics","After Image","Outmaneuver","Writhe","Caltrops","Noxious Fumes","Bite","Bite","Bite","Bite","Bite"],"relics":["Ring of the Snake","NeowsBlessing","White Beast Statue","Pantograph","Ornamental Fan","HornCleat","Black Star","Pen Nib","Sundial","Toxic Egg 2","Letter Opener","Paper Crane","Nunchaku"],"acts_visited":[],"potions_floor_usage":[],"damage_taken":[{"damage":0.0,"enemies":"Cultist","floor":1.0,"turns":1.0},{"damage":0.0,"enemies":"2 Louse","floor":5.0,"turns":1.0},{"damage":0.0,"enemies":"Lagavulin","floor":6.0,"turns":1.0},{"damage":5.0,"enemies":"Jaw Worm","floor":7.0,"turns":5.0},{"damage":7.0,"enemies":"2 Fungi Beasts","floor":12.0,"turns":5.0},{"damage":17.0,"enemies":"Gremlin Nob","floor":14.0,"turns":7.0},{"damage":35.0,"enemies":"Hexaghost","floor":16.0,"turns":12.0},{"damage":25.0,"enemies":"2 Thieves","floor":18.0,"turns":5.0},{"damage":3.0,"enemies":"Shell Parasite","floor":21.0,"turns":14.0},{"damage":25.0,"enemies":"Book of Stabbing","floor":23.0,"turns":6.0},{"damage":0,"enemies":"Gremlin Leader","floor":27,"turns":1}],"seed_played":"-7664245591727288193","potions_obtained":[{"floor":5.0,"key":"Weak Potion"},{"floor":6.0,"key":"LiquidBronze"},{"floor":7.0,"key":"SmokeBomb"},{"floor":12.0,"key":"Strength Potion"},{"floor":16.0,"key":"Fruit Juice"},{"floor":18.0,"key":"SteroidPotion"},{"floor":21.0,"key":"CunningPotion"},{"floor":23.0,"key":"SkillPotion"}],"is_trial":false,"path_per_floor":["M","$","?","?","M","E","M","$","T","R","?","M","R","E","R","B",null,"M","?","?","M","T","E","$","?","T","E"],"character_chosen":"THE_SILENT","items_purchased":["Infinite Blades","Paper Crane"],"campfire_rested":1,"item_purchase_floors":[2,24],"current_hp_per_floor":[70,70,58,58,58,58,53,53,53,53,53,48,48,33,54,40,75,50,50,50,49,49,26,26,26,26,26,26],"gold":90,"neow_bonus":"THREE_ENEMY_KILL","is_daily":false,"chose_seed":false,"campfire_upgraded":2,"win_rate":0.0,"timestamp":1613334169,"path_taken":["M","$","?","?","M","E","M","?","T","R","?","M","R","E","R","BOSS","M","?","?","M","?","E","$","?","T","E"],"items_purchased_type":["Card","Relic"],"build_version":"2020-12-22","purchased_purges":1,"victory":false,"max_hp_per_floor":[70,70,70,70,70,70,70,70,70,70,70,70,70,70,70,75,75,75,75,75,75,75,75,75,75,75,75,75],"card_choices":[{"not_picked":["Poisoned Stab","Underhanded Strike"],"picked":"Footwork","floor":1.0},{"not_picked":["Slice","Flechettes","Flying Knee"],"picked":"SKIP","floor":5.0},{"not_picked":["Flechettes","Flying Knee"],"picked":"Slice","floor":5.0},{"not_picked":["Deadly Poison","Underhanded Strike","Skewer"],"picked":"SKIP","floor":6.0},{"not_picked":["Escape Plan","Flying Knee"],"picked":"PiercingWail","floor":7.0},{"not_picked":["Dodge and Roll","Flechettes"],"picked":"Prepared","floor":12.0},{"not_picked":["Predator","Prepared"],"picked":"Acrobatics","floor":14.0},{"not_picked":["Corpse Explosion","Die Die Die"],"picked":"After Image","floor":16.0},{"not_picked":["Eviscerate","Tactician"],"picked":"Outmaneuver","floor":18.0},{"not_picked":["Distraction","Escape Plan"],"picked":"Caltrops","floor":21.0},{"not_picked":["Expertise+1","Riddle With Holes"],"picked":"Noxious Fumes","floor":23.0}],"player_experience":33510,"relics_obtained":[{"floor":6.0,"key":"Pantograph"},{"floor":9.0,"key":"Ornamental Fan"},{"floor":14.0,"key":"HornCleat"},{"floor":22.0,"key":"Sundial"},{"floor":23.0,"key":"Toxic Egg 2"},{"floor":23.0,"key":"Letter Opener"},{"floor":26.0,"key":"Nunchaku"}],"event_choices":[{"damage_healed":0.0,"max_hp_gain":0.0,"max_hp_loss":0.0,"gold_gain":0.0,"event_name":"Scrap Ooze","player_choice":"Success","floor":3.0,"gold_loss":0.0,"damage_taken":12.0,"relics_obtained":["White Beast Statue"]},{"damage_healed":0.0,"max_hp_gain":0.0,"max_hp_loss":0.0,"gold_gain":0.0,"cards_transformed":["Strike_G"],"event_name":"Living Wall","player_choice":"Change","floor":4.0,"gold_loss":0.0,"damage_taken":0.0,"cards_obtained":["Wraith Form v2"]},{"damage_healed":0.0,"max_hp_gain":0.0,"max_hp_loss":0.0,"gold_gain":0.0,"event_name":"Big Fish","player_choice":"Box","floor":11.0,"gold_loss":0.0,"damage_taken":0.0,"relics_obtained":["Blood Vial"],"cards_obtained":["Regret"]},{"damage_healed":0.0,"max_hp_gain":0.0,"max_hp_loss":0.0,"gold_gain":0.0,"event_name":"The Mausoleum","player_choice":"Opened","floor":19.0,"gold_loss":0.0,"damage_taken":0.0,"relics_obtained":["Pen Nib"],"cards_obtained":["Writhe"]},{"damage_healed":0.0,"max_hp_gain":0.0,"max_hp_loss":0.0,"gold_gain":99.0,"event_name":"Nest","player_choice":"Stole From Cult","floor":20.0,"gold_loss":0.0,"damage_taken":0.0},{"damage_healed":0.0,"max_hp_gain":0.0,"max_hp_loss":0.0,"gold_gain":0.0,"event_name":"Vampires","player_choice":"Became a vampire (Vial)","floor":25.0,"relics_lost":["Blood Vial"],"gold_loss":0.0,"damage_taken":0.0,"cards_obtained":["Bite","Bite","Bite","Bite","Bite"]}],"is_beta":false,"boss_relics":[{"not_picked":["Runic Dome","SlaversCollar"],"picked":"Black Star"}],"items_purged_floors":[8],"is_endless":false,"potions_floor_spawned":[5,6,7,12,14,16,18,21,23],"killed_by":"Gremlin Leader","ascension_level":0}}