{"host":"i4d8tgqbnmcnjm0a","time":1613300734,"event":{"mods":["BaseMod","Keyboard Shortcuts","Minty Spire (QoL Compilation)"],"gold_per_floor":[110,110,128,155,174,174,30,63,114,142,165,195,195,220,220,331,331,356,356,24,24,52,52,52,52],"floor_reached":24,"language":"ENG","playtime":1558,"items_purged":[],"score":235,"play_id":"9731a2c8-e77f-4f08-b6e3-2010b7ecdcdc","local_time":"20210214060534","is_ascension_mode":true,"campfire_choices":[{"data":"Fusion","floor":6,"key":"SMITH"},{"floor":13,"key":"REST"},{"floor":15,"key":"REST"},{"floor":23,"key":"REST"}],"circlet_count":0,"master_deck":["Strike_B","Strike_B","Strike_B","Strike_B","Defend_B","Defend_B","Defend_B","Zap","Dualcast","Fusion+1","Streamline","Barrage","Sweeping Beam","Leap","Defragment","Sunder","Seek","Conserve Battery","Streamline","Coolheaded"],"relics":["Cracked Core","Omamori","NlothsMask","Sling","Strawberry","CeramicFish","Odd Mushroom","Inserter","Prayer Wheel"],"acts_visited":["Exordium","TheCity"],"potions_floor_usage":[8,10,16,22],"damage_taken":[{"damage":7,"enemies":"Small Slimes","floor":1,"turns":3},{"damage":1,"enemies":"Cultist","floor":3,"turns":3},{"damage":7,"enemies":"Jaw Worm","floor":5,"turns":2},{"damage":40,"enemies":"3 Sentries","floor":8,"turns":8},{"damage":0,"enemies":"2 Fungi Beasts","floor":10,"turns":2},{"damage":1,"enemies":"Exordium Thugs","floor":11,"turns":4},{"damage":18,"enemies":"The Mushroom Lair","floor":12,"turns":5},{"damage":7,"enemies":"Exordium Wildlife","floor":14,"turns":3},{"damage":42,"enemies":"The Guardian","floor":16,"turns":12},{"damage":19,"enemies":"Spheric Guardian","floor":18,"turns":4},{"damage":23,"enemies":"Shell Parasite","floor":22,"turns":6},{"damage":61,"enemies":"Book of Stabbing","floor":24,"turns":5}],"seed_played":"-3633974910535128365","potions_obtained":[{"floor":5,"key":"Swift Potion"},{"floor":8,"key":"AttackPotion"},{"floor":12,"key":"EssenceOfSteel"},{"floor":16,"key":"DistilledChaos"}],"is_trial":false,"path_per_floor":["M","?","M","T","M","R","$","E","T","M","M","?","R","M","R","B",null,"M","?","$","?","M","R","E"],"character_chosen":"DEFECT","items_purchased":["Sling","Prayer Wheel","Streamline"],"campfire_rested":3,"item_purchase_floors":[7,20,20],"current_hp_per_floor":[68,68,67,67,60,60,60,27,27,27,26,8,32,25,49,7,82,63,63,63,63,40,64,3,3],"gold":52,"neow_bonus":"RANDOM_COMMON_RELIC","is_daily":false,"chose_seed":false,"campfire_upgraded":1,"win_rate":0.0,"timestamp":1613300734,"path_taken":["M","?","?","?","M","R","?","E","T","M","M","?","R","M","R","BOSS","M","?","$","?","?","R","E"],"items_purchased_type":["Relic","Relic","Card"],"build_version":"2020-12-22","purchased_purges":0,"victory":false,"max_hp_per_floor":[75,75,75,75,75,75,75,82,82,82,82,82,82,82,82,82,82,82,82,82,82,82,82,82,82],"card_choices":[{"not_picked":["Beam Cell","Tempest"],"picked":"Fusion","floor":1},{"not_picked":["Force Field","Rebound"],"picked":"Streamline","floor":3},{"not_picked":["Turbo","Gash"],"picked":"Barrage","floor":5},{"not_picked":["Barrage","Gash"],"picked":"Sweeping Beam","floor":8},{"not_picked":["Steam","Multi-Cast"],"picked":"Leap","floor":10},{"not_picked":["Auto Shields","Coolheaded"],"picked":"Defragment","floor":11},{"not_picked":["Leap","Double Energy"],"picked":"Sunder","floor":14},{"not_picked":["All For One","Amplify"],"picked":"Seek","floor":16},{"not_picked":["Steam","Rebound"],"picked":"Conserve Battery","floor":18},{"not_picked":["Compile Driver+1","Turbo"],"picked":"Coolheaded","floor":22},{"not_picked":["Scrape","Aggregate+1","Capacitor+1"],"picked":"SKIP","floor":22}],"player_experience":337139,"relics_obtained":[{"floor":8,"key":"Strawberry"},{"floor":9,"key":"CeramicFish"},{"floor":12,"key":"Odd Mushroom"}],"event_choices":[{"damage_healed":0,"gold_gain":0,"player_choice":"Trade","damage_taken":0,"relics_obtained":["NlothsMask"],"max_hp_gain":0,"max_hp_loss":0,"event_name":"FaceTrader","floor":2,"gold_loss":0},{"damage_healed":0,"gold_gain":0,"player_choice":"Fought Mushrooms","damage_taken":0,"max_hp_gain":0,"max_hp_loss":0,"event_name":"Mushrooms","floor":12,"gold_loss":0},{"cards_removed":["Defend_B"],"damage_healed":0,"gold_gain":0,"player_choice":"Elegance","damage_taken":0,"max_hp_gain":0,"max_hp_loss":0,"event_name":"Back to Basics","floor":19,"gold_loss":0},{"damage_healed":0,"gold_gain":0,"player_choice":"Ignored","damage_taken":0,"max_hp_gain":0,"max_hp_loss":0,"event_name":"Vampires","floor":21,"gold_loss":0}],"is_beta":false,"boss_relics":[{"not_picked":["Runic Dome","Coffee Dripper"],"picked":"Inserter"}],"items_purged_floors":[],"is_endless":false,"potions_floor_spawned":[5,8,12,16],"killed_by":"Book of Stabbing","ascension_level":4}}