{"host":"89iuq2p5kwriuwfq","time":1613318098,"event":{"mods":["BaseMod","Curses Come First","Minty Spire (QoL Compilation)","Permanent Neow","StSLib"],"gold_per_floor":[111,128,139,157,257,282,299,299,299,317,317,335,362,362,362,362,362],"floor_reached":16,"language":"ENG","playtime":601,"items_purged":[],"score":222,"play_id":"2f5602f7-bb0b-42dc-9b5a-6acd018c925b","local_time":"20210214155458","is_ascension_mode":true,"campfire_choices":[{"data":"Eruption","floor":8,"key":"SMITH"},{"data":"Vigilance","floor":15,"key":"SMITH"}],"circlet_count":0,"master_deck":["AscendersBane","Strike_P","Strike_P","Strike_P","Defend_P","Defend_P","Defend_P","Defend_P","Eruption+1","Vigilance+1","CarveReality","EmptyFist","Wallop","Conclude","ReachHeaven","Tantrum","Meditate","WheelKick","Ragnarok"],"relics":["PureWater","Thread and Needle","Juzu Bracelet","Question Card","Toy Ornithopter","Bottled Lightning"],"acts_visited":["Exordium"],"potions_floor_usage":[6,6,13,16],"damage_taken":[{"damage":0,"enemies":"Cultist","floor":1,"turns":2},{"damage":4,"enemies":"2 Louse","floor":2,"turns":3},{"damage":2,"enemies":"Jaw Worm","floor":3,"turns":3},{"damage":0,"enemies":"Exordium Wildlife","floor":4,"turns":2},{"damage":22,"enemies":"Gremlin Nob","floor":6,"turns":3},{"damage":0,"enemies":"2 Fungi Beasts","floor":7,"turns":2},{"damage":10,"enemies":"Lots of Slimes","floor":10,"turns":3},{"damage":0,"enemies":"Red Slaver","floor":12,"turns":2},{"damage":0,"enemies":"Lagavulin","floor":13,"turns":2},{"damage":33,"enemies":"The Guardian","floor":16,"turns":7}],"seed_played":"-7608466505064763869","potions_obtained":[{"floor":2,"key":"BottledMiracle"},{"floor":4,"key":"Strength Potion"},{"floor":10,"key":"FearPotion"},{"floor":12,"key":"SpeedPotion"}],"is_trial":false,"path_per_floor":["M","M","M","M","?","E","M","R","T","M","T","M","E","T","R","B"],"character_chosen":"WATCHER","items_purchased":[],"campfire_rested":0,"item_purchase_floors":[],"current_hp_per_floor":[65,61,59,59,59,37,37,37,37,27,27,27,27,27,27,0,0],"gold":362,"neow_bonus":"TRANSFORM_CARD","is_daily":false,"chose_seed":false,"campfire_upgraded":2,"win_rate":0.0,"timestamp":1613318098,"path_taken":["M","?","M","M","?","E","?","R","T","M","?","M","E","?","R","BOSS"],"items_purchased_type":[],"build_version":"2020-12-22","purchased_purges":0,"victory":false,"max_hp_per_floor":[72,72,72,72,72,72,72,72,72,72,72,72,72,72,72,72,72],"card_choices":[{"not_picked":["Evaluate","WreathOfFlame"],"picked":"EmptyFist","floor":1},{"not_picked":["JustLucky","CutThroughFate"],"picked":"Wallop","floor":2},{"not_picked":["ClearTheMind","ThirdEye"],"picked":"Conclude","floor":3},{"not_picked":["FlyingSleeves","LikeWater"],"picked":"ReachHeaven","floor":4},{"not_picked":["JustLucky","FollowUp"],"picked":"Tantrum","floor":6},{"not_picked":["ClearTheMind","Pray"],"picked":"Meditate","floor":7},{"not_picked":["CrushJoints","Perseverance"],"picked":"WheelKick","floor":10},{"not_picked":["CutThroughFate","JustLucky","BowlingBash","ThirdEye"],"picked":"SKIP","floor":12},{"not_picked":["Brilliance","FollowUp","EmptyBody"],"picked":"Ragnarok","floor":13}],"player_experience":678836,"relics_obtained":[{"floor":6,"key":"Thread and Needle"},{"floor":9,"key":"Juzu Bracelet"},{"floor":11,"key":"Question Card"},{"floor":13,"key":"Toy Ornithopter"},{"floor":14,"key":"Bottled Lightning"}],"event_choices":[{"damage_healed":0,"gold_gain":100,"player_choice":"Pray","damage_taken":0,"max_hp_gain":0,"max_hp_loss":0,"event_name":"Golden Shrine","floor":5,"gold_loss":0}],"is_beta":false,"boss_relics":[],"items_purged_floors":[],"is_endless":false,"potions_floor_spawned":[2,4,10,12],"killed_by":"The Guardian","ascension_level":12}}