{"host":"2ty4h143nj8vwezc","time":1613268047,"event":{"mods":["BaseMod","Colored Map","Googly Eyes","Highlight Path","Minty Spire (QoL Compilation)","Quick Restart","StSLib"],"gold_per_floor":[119,138,152,165,165,165,190,190,190,51,64,84,84,104,104,200,200,212,137,137,153,153,153,153,153],"floor_reached":24,"language":"ENG","playtime":1013,"items_purged":[],"score":312,"play_id":"553db1bd-b754-4e8b-8c99-c1a9185cfc80","local_time":"20210213210047","is_ascension_mode":true,"campfire_choices":[{"data":"Streamline","floor":6.0,"key":"SMITH"},{"floor":8.0,"key":"REST"},{"floor":13.0,"key":"REST"},{"floor":15.0,"key":"REST"},{"floor":23.0,"key":"REST"}],"circlet_count":0,"master_deck":["Strike_B","Strike_B","Strike_B","Strike_B","Defend_B","Defend_B","Defend_B","Zap","Dualcast","Double Energy+1","Beam Cell","Streamline+1","Go for the Eyes","Conserve Battery+1","Melter","BootSequence+1","Leap+1","Meteor Strike","J.A.X.+1","Streamline+1","Ghostly+1","Ghostly+1","Ghostly+1","Ghostly+1","Ghostly+1"],"relics":["Sozu","Toxic Egg 2","HornCleat","Regal Pillow","Fusion Hammer"],"acts_visited":["Exordium","TheCity"],"potions_floor_usage":[],"damage_taken":[{"damage":1.0,"enemies":"Cultist","floor":1.0,"turns":3.0},{"damage":9.0,"enemies":"Jaw Worm","floor":2.0,"turns":5.0},{"damage":7.0,"enemies":"Small Slimes","floor":3.0,"turns":3.0},{"damage":8.0,"enemies":"3 Louse","floor":4.0,"turns":4.0},{"damage":37.0,"enemies":"Lagavulin","floor":7.0,"turns":6.0},{"damage":18.0,"enemies":"Exordium Thugs","floor":11.0,"turns":4.0},{"damage":0.0,"enemies":"Gremlin Gang","floor":12.0,"turns":4.0},{"damage":0.0,"enemies":"Large Slime","floor":14.0,"turns":4.0},{"damage":64.0,"enemies":"The Guardian","floor":16.0,"turns":13.0},{"damage":9.0,"enemies":"Shell Parasite","floor":18.0,"turns":6.0},{"damage":30.0,"enemies":"3 Byrds","floor":21.0,"turns":8.0},{"damage":39,"enemies":"Book of Stabbing","floor":24,"turns":5}],"seed_played":"333267357021803778","potions_obtained":[],"is_trial":false,"path_per_floor":["M","M","M","M","?","R","E","R","T","?","M","M","R","M","R","B",null,"M","?","?","M","?","R","E"],"character_chosen":"DEFECT","items_purchased":[],"campfire_rested":4,"item_purchase_floors":[],"current_hp_per_floor":[67,58,51,43,43,43,6,28,28,28,10,10,47,47,75,11,59,50,50,50,20,20,37,0,0],"gold":153,"neow_bonus":"BOSS_RELIC","is_daily":false,"chose_seed":false,"campfire_upgraded":1,"win_rate":0.0,"timestamp":1613268047,"path_taken":["M","M","?","M","?","R","E","R","T","?","M","?","R","M","R","BOSS","M","?","?","M","?","R","E"],"items_purchased_type":[],"build_version":"2020-12-22","purchased_purges":0,"victory":false,"max_hp_per_floor":[75,75,75,75,75,75,75,75,75,75,75,75,75,75,75,75,75,75,75,75,75,37,37,37,37],"card_choices":[{"not_picked":["Static Discharge","Sweeping Beam"],"picked":"Double Energy","floor":1.0},{"not_picked":["Fusion","Leap"],"picked":"Beam Cell","floor":2.0},{"not_picked":["Coolheaded","Sweeping Beam"],"picked":"Streamline","floor":3.0},{"not_picked":["Sweeping Beam","Hologram"],"picked":"Go for the Eyes","floor":4.0},{"not_picked":["Fusion+1","Redo+1"],"picked":"Conserve Battery+1","floor":7.0},{"not_picked":["Doom and Gloom","Sweeping Beam"],"picked":"Melter","floor":11.0},{"not_picked":["Hologram+1","Rip and Tear"],"picked":"BootSequence+1","floor":12.0},{"not_picked":["Aggregate+1","Gash"],"picked":"Leap+1","floor":14.0},{"not_picked":["Machine Learning","Amplify+1"],"picked":"Meteor Strike","floor":16.0},{"not_picked":["Hello World+1","Cold Snap","Aggregate+1"],"picked":"SKIP","floor":18.0},{"not_picked":["Compile Driver+1","Go for the Eyes"],"picked":"Streamline+1","floor":21.0}],"player_experience":419842,"relics_obtained":[{"floor":7.0,"key":"Toxic Egg 2"},{"floor":9.0,"key":"HornCleat"}],"event_choices":[{"damage_healed":0.0,"max_hp_gain":0.0,"max_hp_loss":0.0,"gold_gain":0.0,"event_name":"Living Wall","player_choice":"Grow","floor":5.0,"gold_loss":0.0,"damage_taken":0.0,"cards_upgraded":["Double Energy"]},{"damage_healed":0.0,"max_hp_gain":0.0,"max_hp_loss":0.0,"gold_gain":0.0,"event_name":"WeMeetAgain","player_choice":"Paid Gold","floor":10.0,"gold_loss":139.0,"damage_taken":0.0,"relics_obtained":["Regal Pillow"]},{"cards_removed":["Defend_B"],"damage_healed":0.0,"max_hp_gain":0.0,"max_hp_loss":0.0,"gold_gain":0.0,"event_name":"Beggar","player_choice":"Gave Gold","floor":19.0,"gold_loss":75.0,"damage_taken":0.0},{"damage_healed":0.0,"max_hp_gain":0.0,"max_hp_loss":0.0,"gold_gain":0.0,"event_name":"Drug Dealer","player_choice":"Obtain J.A.X.","floor":20.0,"gold_loss":0.0,"damage_taken":0.0,"cards_obtained":["J.A.X."]},{"damage_healed":0.0,"max_hp_gain":0.0,"max_hp_loss":38.0,"gold_gain":0.0,"event_name":"Ghosts","player_choice":"Became a Ghost","floor":22.0,"gold_loss":0.0,"damage_taken":0.0,"cards_obtained":["Ghostly","Ghostly","Ghostly","Ghostly","Ghostly"]}],"is_beta":false,"boss_relics":[{"not_picked":["Velvet Choker","Philosopher\u0027s Stone"],"picked":"Fusion Hammer"}],"items_purged_floors":[],"is_endless":false,"potions_floor_spawned":[1,11],"killed_by":"Book of Stabbing","ascension_level":9}}