{"host":"04x9isxu4s2lvye3","time":1613279484,"event":{"mods":["BaseMod","Colored Powertips","Highlight Path","Minty Spire (QoL Compilation)"],"gold_per_floor":[112,112,62,26,47,47,87,87,87,122,158,158,176,101,101,227,227,241,241,241,166,166,207,207,232,279,320,320,341,364,489,489,614,614,627,652,472,472,490,503,542,557,580,598,267,283,1,1,1,1],"floor_reached":51,"language":"ENG","playtime":3477,"items_purged":["Strike_G","Defend_G","Defend_G","Defend_G"],"score":1107,"play_id":"f11cd5cb-c1f9-4717-b26e-9725c8a33e13","local_time":"20210214001124","is_ascension_mode":true,"campfire_choices":[{"data":"Noxious Fumes","floor":6.0,"key":"SMITH"},{"floor":8.0,"key":"REST"},{"floor":12.0,"key":"REST"},{"floor":15.0,"key":"REST"},{"data":"Deadly Poison","floor":24.0,"key":"SMITH"},{"data":"Predator","floor":28.0,"key":"SMITH"},{"floor":32.0,"key":"REST"},{"floor":49,"key":"REST"}],"circlet_count":0,"master_deck":["AscendersBane","Survivor","Neutralize","Prepared","Noxious Fumes+1","Predator+1","Terror","Deflect","PiercingWail","Tools of the Trade","Deadly Poison+1","Adrenaline","Cloak And Dagger","Setup+1","Crippling Poison+1","Backflip","Catalyst","Underhanded Strike+1","Envenom","Eviscerate","Footwork","Bane+1","Flechettes","Leg Sweep","Deadly Poison+1","Backflip+1","Writhe"],"relics":["Ring of the Snake","Golden Idol","Snake Skull","HornCleat","Bird Faced Urn","Odd Mushroom","Velvet Choker","TungstenRod","Blood Vial","Happy Flower","Pocketwatch","White Beast Statue","HoveringKite","Darkstone Periapt","Vajra","Membership Card","Bottled Tornado","Potion Belt","Strawberry"],"acts_visited":["Exordium","TheCity","TheBeyond"],"potions_floor_usage":[39,40,50,50],"damage_taken":[{"damage":2.0,"enemies":"2 Louse","floor":1.0,"turns":4.0},{"damage":3.0,"enemies":"Jaw Worm","floor":5.0,"turns":6.0},{"damage":30.0,"enemies":"Lagavulin","floor":7.0,"turns":9.0},{"damage":36.0,"enemies":"Gremlin Nob","floor":10.0,"turns":5.0},{"damage":2.0,"enemies":"The Mushroom Lair","floor":11.0,"turns":4.0},{"damage":3.0,"enemies":"Small Slimes","floor":13.0,"turns":4.0},{"damage":32.0,"enemies":"Hexaghost","floor":16.0,"turns":11.0},{"damage":19.0,"enemies":"Chosen","floor":18.0,"turns":8.0},{"damage":6.0,"enemies":"Gremlin Leader","floor":23.0,"turns":6.0},{"damage":11.0,"enemies":"3 Byrds","floor":25.0,"turns":5.0},{"damage":30.0,"enemies":"Slavers","floor":27.0,"turns":6.0},{"damage":8.0,"enemies":"Cultist and Chosen","floor":29.0,"turns":6.0},{"damage":13.0,"enemies":"Snake Plant","floor":30.0,"turns":4.0},{"damage":5.0,"enemies":"Colosseum Slavers","floor":31.0,"turns":4.0},{"damage":15.0,"enemies":"Colosseum Nobs","floor":31.0,"turns":4.0},{"damage":21.0,"enemies":"Champ","floor":33.0,"turns":9.0},{"damage":6.0,"enemies":"3 Shapes","floor":35.0,"turns":3.0},{"damage":6.0,"enemies":"Orb Walker","floor":36.0,"turns":4.0},{"damage":1,"enemies":"Spire Growth","floor":39,"turns":4},{"damage":28,"enemies":"3 Darklings","floor":40,"turns":4},{"damage":18,"enemies":"Nemesis","floor":41,"turns":5},{"damage":4,"enemies":"Transient","floor":42,"turns":5},{"damage":6,"enemies":"4 Shapes","floor":44,"turns":5},{"damage":20,"enemies":"Jaw Worm Horde","floor":46,"turns":4},{"damage":36,"enemies":"Time Eater","floor":50,"turns":7}],"seed_played":"-1651977976036046607","potions_obtained":[{"floor":11.0,"key":"Strength Potion"},{"floor":13.0,"key":"DistilledChaos"},{"floor":27.0,"key":"SteroidPotion"},{"floor":33.0,"key":"Weak Potion"},{"floor":36.0,"key":"SkillPotion"},{"floor":39,"key":"Weak Potion"},{"floor":40,"key":"FearPotion"},{"floor":41,"key":"PowerPotion"},{"floor":46,"key":"CultistPotion"}],"is_trial":false,"path_per_floor":["M","?","?","$","M","R","E","R","T","E","?","R","M","$","R","B",null,"M","?","?","?","?","E","R","M","T","E","R","M","M","?","R","B",null,"M","M","$","?","M","M","E","M","T","M","$","M","$","?","R","B",null],"character_chosen":"THE_SILENT","items_purchased":["Noxious Fumes","Eviscerate","Membership Card","Bottled Tornado","Potion Belt","Strawberry","DuplicationPotion","SteroidPotion"],"campfire_rested":5,"item_purchase_floors":[4,37,45,45,47,47,47,47],"current_hp_per_floor":[68,68,68,68,65,65,35,56,56,20,20,41,40,40,61,31,61,46,46,46,46,69,65,65,58,58,34,34,32,25,17,38,23,59,57,57,57,57,66,44,36,40,40,44,44,30,37,63,84,52],"gold":1,"neow_bonus":"TEN_PERCENT_HP_BONUS","is_daily":false,"chose_seed":false,"campfire_upgraded":3,"win_rate":0.0,"timestamp":1613279484,"path_taken":["M","?","?","?","M","R","E","R","T","E","?","R","M","$","R","BOSS","M","?","?","?","?","E","R","M","T","E","R","M","?","?","R","BOSS","M","M","$","?","?","M","E","M","T","M","?","M","$","?","R","BOSS"],"items_purchased_type":["Card","Card","Relic","Relic","Relic","Relic","Potion","Potion"],"build_version":"2020-12-22","purchased_purges":4,"victory":true,"max_hp_per_floor":[77,71,71,71,71,71,71,71,71,71,71,71,71,71,71,71,71,71,71,71,71,71,71,71,71,71,71,71,71,71,71,71,71,71,71,71,71,71,71,71,71,71,71,71,71,71,78,84,84,84],"card_choices":[{"not_picked":["Underhanded Strike","Bane"],"picked":"Prepared","floor":1.0},{"not_picked":["Flying Knee","Concentrate"],"picked":"Predator","floor":5.0},{"not_picked":["Expertise","Dagger Spray","Sucker Punch"],"picked":"SKIP","floor":7.0},{"not_picked":["Deflect","Dagger Spray"],"picked":"Terror","floor":10.0},{"not_picked":["Underhanded Strike","Riddle With Holes"],"picked":"Deflect","floor":11.0},{"not_picked":["Backflip","Escape Plan"],"picked":"PiercingWail","floor":13.0},{"not_picked":["Glass Knife","A Thousand Cuts"],"picked":"Tools of the Trade","floor":16.0},{"not_picked":["PiercingWail+1","Dagger Spray"],"picked":"Deadly Poison","floor":18.0},{"not_picked":["Flying Knee+1","Terror"],"picked":"Setup+1","floor":23.0},{"not_picked":["Terror","Cloak And Dagger"],"picked":"Crippling Poison+1","floor":25.0},{"not_picked":["Deadly Poison","PiercingWail"],"picked":"Backflip","floor":27.0},{"not_picked":["Tools of the Trade","Dodge and Roll+1"],"picked":"Catalyst","floor":29.0},{"not_picked":["Skewer","PiercingWail"],"picked":"Underhanded Strike+1","floor":30.0},{"not_picked":["Unload","Wraith Form v2"],"picked":"Envenom","floor":33.0},{"not_picked":["Deflect","Terror","Flying Knee+1"],"picked":"SKIP","floor":35.0},{"not_picked":["Backflip","Deadly Poison","PiercingWail"],"picked":"SKIP","floor":36.0},{"not_picked":["Crippling Poison+1","Dodge and Roll"],"picked":"Bane+1","floor":39},{"not_picked":["Slice","Acrobatics"],"picked":"Flechettes","floor":40},{"not_picked":["Acrobatics","Skewer"],"picked":"Leg Sweep","floor":41},{"not_picked":["Eviscerate","Finisher"],"picked":"Deadly Poison+1","floor":42},{"not_picked":["Cloak And Dagger+1","Phantasmal Killer"],"picked":"Backflip+1","floor":44},{"not_picked":["Slice","Quick Slash+1","Bane"],"picked":"SKIP","floor":46}],"player_experience":280723,"relics_obtained":[{"floor":7.0,"key":"Snake Skull"},{"floor":9.0,"key":"HornCleat"},{"floor":10.0,"key":"Bird Faced Urn"},{"floor":11.0,"key":"Odd Mushroom"},{"floor":23.0,"key":"TungstenRod"},{"floor":26.0,"key":"Blood Vial"},{"floor":27.0,"key":"Happy Flower"},{"floor":31.0,"key":"Pocketwatch"},{"floor":31.0,"key":"White Beast Statue"},{"floor":41,"key":"Darkstone Periapt"},{"floor":43,"key":"Vajra"}],"event_choices":[{"damage_healed":0.0,"max_hp_gain":0.0,"max_hp_loss":6.0,"gold_gain":0.0,"event_name":"Golden Idol","player_choice":"Lose Max HP","floor":2.0,"gold_loss":0.0,"damage_taken":0.0,"relics_obtained":["Golden Idol"]},{"cards_removed":["Strike_G"],"damage_healed":0.0,"max_hp_gain":0.0,"max_hp_loss":0.0,"gold_gain":0.0,"event_name":"The Cleric","player_choice":"Card Removal","floor":3.0,"gold_loss":50.0,"damage_taken":0.0},{"damage_healed":0.0,"max_hp_gain":0.0,"max_hp_loss":0.0,"gold_gain":0.0,"event_name":"Mushrooms","player_choice":"Fought Mushrooms","floor":11.0,"gold_loss":0.0,"damage_taken":0.0},{"damage_healed":0.0,"max_hp_gain":0.0,"max_hp_loss":0.0,"gold_gain":0.0,"cards_transformed":["Strike_G","Strike_G"],"event_name":"Drug Dealer","player_choice":"Became Test Subject","floor":19.0,"gold_loss":0.0,"damage_taken":0.0,"cards_obtained":["Adrenaline","Cloak And Dagger"]},{"cards_removed":["Strike_G"],"damage_healed":0.0,"max_hp_gain":0.0,"max_hp_loss":0.0,"gold_gain":0.0,"event_name":"Back to Basics","player_choice":"Elegance","floor":20.0,"gold_loss":0.0,"damage_taken":0.0},{"cards_removed":["Defend_G"],"damage_healed":0.0,"max_hp_gain":0.0,"max_hp_loss":0.0,"gold_gain":0.0,"event_name":"Beggar","player_choice":"Gave Gold","floor":21.0,"gold_loss":75.0,"damage_taken":0.0},{"damage_healed":23.0,"max_hp_gain":0.0,"max_hp_loss":0.0,"gold_gain":0.0,"event_name":"The Library","player_choice":"Heal","floor":22.0,"gold_loss":0.0,"damage_taken":0.0},{"damage_healed":0.0,"max_hp_gain":0.0,"max_hp_loss":0.0,"gold_gain":0.0,"event_name":"Colosseum","player_choice":"Fight","floor":31.0,"gold_loss":0.0,"damage_taken":0.0},{"damage_healed":0.0,"max_hp_gain":0.0,"max_hp_loss":0.0,"gold_gain":0.0,"event_name":"Colosseum","player_choice":"Fought Nobs","floor":31.0,"gold_loss":0.0,"damage_taken":0.0},{"damage_healed":0.0,"max_hp_gain":0.0,"max_hp_loss":0.0,"gold_gain":0.0,"cards_transformed":["Defend_G"],"event_name":"Transmorgrifier","player_choice":"Transformed","floor":38.0,"gold_loss":0.0,"damage_taken":0.0,"cards_obtained":["Footwork"]},{"damage_healed":20,"gold_gain":0,"player_choice":"Writhe","damage_taken":0,"max_hp_gain":0,"max_hp_loss":0,"event_name":"Winding Halls","floor":48,"gold_loss":0,"cards_obtained":["Writhe"]}],"is_beta":false,"boss_relics":[{"not_picked":["Runic Pyramid","Empty Cage"],"picked":"Velvet Choker"},{"not_picked":["Coffee Dripper","SlaversCollar"],"picked":"HoveringKite"}],"items_purged_floors":[14,37,45,47],"is_endless":false,"potions_floor_spawned":[11,13,16,27,31,33,35,36,39,40,41,42,44,46],"ascension_level":11}}