{"host":"i9z6y8pcdeu2qxnx","time":1613265090,"event":{"mods":["BaseMod","Colored Map","Googly Eyes","Highlight Path","Minty Spire (QoL Compilation)","Replay The Spire","StSLib"],"gold_per_floor":[114,129,129,129,144,174,24,39,64,94,94,124,139,169,169,269,269,284,388,303,303,48,78,78,108,108,138,153,153,183,198,198,323,323,338,81,156,156],"floor_reached":37,"language":"ENG","playtime":3294,"items_purged":["ReplayTheSpireMod:Splinters"],"score":698,"play_id":"d0b7ea28-372e-42a5-aeb7-00d60c37f26d","local_time":"20210213201130","daily_mods":["SealedDeck","Colorless Cards","Elite Swarm"],"is_ascension_mode":false,"campfire_choices":[{"floor":15.0,"key":"REST"},{"data":"Panache","floor":24.0,"key":"SMITH"},{"floor":32.0,"key":"REST"}],"circlet_count":1,"master_deck":["Madness","Iron Wave","Madness","Headbutt","Shrug It Off","Headbutt","Twin Strike","Twin Strike","Seeing Red+1","Madness","Cleave","Perfected Strike","Limit Break","Sever Soul","Panache+1","Double Tap+1","Flash of Steel","Double Tap+1","Impervious+1","Madness","Ghostly Armor+1","Hemokinesis+1","True Grit+1","Pommel Strike","Warcry+1","Apotheosis+1","Juggernaut","Feed","HandOfGreed","Pommel Strike","Demon Form","Wild Strike+1","Inflame","Inflame"],"relics":["Burning Blood","InkBottle","Happy Flower","Bronze Scales","Toxic Egg 2","Singing Bowl","Incense Burner","FossilizedHelix","Circlet","Regal Pillow","Pen Nib","Anchor","Akabeko","Tiny Chest","Lantern","Potion Belt","Runic Cube","Toolbox","Bird Faced Urn","Champion Belt"],"acts_visited":[],"potions_floor_usage":[],"damage_taken":[{"damage":6.0,"enemies":"Jaw Worm","floor":1.0,"turns":2.0},{"damage":0.0,"enemies":"Cultist","floor":2.0,"turns":2.0},{"damage":0.0,"enemies":"Small Slimes","floor":5.0,"turns":2.0},{"damage":9.0,"enemies":"Lagavulin","floor":6.0,"turns":4.0},{"damage":13.0,"enemies":"Exordium Wildlife","floor":8.0,"turns":3.0},{"damage":16.0,"enemies":"Gremlin Nob","floor":10.0,"turns":3.0},{"damage":6.0,"enemies":"Lagavulin","floor":12.0,"turns":5.0},{"damage":10.0,"enemies":"Looter","floor":13.0,"turns":2.0},{"damage":0.0,"enemies":"3 Sentries","floor":14.0,"turns":3.0},{"damage":28.0,"enemies":"Hexaghost","floor":16.0,"turns":7.0},{"damage":9.0,"enemies":"3 Byrds","floor":18.0,"turns":2.0},{"damage":6.0,"enemies":"Replay:Snechameleon","floor":23.0,"turns":7.0},{"damage":34.0,"enemies":"Slavers","floor":25.0,"turns":4.0},{"damage":0.0,"enemies":"Gremlin Leader","floor":27.0,"turns":4.0},{"damage":0.0,"enemies":"Shell Parasite","floor":28.0,"turns":2.0},{"damage":21.0,"enemies":"Slavers","floor":30.0,"turns":4.0},{"damage":0.0,"enemies":"Centurion and Healer","floor":31.0,"turns":2.0},{"damage":24.0,"enemies":"Pondfish","floor":33.0,"turns":9.0},{"damage":25.0,"enemies":"3 Darklings","floor":35.0,"turns":4.0},{"damage":13.0,"enemies":"Mind Bloom Boss Battle","floor":37.0,"turns":6.0}],"seed_played":"6099103822572544471","potions_obtained":[{"floor":1.0,"key":"BlessingOfTheForge"},{"floor":13.0,"key":"Reflective Coating"},{"floor":14.0,"key":"Energy Potion"},{"floor":16.0,"key":"BlessingOfTheForge"},{"floor":25.0,"key":"Reflective Coating"},{"floor":31.0,"key":"SpeedPotion"},{"floor":33.0,"key":"Fruit Juice"},{"floor":35.0,"key":"ColorlessPotion"},{"floor":37,"key":"BlessingOfTheForge"}],"is_trial":false,"path_per_floor":["M","M","?","?","M","E","$","M","T","E","T","E","M","E","R","B",null,"M","?","?","?","$","E","R","E","T","E","M","?","E","M","R","B",null,"M","$","?"],"character_chosen":"IRONCLAD","items_purchased":["Happy Flower","Pommel Strike","Fruit Juice","Warcry+1","Inflame","Toolbox","Dexterity Potion"],"campfire_rested":2,"item_purchase_floors":[7,22,22,22,36,36,36],"current_hp_per_floor":[80,80,80,80,80,77,77,70,70,60,60,60,56,62,80,58,80,77,77,77,77,82,82,82,54,54,60,68,68,53,59,87,74,92,73,73,66,66],"gold":156,"neow_bonus":"","is_daily":true,"chose_seed":false,"campfire_upgraded":1,"win_rate":0.0,"timestamp":1613265090,"path_taken":["M","M","?","?","M","E","$","?","T","E","?","E","?","E","R","BOSS","M","?","?","?","$","E","R","E","T","E","?","?","E","M","R","BOSS","M","$","?"],"items_purchased_type":["Relic","Card","Potion","Card","Card","Relic","Potion"],"build_version":"2020-12-22","purchased_purges":1,"victory":false,"max_hp_per_floor":[80,80,80,80,80,80,80,80,80,80,80,80,80,80,80,80,80,80,80,80,80,85,85,85,85,85,85,87,87,87,87,87,92,92,92,92,92,92],"card_choices":[{"not_picked":["Rupture","Disarm"],"picked":"Replay:Sssssssssshield","floor":1.0},{"not_picked":["Hemokinesis","ReplayTheSpireMod:Private Reserves"],"picked":"Cleave","floor":2.0},{"not_picked":["Warcry","Replay:Undeath\u0027s Touch"],"picked":"Perfected Strike","floor":5.0},{"not_picked":["Metamorphosis","Mayhem"],"picked":"Limit Break","floor":6.0},{"not_picked":["Anger","Hemokinesis"],"picked":"Sever Soul","floor":8.0},{"not_picked":["Hemogenesis","Transmutation+1"],"picked":"Panache","floor":10.0},{"not_picked":["Midas Touch+1","Berserk"],"picked":"Double Tap+1","floor":12.0},{"not_picked":["Replay:Parry","Cleave"],"picked":"Flash of Steel","floor":13.0},{"not_picked":["Panache","The Bomb+1"],"picked":"Double Tap+1","floor":14.0},{"not_picked":["Metamorphosis+1","Violence+1"],"picked":"Impervious+1","floor":16.0},{"not_picked":["Blood for Blood","Perfected Strike"],"picked":"Run Through","floor":18.0},{"not_picked":["Burning Pact+1","Madness+1"],"picked":"Ghostly Armor+1","floor":19.0},{"not_picked":["Uppercut","Searing Blow"],"picked":"Hemokinesis+1","floor":19.0},{"not_picked":["Barricade","ReplayTheSpireMod:Necrogeddon"],"picked":"Apotheosis+1","floor":23.0},{"not_picked":["Corruption","Poisoned Strike"],"picked":"Juggernaut","floor":25.0},{"not_picked":["Demonic Infusion+1","Hemogenesis"],"picked":"Feed","floor":27.0},{"not_picked":["Thunderclap","Warcry+1","Perfected Strike"],"picked":"Singing Bowl","floor":28.0},{"not_picked":["Immolate","Chrysalis+1"],"picked":"HandOfGreed","floor":30.0},{"not_picked":["Hemokinesis","Perfected Strike"],"picked":"Pommel Strike","floor":31.0},{"not_picked":["Panache","Midas Touch+1"],"picked":"Demon Form","floor":33.0},{"not_picked":["Fire Breathing+1","Clash"],"picked":"Wild Strike+1","floor":35.0}],"player_experience":1004878,"relics_obtained":[{"floor":6.0,"key":"InkBottle"},{"floor":9.0,"key":"Bronze Scales"},{"floor":10.0,"key":"Toxic Egg 2"},{"floor":11.0,"key":"Singing Bowl"},{"floor":12.0,"key":"Incense Burner"},{"floor":14.0,"key":"FossilizedHelix"},{"floor":19.0,"key":"Regal Pillow"},{"floor":23.0,"key":"Pen Nib"},{"floor":25.0,"key":"Anchor"},{"floor":26.0,"key":"Akabeko"},{"floor":27.0,"key":"Tiny Chest"},{"floor":30.0,"key":"Potion Belt"},{"floor":37,"key":"Bird Faced Urn"},{"floor":37,"key":"Champion Belt"}],"event_choices":[{"damage_healed":0.0,"max_hp_gain":0.0,"max_hp_loss":0.0,"gold_gain":0.0,"event_name":"Living Wall","player_choice":"Grow","floor":3.0,"gold_loss":0.0,"damage_taken":0.0,"cards_upgraded":["Seeing Red"]},{"cards_removed":["Flex"],"damage_healed":5.0,"max_hp_gain":0.0,"max_hp_loss":0.0,"gold_gain":0.0,"event_name":"Bonfire Elementals","player_choice":"Offered Common","floor":4.0,"gold_loss":0.0,"damage_taken":0.0},{"cards_removed":["Flex"],"damage_healed":5.0,"max_hp_gain":0.0,"max_hp_loss":0.0,"gold_gain":0.0,"event_name":"Bonfire Elementals","player_choice":"Offered Special","floor":4.0,"gold_loss":0.0,"damage_taken":0.0},{"damage_healed":0.0,"max_hp_gain":0.0,"max_hp_loss":0.0,"gold_gain":0.0,"event_name":"Addict","player_choice":"Obtained Relic","floor":20.0,"gold_loss":85.0,"damage_taken":0.0,"relics_obtained":["Replay:Towering Pillar of Hats"]},{"damage_healed":0.0,"max_hp_gain":0.0,"max_hp_loss":0.0,"gold_gain":0.0,"event_name":"The Library","player_choice":"Read","floor":21.0,"gold_loss":0.0,"damage_taken":0.0,"cards_obtained":["True Grit"]},{"damage_healed":0.0,"max_hp_gain":0.0,"max_hp_loss":0.0,"gold_gain":0.0,"event_name":"WeMeetAgain","player_choice":"Gave Potion","floor":29.0,"gold_loss":0.0,"damage_taken":0.0,"relics_obtained":["Lantern"]},{"damage_healed":0.0,"max_hp_gain":0.0,"max_hp_loss":0.0,"gold_gain":0.0,"event_name":"MindBloom","player_choice":"Fight","floor":37.0,"gold_loss":0.0,"damage_taken":0.0}],"is_beta":false,"boss_relics":[{"not_picked":["Runic Pyramid","Kintsugi"],"picked":"Ring of Chaos"},{"not_picked":["Replay:Ancient Bell","Replay:Bronze Core"],"picked":"Runic Cube"}],"items_purged_floors":[22],"is_endless":false,"potions_floor_spawned":[1,8,13,14,16,25,31,33,35,37],"ascension_level":0}}