{"host":"2lo6hma6kymb0g9i","time":1613287150,"event":{"mods":["BaseMod","Colored Map","DeckTracker","Minty Spire (QoL Compilation)"],"gold_per_floor":[116,133,58,58,70,70,103,103,103,103,128,203,303,315,315,394,394,409,428,443,443,443,443,443],"floor_reached":23,"language":"JPN","playtime":1368,"items_purged":[],"score":398,"play_id":"77dc77b3-2ff5-4932-9c41-c012113ec1f4","local_time":"20210214161910","is_ascension_mode":true,"campfire_choices":[{"data":"Fire Breathing","floor":6,"key":"SMITH"},{"data":"Flame Barrier","floor":8,"key":"SMITH"},{"data":"Bash","floor":10,"key":"SMITH"},{"data":"Headbutt","floor":15,"key":"SMITH"}],"circlet_count":0,"master_deck":["AscendersBane","Strike_R","Strike_R","Strike_R+1","Strike_R","Strike_R","Defend_R","Defend_R","Defend_R+1","Defend_R","Bash+1","Flame Barrier","Flame Barrier+1","Fire Breathing+1","Headbutt+1","Feed","Pummel","Ghostly Armor","Corruption","Sentinel","Burning Pact","Anger"],"relics":["Burning Blood","Gambling Chip","InkBottle","Self Forming Clay","Unceasing Top","SacredBark"],"acts_visited":["Exordium","TheCity"],"potions_floor_usage":[11,23],"damage_taken":[{"damage":12,"enemies":"Cultist","floor":1,"turns":4},{"damage":0,"enemies":"Jaw Worm","floor":2,"turns":5},{"damage":1,"enemies":"Small Slimes","floor":5,"turns":5},{"damage":7,"enemies":"3 Sentries","floor":7,"turns":4},{"damage":21,"enemies":"Gremlin Nob","floor":11,"turns":4},{"damage":3,"enemies":"2 Fungi Beasts","floor":14,"turns":5},{"damage":24,"enemies":"The Guardian","floor":16,"turns":16},{"damage":5,"enemies":"3 Byrds","floor":18,"turns":5},{"damage":24,"enemies":"Spheric Guardian","floor":19,"turns":6},{"damage":15,"enemies":"Snake Plant","floor":20,"turns":5},{"damage":46,"enemies":"Gremlin Leader","floor":23,"turns":4}],"seed_played":"-590689686701372875","potions_obtained":[{"floor":1,"key":"Strength Potion"},{"floor":7,"key":"Swift Potion"},{"floor":11,"key":"GamblersBrew"},{"floor":20,"key":"Dexterity Potion"}],"is_trial":false,"path_per_floor":["M","M","$","?","M","R","E","R","T","R","E","?","?","M","R","B",null,"M","M","M","?","?","E"],"character_chosen":"IRONCLAD","items_purchased":["Fire Breathing"],"campfire_rested":0,"item_purchase_floors":[3],"current_hp_per_floor":[62,68,68,48,53,53,52,52,52,52,40,29,29,35,35,20,63,64,46,37,37,37,0,0],"gold":443,"neow_bonus":"ONE_RARE_RELIC","is_daily":false,"chose_seed":false,"campfire_upgraded":4,"win_rate":0.0,"timestamp":1613287150,"path_taken":["M","M","?","?","M","R","E","R","T","R","E","?","?","?","R","BOSS","M","?","M","?","?","E"],"items_purchased_type":["Card"],"build_version":"2020-12-22","purchased_purges":0,"victory":false,"max_hp_per_floor":[68,68,68,68,68,68,68,68,68,68,71,71,71,74,74,77,77,77,77,77,77,77,77,77],"card_choices":[{"not_picked":["Blood for Blood","Cleave"],"picked":"Flame Barrier","floor":1},{"not_picked":["Warcry","Sever Soul"],"picked":"Flame Barrier","floor":2},{"not_picked":["Combust","Anger"],"picked":"Headbutt","floor":5},{"not_picked":["Heavy Blade","Dark Embrace"],"picked":"Feed","floor":7},{"not_picked":["Clothesline","Armaments"],"picked":"Pummel","floor":11},{"not_picked":["Heavy Blade","Dark Embrace"],"picked":"Ghostly Armor","floor":14},{"not_picked":["Juggernaut","Demon Form"],"picked":"Corruption","floor":16},{"not_picked":["Sever Soul","Shockwave"],"picked":"Sentinel","floor":18},{"not_picked":["Armaments","Warcry"],"picked":"Burning Pact","floor":19},{"not_picked":["Heavy Blade","Combust","Inflame"],"picked":"SKIP","floor":20}],"player_experience":1196114,"relics_obtained":[{"floor":7,"key":"InkBottle"},{"floor":9,"key":"Self Forming Clay"},{"floor":11,"key":"Unceasing Top"}],"event_choices":[{"damage_healed":0,"gold_gain":0,"player_choice":"Entered Light","damage_taken":20,"max_hp_gain":0,"max_hp_loss":0,"event_name":"Shining Light","floor":4,"gold_loss":0,"cards_upgraded":["Strike_R","Defend_R"]},{"damage_healed":0,"gold_gain":75,"player_choice":"Gather Gold","damage_taken":11,"max_hp_gain":0,"max_hp_loss":0,"event_name":"World of Goop","floor":12,"gold_loss":0},{"damage_healed":0,"gold_gain":100,"player_choice":"Gold","damage_taken":0,"max_hp_gain":0,"max_hp_loss":0,"event_name":"Wheel of Change","floor":13,"gold_loss":0},{"damage_healed":0,"gold_gain":0,"player_choice":"Read","damage_taken":0,"max_hp_gain":0,"max_hp_loss":0,"event_name":"The Library","floor":21,"gold_loss":0,"cards_obtained":["Anger"]},{"damage_healed":0,"gold_gain":0,"player_choice":"Ignored","damage_taken":0,"max_hp_gain":0,"max_hp_loss":0,"event_name":"Duplicator","floor":22,"gold_loss":0}],"is_beta":false,"boss_relics":[{"not_picked":["Runic Pyramid","Velvet Choker"],"picked":"SacredBark"}],"items_purged_floors":[],"is_endless":false,"potions_floor_spawned":[1,7,11,16,20],"killed_by":"Gremlin Leader","ascension_level":20}}