{"host":"5y2vm16xfq9gfmb2","time":1613268273,"event":{"mods":["AchievementEnabler","BaseMod","Better Third Choice","Colored Map","Colored Powertips","DeckTracker","Marisa????????","Minty Spire (QoL Compilation)","Rare Cards Sparkle","Relic Stats","StSLib","The Alterego","The Animator","The Marked","The Servant 0.9.4"],"gold_per_floor":[14,25,100,115,115,115,134,134,134,134,166,179,17,30,30,131,131,151,151,171,191,38,38,51,71,98,118,133,133,133,153,153,254,254,273,286,336,8,8,8,38,38,38],"floor_reached":42,"language":"ENG","playtime":2646,"items_purged":[],"score":482,"play_id":"91be0110-c1ad-48fc-91ed-04a0cf8c94e8","local_time":"20210213210433","is_ascension_mode":false,"campfire_choices":[{"floor":6,"key":"RECALL"},{"data":"Metamorphosis","floor":8,"key":"SMITH"},{"floor":15,"key":"REST"},{"floor":23,"key":"REST"},{"floor":29,"key":"REST"},{"floor":32,"key":"REST"},{"floor":40,"key":"REST"}],"circlet_count":0,"master_deck":["Strike_P","Strike_P","Strike_P","Strike_P","Defend_P","Defend_P","Defend_P","Defend_P","Eruption","Vigilance","Metamorphosis+1","Protect","Study","FlurryOfBlows","JustLucky","Protect","Secret Technique","ClearTheMind","Establishment+1","CurseOfTheBell","CutThroughFate+1","Conclude+1","Devotion+1","MentalFortress+1","JustLucky","animator:Strike_OnePunchMan","Meditate","MasterReality+1","FlyingSleeves+1","LikeWater+1","BattleHymn+1","Nirvana+1","Prostrate+1"],"relics":["PureWater","Frozen Egg 2","TungstenRod","Calling Bell","Regal Pillow","Letter Opener","Torii","Strange Spoon","Fusion Hammer","StoneCalendar","Oddly Smooth Stone","Ancient Tea Set","Toxic Egg 2"],"acts_visited":["Exordium","TheCity","TheBeyond"],"potions_floor_usage":[11,16,24,27,36,37,41,41],"damage_taken":[{"damage":8,"enemies":"Small Slimes","floor":1,"turns":3},{"damage":1,"enemies":"Jaw Worm","floor":2,"turns":4},{"damage":7,"enemies":"Cultist","floor":4,"turns":5},{"damage":8,"enemies":"3 Louse","floor":7,"turns":5},{"damage":18,"enemies":"3 Sentries","floor":11,"turns":3},{"damage":14,"enemies":"Gremlin Gang","floor":12,"turns":3},{"damage":10,"enemies":"Blue Slaver","floor":14,"turns":4},{"damage":0,"enemies":"Slime Boss","floor":16,"turns":2},{"damage":20,"enemies":"Chosen","floor":18,"turns":8},{"damage":26,"enemies":"Spheric Guardian","floor":20,"turns":6},{"damage":8,"enemies":"Cultist and Chosen","floor":21,"turns":6},{"damage":12,"enemies":"Snake Plant","floor":24,"turns":4},{"damage":18,"enemies":"Chosen and Byrds","floor":25,"turns":5},{"damage":0,"enemies":"Centurion and Healer","floor":27,"turns":6},{"damage":5,"enemies":"Cultist and Chosen","floor":28,"turns":5},{"damage":16,"enemies":"Snecko","floor":31,"turns":8},{"damage":45,"enemies":"Champ","floor":33,"turns":9},{"damage":21,"enemies":"3 Darklings","floor":35,"turns":6},{"damage":38,"enemies":"3 Shapes","floor":36,"turns":4},{"damage":0,"enemies":"Mind Bloom Boss Battle","floor":37,"turns":8},{"damage":34,"enemies":"Reptomancer","floor":41,"turns":6},{"damage":21,"enemies":"Maw","floor":42,"turns":2}],"seed_played":"4891114645793534771","potions_obtained":[{"floor":2,"key":"Swift Potion"},{"floor":12,"key":"Weak Potion"},{"floor":14,"key":"LiquidMemories"},{"floor":20,"key":"SkillPotion"},{"floor":27,"key":"GamblersBrew"},{"floor":33,"key":"Energy Potion"},{"floor":35,"key":"EssenceOfSteel"},{"floor":37,"key":"Explosive Potion"}],"is_trial":false,"path_per_floor":["M","M","?","M","?","R","M","R","T","?","E","M","$","M","R","B",null,"M","?","M","M","$","R","M","M","T","M","M","R","?","M","R","B",null,"M","M","?","$","?","R","E","M"],"character_chosen":"WATCHER","items_purchased":["Secret Technique","Strange Spoon","Nirvana+1","Oddly Smooth Stone","Ancient Tea Set"],"campfire_rested":5,"item_purchase_floors":[13,22,38,38,38],"current_hp_per_floor":[64,63,52,45,45,45,37,37,37,55,37,23,23,13,34,34,72,52,52,26,18,18,53,41,23,23,23,18,53,53,37,69,24,69,48,10,10,10,10,45,11,0,0],"gold":38,"neow_bonus":"RANDOM_COLORLESS_2","is_daily":false,"chose_seed":false,"campfire_upgraded":1,"win_rate":0.0,"timestamp":1613268273,"path_taken":["M","M","?","M","?","R","M","R","T","?","E","M","$","M","R","BOSS","M","?","M","M","$","R","M","M","T","M","?","R","?","M","R","BOSS","M","?","?","$","?","R","E","M"],"items_purchased_type":["Card","Relic","Card","Relic","Relic"],"build_version":"2020-12-22","purchased_purges":0,"victory":false,"max_hp_per_floor":[72,72,72,72,72,72,72,72,72,72,72,72,72,72,72,72,72,72,69,69,69,69,69,69,69,69,69,69,69,69,69,69,69,69,69,69,69,69,69,69,69,69,69],"relic_stats":{"Strange Spoon":[26],"Regal Pillow":57,"Torii":71,"counters":[22,112],"StoneCalendar":[0],"Letter Opener":[120],"obtain_stats":[{"Regal Pillow":17,"Torii":17,"Oddly Smooth Stone":38,"StoneCalendar":37,"Letter Opener":17,"Frozen Egg 2":9,"Ancient Tea Set":38,"Calling Bell":17,"Strange Spoon":22,"Fusion Hammer":34,"PureWater":0,"Toxic Egg 2":41,"TungstenRod":11},{"Regal Pillow":8,"Torii":8,"Oddly Smooth Stone":20,"StoneCalendar":20,"Letter Opener":8,"Frozen Egg 2":4,"Ancient Tea Set":20,"Calling Bell":8,"Strange Spoon":11,"Fusion Hammer":17,"PureWater":0,"Toxic Egg 2":21,"TungstenRod":5},{"Regal Pillow":29,"Torii":29,"Oddly Smooth Stone":104,"StoneCalendar":104,"Letter Opener":29,"Frozen Egg 2":17,"Ancient Tea Set":104,"Calling Bell":29,"Strange Spoon":49,"Fusion Hammer":86,"PureWater":0,"Toxic Egg 2":110,"TungstenRod":20}],"TungstenRod":64},"card_choices":[{"not_picked":["Secret Weapon","Violence"],"picked":"Metamorphosis","floor":0},{"not_picked":["CrushJoints","PathToVictory"],"picked":"Protect","floor":1},{"not_picked":["Adaptation","EmptyBody"],"picked":"Study","floor":2},{"not_picked":["Evaluate","WheelKick"],"picked":"FlurryOfBlows","floor":4},{"not_picked":["Protect","PathToVictory"],"picked":"JustLucky","floor":7},{"not_picked":["EmptyBody","ThirdEye"],"picked":"Tantrum","floor":11},{"not_picked":["PathToVictory","Omniscience"],"picked":"Protect","floor":12},{"not_picked":["ThirdEye","JustLucky"],"picked":"ClearTheMind","floor":14},{"not_picked":["Blasphemy","Omniscience"],"picked":"Establishment+1","floor":16},{"not_picked":["Halt","Consecrate"],"picked":"CutThroughFate+1","floor":18},{"not_picked":["FlyingSleeves","FearNoEvil+1"],"picked":"Conclude+1","floor":20},{"not_picked":["ForeignInfluence","Sanctity+1"],"picked":"Devotion+1","floor":21},{"not_picked":["EmptyBody+1","ClearTheMind"],"picked":"MentalFortress+1","floor":24},{"not_picked":["Halt+1","CrushJoints"],"picked":"JustLucky","floor":25},{"not_picked":["Consecrate","FollowUp","Conclude+1"],"picked":"SKIP","floor":27},{"not_picked":["CutThroughFate","BowlingBash+1"],"picked":"EmptyBody+1","floor":28},{"not_picked":["BowlingBash","FollowUp"],"picked":"Meditate","floor":31},{"not_picked":["Devotion+1","Vault"],"picked":"MasterReality+1","floor":33},{"not_picked":["Evaluate+1","PathToVictory+1"],"picked":"FlyingSleeves+1","floor":35},{"not_picked":["EmptyBody","Evaluate"],"picked":"LikeWater+1","floor":36},{"not_picked":["Crescendo+1","ThirdEye+1"],"picked":"BattleHymn+1","floor":37},{"not_picked":["EmptyFist+1","Consecrate+1"],"picked":"Prostrate+1","floor":41}],"player_experience":94765,"relics_obtained":[{"floor":9,"key":"Frozen Egg 2"},{"floor":11,"key":"TungstenRod"},{"floor":17,"key":"Regal Pillow"},{"floor":17,"key":"Letter Opener"},{"floor":17,"key":"Torii"},{"floor":37,"key":"StoneCalendar"},{"floor":41,"key":"Toxic Egg 2"}],"event_choices":[{"damage_healed":0,"gold_gain":75,"player_choice":"Gold","damage_taken":11,"max_hp_gain":0,"max_hp_loss":0,"event_name":"betterThird:BetterGoop","floor":3,"gold_loss":0},{"damage_healed":0,"gold_gain":0,"player_choice":"Ignored","damage_taken":0,"max_hp_gain":0,"max_hp_loss":0,"event_name":"Golden Wing","floor":5,"gold_loss":0},{"damage_healed":18,"gold_gain":0,"player_choice":"Healed and dodged fight","damage_taken":0,"max_hp_gain":0,"max_hp_loss":0,"event_name":"Mushrooms","floor":10,"gold_loss":0,"cards_obtained":["Parasite"]},{"cards_removed":["Parasite"],"damage_healed":0,"gold_gain":0,"player_choice":"Purged","damage_taken":0,"max_hp_gain":0,"max_hp_loss":0,"event_name":"Purifier","floor":19,"gold_loss":0},{"cards_removed":["Tantrum"],"damage_healed":0,"gold_gain":0,"player_choice":"Took Card","damage_taken":0,"max_hp_gain":0,"max_hp_loss":0,"event_name":"NoteForYourself","floor":30,"gold_loss":0,"cards_obtained":["animator:Strike_OnePunchMan"]},{"damage_healed":0,"gold_gain":0,"player_choice":"Fight","damage_taken":0,"max_hp_gain":0,"max_hp_loss":0,"event_name":"MindBloom","floor":37,"gold_loss":0},{"cards_removed":["EmptyBody"],"damage_healed":0,"gold_gain":0,"player_choice":"Removed Skill","damage_taken":0,"max_hp_gain":0,"max_hp_loss":0,"event_name":"Falling","floor":39,"gold_loss":0}],"is_beta":false,"boss_relics":[{"not_picked":["Tiny House","SlaversCollar"],"picked":"Calling Bell"},{"not_picked":["Empty Cage","Philosopher\u0027s Stone"],"picked":"Fusion Hammer"}],"items_purged_floors":[],"is_endless":false,"potions_floor_spawned":[2,12,14,20,27,33,35,37],"killed_by":"Maw","ascension_level":0}}