{"host":"cpsutu8lprjuipd6","time":1613294779,"event":{"mods":["BaseMod","Colored Map","Minty Spire (QoL Compilation)","Permanent Neow","StSLib","SuperFastMode","The Bug Knight","Together in Spire"],"gold_per_floor":[112,112,123,2,18,45,45,220,244,244,262,279,343,414,414,511,511,525,550,569,569,10,10,40,40,40,67,79,126,163,192,204,316,328,360,372,434,208,217,261,261,261,285,310,310,16,16,40,40,40,40,40,16,53,53,53],"floor_reached":55,"language":"KOR","playtime":2114,"items_purged":["Strike_R","Defend_R","Strike_R"],"score":629,"play_id":"acc14055-c451-4f41-8c75-c5150678e1a8","local_time":"20210214182619","is_ascension_mode":false,"campfire_choices":[{"data":"Brutality","floor":7.0,"key":"SMITH"},{"data":"Sword Boomerang","floor":10.0,"key":"SMITH"},{"data":"Pummel","floor":15.0,"key":"SMITH"},{"data":"Inflame","floor":23.0,"key":"SMITH"},{"data":"Flex","floor":25.0,"key":"SMITH"},{"data":"Limit Break","floor":28.0,"key":"SMITH"},{"data":"Dramatic Entrance","floor":32.0,"key":"SMITH"},{"data":"1","floor":42.0,"key":"LIFT"},{"data":"2","floor":45.0,"key":"LIFT"},{"data":"3","floor":49.0,"key":"LIFT"},{"data":"Heavy Blade","floor":52.0,"key":"SMITH"}],"circlet_count":0,"master_deck":["Defend_R","Bash","Dramatic Entrance+1","Pummel+1","Iron Wave","Sword Boomerang+1","Spot Weakness","Brutality+1","Doubt","Sword Boomerang+1","Ghostly Armor","Cleave","Limit Break+1","Rupture+1","Hemokinesis+1","Flex+1","Sword Boomerang","Blood for Blood+1","Inflame+1","Warcry","Thunderclap+1","Thunderclap+1","Inflame+1","Ghostly Armor+1","Impervious","Heavy Blade","Madness","Madness","Heavy Blade+1","Pummel","Shockwave","HollowMod:CloakDash+1","Steam Power+1","Heavy Blade","HollowMod:CloakDash","Headbutt+1"],"relics":["Black Blood","Tiny Chest","Pen Nib","Question Card","Pear","Astrolabe","Red Mask","Membership Card","Thread and Needle","HollowMod:LifeEnderRelic","Anchor","MawBank","TungstenRod","Whetstone","Charon\u0027s Ashes","PrismaticShard","CeramicFish","Girya","Kunai","Bag of Marbles","Bottled Lightning","Sling","Centennial Puzzle","HollowMod:PaleOreRelic"],"acts_visited":[],"potions_floor_usage":[55,55,55],"damage_taken":[{"damage":0.0,"enemies":"Jaw Worm","floor":1.0,"turns":1.0},{"damage":0.0,"enemies":"Cultist","floor":3.0,"turns":1.0},{"damage":3.0,"enemies":"Small Slimes","floor":5.0,"turns":2.0},{"damage":7.0,"enemies":"Gremlin Nob","floor":6.0,"turns":3.0},{"damage":8.0,"enemies":"Exordium Wildlife","floor":11.0,"turns":3.0},{"damage":7.0,"enemies":"Looter","floor":12.0,"turns":3.0},{"damage":11.0,"enemies":"Gremlin Nob","floor":13.0,"turns":3.0},{"damage":59.0,"enemies":"Hexaghost","floor":16.0,"turns":5.0},{"damage":3.0,"enemies":"Spheric Guardian","floor":18.0,"turns":2.0},{"damage":1.0,"enemies":"Masked Bandits","floor":19.0,"turns":2.0},{"damage":7.0,"enemies":"2 Thieves","floor":20.0,"turns":3.0},{"damage":1.0,"enemies":"Slavers","floor":24.0,"turns":2.0},{"damage":1.0,"enemies":"Centurion and Healer","floor":27.0,"turns":2.0},{"damage":1.0,"enemies":"Book of Stabbing","floor":29.0,"turns":2.0},{"damage":0.0,"enemies":"Chosen and Byrds","floor":31.0,"turns":2.0},{"damage":28.0,"enemies":"Champ","floor":33.0,"turns":4.0},{"damage":2.0,"enemies":"3 Shapes","floor":35.0,"turns":1.0},{"damage":2.0,"enemies":"Mind Bloom Boss Battle","floor":37.0,"turns":6.0},{"damage":3.0,"enemies":"HollowMod:StalkingDevout","floor":40.0,"turns":4.0},{"damage":0.0,"enemies":"Orb Walker","floor":44.0,"turns":1.0},{"damage":1.0,"enemies":"3 Darklings","floor":48.0,"turns":1.0},{"damage":5.0,"enemies":"Donu and Deca","floor":50.0,"turns":3.0},{"damage":0,"enemies":"Shield and Spear","floor":54,"turns":1},{"damage":154,"enemies":"The Heart","floor":55,"turns":5}],"seed_played":"-3990066578649992989","potions_obtained":[{"floor":1.0,"key":"AttackPotion"},{"floor":3.0,"key":"LiquidBronze"},{"floor":18.0,"key":"Explosive Potion"},{"floor":20.0,"key":"Ancient Potion"},{"floor":27.0,"key":"SpeedPotion"},{"floor":31.0,"key":"ColorlessPotion"},{"floor":35.0,"key":"Fruit Juice"},{"floor":54,"key":"AttackPotion"}],"is_trial":false,"path_per_floor":["M","?","M","$","M","E","R","?","T","R","M","M","?","T","R","B",null,"M","?","M","?","$","R","E","R","T","M","R","E","T","M","R","B",null,"M","?","?","$","?","E","T","R","T","M","R","$","?","M","R","B",null,"R","$","E","B"],"character_chosen":"IRONCLAD","items_purchased":["Sword Boomerang","Warcry","Membership Card","Thread and Needle","HollowMod:LifeEnderRelic","PrismaticShard","CeramicFish","Pummel","Bottled Lightning","Heavy Blade","Sling","Centennial Puzzle","AttackPotion"],"campfire_rested":0,"item_purchase_floors":[4,22,22,22,22,38,38,38,46,46,46,46,53],"current_hp_per_floor":[80,80,80,80,80,79,79,79,79,79,77,76,71,81,81,28,90,90,90,89,89,89,89,90,90,90,90,90,90,90,90,90,68,90,90,80,90,90,90,90,90,90,90,90,90,90,90,90,90,95,95,95,95,95,0,0],"gold":53,"neow_bonus":"RANDOM_COLORLESS","is_daily":false,"chose_seed":false,"campfire_upgraded":8,"win_rate":0.0,"timestamp":1613294779,"path_taken":["M","?","M","?","M","E","R","?","T","R","M","?","?","?","R","BOSS","M","?","M","?","?","R","E","R","T","M","R","E","?","M","R","BOSS","M","?","?","$","?","E","?","R","T","M","R","$","?","M","R","BOSS","R","$","E","BOSS"],"items_purchased_type":["Card","Card","Relic","Relic","Relic","Relic","Relic","Card","Relic","Card","Relic","Relic","Potion"],"build_version":"2020-12-22","purchased_purges":3,"victory":false,"max_hp_per_floor":[80,80,80,80,80,80,80,80,80,80,80,80,80,90,90,90,90,90,90,90,90,90,90,90,90,90,90,90,90,90,90,90,90,90,90,90,90,90,90,90,90,90,90,90,90,90,90,90,90,95,95,95,95,95,95,95],"card_choices":[{"not_picked":["Deep Breath","Impatience"],"picked":"Dramatic Entrance","floor":0.0},{"not_picked":["Infernal Blade","Second Wind"],"picked":"Pummel","floor":1.0},{"not_picked":["Anger","Heavy Blade"],"picked":"Iron Wave","floor":3.0},{"not_picked":["Pommel Strike","Sword Boomerang"],"picked":"Spot Weakness","floor":5.0},{"not_picked":["Warcry","Bludgeon"],"picked":"Brutality","floor":6.0},{"not_picked":["Second Wind","Perfected Strike"],"picked":"Sword Boomerang","floor":11.0},{"not_picked":["Flame Barrier","Intimidate"],"picked":"Ghostly Armor","floor":12.0},{"not_picked":["Sword Boomerang","Burning Pact"],"picked":"Cleave","floor":13.0},{"not_picked":["Impervious","Reaper","Berserk"],"picked":"Limit Break","floor":16.0},{"not_picked":["Clothesline","Headbutt","True Grit"],"picked":"Flex","floor":18.0},{"not_picked":["Battle Trance","Pommel Strike","Armaments+1"],"picked":"Sword Boomerang","floor":19.0},{"not_picked":["Anger","Body Slam+1","Clothesline"],"picked":"Blood for Blood","floor":20.0},{"not_picked":["Cleave","Burning Pact","Rage"],"picked":"Thunderclap+1","floor":24.0},{"not_picked":["Barricade","Reckless Charge","Uppercut"],"picked":"Thunderclap+1","floor":27.0},{"not_picked":["Uppercut","Heavy Blade","Pommel Strike"],"picked":"Inflame+1","floor":29.0},{"not_picked":["Twin Strike+1","Iron Wave","Double Tap"],"picked":"Ghostly Armor+1","floor":31.0},{"not_picked":["Feed","Corruption","Berserk"],"picked":"Impervious","floor":33.0},{"not_picked":["Anger+1","Twin Strike+1","Dark Embrace+1"],"picked":"Heavy Blade","floor":35.0},{"not_picked":["Seeing Red","Pommel Strike+1","Headbutt+1"],"picked":"Heavy Blade","floor":37.0},{"not_picked":["HollowMod:PerfectDash","HollowMod:DungDefenderAura+1","Twin Strike"],"picked":"HollowMod:CloakDash+1","floor":40.0},{"not_picked":["HollowMod:DescendingDark","HollowMod:MawleksShell+1","Deadly Poison+1"],"picked":"Steam Power+1","floor":44.0},{"not_picked":["Backflip+1","Dark Shackles+1","Rampage"],"picked":"HollowMod:CloakDash","floor":48.0},{"not_picked":["Metamorphosis","Study","HollowMod:GoodIntentions+1"],"picked":"Headbutt+1","floor":54}],"player_experience":54816,"relics_obtained":[{"floor":6.0,"key":"Tiny Chest"},{"floor":9.0,"key":"Pen Nib"},{"floor":13.0,"key":"Question Card"},{"floor":14.0,"key":"Pear"},{"floor":19.0,"key":"Red Mask"},{"floor":24.0,"key":"Anchor"},{"floor":26.0,"key":"MawBank"},{"floor":29.0,"key":"TungstenRod"},{"floor":30.0,"key":"Whetstone"},{"floor":37.0,"key":"Charon\u0027s Ashes"},{"floor":40.0,"key":"Girya"},{"floor":41.0,"key":"Kunai"},{"floor":43.0,"key":"Bag of Marbles"},{"floor":54,"key":"HollowMod:PaleOreRelic"}],"event_choices":[{"cards_removed":["Strike_R"],"damage_healed":0.0,"max_hp_gain":0.0,"max_hp_loss":0.0,"gold_gain":0.0,"event_name":"Purifier","player_choice":"Purged","floor":2.0,"gold_loss":0.0,"damage_taken":0.0},{"damage_healed":0.0,"max_hp_gain":0.0,"max_hp_loss":0.0,"gold_gain":175.0,"event_name":"Liars Game","player_choice":"AGREE","floor":8.0,"gold_loss":0.0,"damage_taken":0.0,"cards_obtained":["Doubt"]},{"damage_healed":0.0,"max_hp_gain":0.0,"max_hp_loss":0.0,"gold_gain":0.0,"event_name":"Dead Adventurer","player_choice":"Searched \u00272\u0027 times","floor":13.0,"gold_loss":0.0,"damage_taken":0.0},{"damage_healed":0.0,"max_hp_gain":0.0,"max_hp_loss":0.0,"gold_gain":0.0,"event_name":"Masked Bandits","player_choice":"Fought Bandits","floor":19.0,"gold_loss":0.0,"damage_taken":0.0},{"damage_healed":0.0,"max_hp_gain":0.0,"max_hp_loss":0.0,"gold_gain":0.0,"event_name":"The Library","player_choice":"Read","floor":21.0,"gold_loss":0.0,"damage_taken":0.0,"cards_obtained":["Inflame"]},{"damage_healed":0.0,"max_hp_gain":0.0,"max_hp_loss":0.0,"gold_gain":0.0,"event_name":"Winding Halls","player_choice":"Embrace Madness","floor":36.0,"gold_loss":0.0,"damage_taken":11.0,"cards_obtained":["Madness","Madness"]},{"damage_healed":0.0,"max_hp_gain":0.0,"max_hp_loss":0.0,"gold_gain":0.0,"event_name":"MindBloom","player_choice":"Fight","floor":37.0,"gold_loss":0.0,"damage_taken":0.0},{"damage_healed":0.0,"max_hp_gain":0.0,"max_hp_loss":0.0,"gold_gain":0.0,"cards_transformed":["Defend_R"],"event_name":"Transmorgrifier","player_choice":"Transformed","floor":39.0,"gold_loss":0.0,"damage_taken":0.0,"cards_obtained":["Shockwave"]},{"cards_removed":["Fire Breathing"],"damage_healed":0.0,"max_hp_gain":0.0,"max_hp_loss":0.0,"gold_gain":0.0,"event_name":"Falling","player_choice":"Removed Power","floor":47.0,"gold_loss":0.0,"damage_taken":0.0}],"is_beta":false,"boss_relics":[{"not_picked":["SacredBark","Philosopher\u0027s Stone"],"picked":"Astrolabe"},{"not_picked":["Tiny House","Coffee Dripper"],"picked":"Black Blood"}],"items_purged_floors":[4,22,38],"is_endless":false,"potions_floor_spawned":[1,3,18,20,27,31,35,54],"killed_by":"The Heart","ascension_level":0}}