{"host":"8is2j71l4wmybkoi","time":1613283886,"event":{"mods":["AchievementEnabler","BaseMod","Colored Map","DeckTracker","Minty Spire (QoL Compilation)","Rare Cards Sparkle","Relic Stats","StSLib","SuperFastMode"],"gold_per_floor":[117,117,117,117,131,171,171,171,171],"floor_reached":8,"language":"KOR","playtime":225,"items_purged":[],"score":95,"play_id":"2b924b45-711d-4429-beb1-5383f64cb046","local_time":"20210214152446","is_ascension_mode":true,"campfire_choices":[{"data":"Leg Sweep","floor":7,"key":"SMITH"}],"circlet_count":0,"master_deck":["AscendersBane","Strike_G+1","Strike_G","Strike_G","Strike_G","Strike_G+1","Defend_G","Defend_G","Defend_G","Defend_G","Defend_G","Survivor","Neutralize+1","Underhanded Strike","Heel Hook","Leg Sweep+1"],"relics":["Ring of the Snake","Golden Idol","The Courier"],"acts_visited":["Exordium"],"potions_floor_usage":[5,6],"damage_taken":[{"damage":1,"enemies":"2 Louse","floor":1,"turns":3},{"damage":1,"enemies":"Small Slimes","floor":5,"turns":5},{"damage":17,"enemies":"Lagavulin","floor":6,"turns":7},{"damage":35,"enemies":"3 Sentries","floor":8,"turns":6}],"seed_played":"-8103692045291970315","potions_obtained":[{"floor":0,"key":"Regen Potion"},{"floor":0,"key":"CunningPotion"}],"is_trial":false,"path_per_floor":["M","?","?","?","M","E","R","E"],"character_chosen":"THE_SILENT","items_purchased":[],"campfire_rested":0,"item_purchase_floors":[],"current_hp_per_floor":[58,38,38,38,51,34,34,0,0],"gold":171,"neow_bonus":"THREE_SMALL_POTIONS","is_daily":false,"chose_seed":false,"campfire_upgraded":1,"win_rate":0.0,"timestamp":1613283886,"path_taken":["M","?","?","?","M","E","R","E"],"items_purchased_type":[],"build_version":"2020-12-22","purchased_purges":0,"victory":false,"max_hp_per_floor":[66,66,60,60,60,60,60,60,60],"relic_stats":{"counters":[4,21],"Golden Idol":11,"obtain_stats":[{"Golden Idol":3,"The Courier":6,"Ring of the Snake":0},{"Golden Idol":1,"The Courier":3,"Ring of the Snake":0},{"Golden Idol":3,"The Courier":15,"Ring of the Snake":0}],"Ring of the Snake":[8]},"card_choices":[{"not_picked":["Catalyst","Concentrate"],"picked":"Underhanded Strike","floor":1},{"not_picked":["Cloak And Dagger","Caltrops"],"picked":"Heel Hook","floor":5},{"not_picked":["Deflect","Acrobatics"],"picked":"Leg Sweep","floor":6}],"player_experience":1186068,"relics_obtained":[{"floor":6,"key":"The Courier"}],"event_choices":[{"damage_healed":0,"gold_gain":0,"player_choice":"Entered Light","damage_taken":20,"max_hp_gain":0,"max_hp_loss":0,"event_name":"Shining Light","floor":2,"gold_loss":0,"cards_upgraded":["Strike_G","Strike_G"]},{"damage_healed":0,"gold_gain":0,"player_choice":"Lose Max HP","damage_taken":0,"relics_obtained":["Golden Idol"],"max_hp_gain":0,"max_hp_loss":6,"event_name":"Golden Idol","floor":3,"gold_loss":0},{"damage_healed":0,"gold_gain":0,"player_choice":"Forge","damage_taken":0,"max_hp_gain":0,"max_hp_loss":0,"event_name":"Accursed Blacksmith","floor":4,"gold_loss":0,"cards_upgraded":["Neutralize"]}],"is_beta":false,"boss_relics":[],"items_purged_floors":[],"is_endless":false,"potions_floor_spawned":[],"killed_by":"3 Sentries","ascension_level":15}}