{"host":"82qk6ob05uum3zoi","time":1613294291,"event":{"mods":["BaseMod","BetterRewards","Minty Spire (QoL Compilation)","Reliquary","StSLib","The Cursed"],"gold_per_floor":[113,133,148,148,175,175,190,220,246,280,298,328,35,51,51,149,149,164,180,180,180],"floor_reached":20,"language":"ENG","playtime":897,"items_purged":[],"score":255,"play_id":"4e6f0dc8-ea92-4aa8-9f5b-4815e2f77087","local_time":"20210214221811","is_ascension_mode":true,"campfire_choices":[{"floor":6,"key":"RECALL"},{"floor":15,"key":"REST"}],"circlet_count":0,"master_deck":["Strike_R","Strike_R","Strike_R","Strike_R","Strike_R","Defend_R","Defend_R","Defend_R","Defend_R","Bash","Demon Form","Shrug It Off","Cleave","Pommel Strike","Anger","Feed","Metallicize","Clothesline","Shockwave","Armaments","Berserk","Clash+1","Ghostly Armor"],"relics":["Burning Blood","reliquary:PartyBalloon","reliquary:SharkskinSheath","Pear","reliquary:QuartzCube","reliquary:JackalopeAntler","Black Star"],"acts_visited":["Exordium","TheCity"],"potions_floor_usage":[8,12,16,16],"damage_taken":[{"damage":3,"enemies":"2 Louse","floor":1,"turns":4},{"damage":5,"enemies":"Jaw Worm","floor":2,"turns":4},{"damage":1,"enemies":"Cultist","floor":3,"turns":4},{"damage":7,"enemies":"Gremlin Gang","floor":7,"turns":6},{"damage":20,"enemies":"Gremlin Nob","floor":8,"turns":4},{"damage":29,"enemies":"Lagavulin","floor":10,"turns":5},{"damage":4,"enemies":"2 Fungi Beasts","floor":11,"turns":4},{"damage":18,"enemies":"Gremlin Nob","floor":12,"turns":4},{"damage":12,"enemies":"Exordium Wildlife","floor":14,"turns":5},{"damage":47,"enemies":"The Guardian","floor":16,"turns":13},{"damage":28,"enemies":"Chosen","floor":18,"turns":6},{"damage":46,"enemies":"2 Thieves","floor":19,"turns":5},{"damage":14,"enemies":"Chosen and Byrds","floor":20,"turns":2}],"seed_played":"6400636586785602072","potions_obtained":[{"floor":7,"key":"Energy Potion"},{"floor":10,"key":"SpeedPotion"},{"floor":11,"key":"SpeedPotion"},{"floor":12,"key":"PowerPotion"},{"floor":19,"key":"Weak Potion"}],"is_trial":false,"path_per_floor":["M","M","M","?","T","R","M","E","T","E","M","E","$","M","R","B",null,"M","M","M"],"character_chosen":"IRONCLAD","items_purchased":["reliquary:JackalopeAntler","Armaments"],"campfire_rested":1,"item_purchase_floors":[13,13],"current_hp_per_floor":[75,76,80,80,80,80,79,65,65,52,54,42,42,39,66,25,76,54,14,0,0],"gold":180,"neow_bonus":"ONE_RANDOM_RARE_CARD","is_daily":false,"chose_seed":false,"campfire_upgraded":0,"win_rate":0.0,"timestamp":1613294291,"path_taken":["M","M","M","?","?","R","M","E","T","E","M","E","$","M","R","BOSS","M","?","M"],"items_purchased_type":["Relic","Card"],"build_version":"2020-12-22","purchased_purges":0,"victory":false,"max_hp_per_floor":[80,80,80,80,80,80,80,80,80,90,90,90,90,93,93,93,93,93,93,93,93],"card_choices":[{"not_picked":["True Grit","Infernal Blade"],"picked":"Shrug It Off","floor":1},{"not_picked":["Pummel","Shrug It Off"],"picked":"Cleave","floor":2},{"not_picked":["Combust","Wild Strike"],"picked":"Pommel Strike","floor":3},{"not_picked":["Feel No Pain","Twin Strike"],"picked":"Anger","floor":7},{"not_picked":["Clash","Rupture"],"picked":"Feed","floor":8},{"not_picked":["True Grit","Bludgeon"],"picked":"Metallicize","floor":10},{"not_picked":["Dark Embrace","Sword Boomerang"],"picked":"Clothesline","floor":11},{"not_picked":["Dual Wield","True Grit"],"picked":"Shockwave","floor":12},{"not_picked":["True Grit","Headbutt","Dark Embrace"],"picked":"SKIP","floor":14},{"not_picked":["Fiend Fire","Impervious"],"picked":"Berserk","floor":16},{"not_picked":["Pummel","Perfected Strike"],"picked":"Clash+1","floor":18},{"not_picked":["Second Wind+1","Shrug It Off"],"picked":"Ghostly Armor","floor":19}],"player_experience":428234,"relics_obtained":[{"floor":8,"key":"reliquary:PartyBalloon"},{"floor":9,"key":"reliquary:SharkskinSheath"},{"floor":10,"key":"Pear"},{"floor":12,"key":"reliquary:QuartzCube"}],"event_choices":[{"damage_healed":0,"gold_gain":0,"player_choice":"Leave","damage_taken":0,"max_hp_gain":0,"max_hp_loss":0,"event_name":"The Cleric","floor":4,"gold_loss":0}],"is_beta":false,"boss_relics":[{"not_picked":["Tiny House","SacredBark"],"picked":"Black Star"}],"items_purged_floors":[],"is_endless":false,"potions_floor_spawned":[7,10,11,12,19],"killed_by":"Chosen and Byrds","ascension_level":6}}