{"host":"y27lpgkuecypkeb8","time":1613342699,"event":{"mods":["AchievementEnabler","Aspiration","BaseMod","Colored Map","Colored Powertips","Conspire","DeckTracker","GifTheSpireLib","Highlight Path","Hubris","Infinite Spire","Minty Spire (QoL Compilation)","Permanent Neow","Rare Cards Sparkle","Relic Sorter","Spicy Shops","StSLib","Stuff the Spire","Together in Spire"],"gold_per_floor":[115,14,26,41,59,59,72,72,72,92,122,124,124,119,119,217,217,230,253,253,279,299,299,318,333,333,335,335,335,337,354,354,463,463,478,103,105,105,107,107,138,138,138,138,159,159,181,287,287],"floor_reached":48,"language":"ENG","playtime":4990,"items_purged":["Defend_G","Strike_G"],"score":337,"play_id":"0b10e76c-d55e-4bfa-8a69-83c11bdd4e88","local_time":"20210215064459","is_ascension_mode":false,"campfire_choices":[{"data":"Infinite Blades","floor":6.0,"key":"SMITH"},{"data":"StuffTheSpire:Python","floor":8.0,"key":"SMITH"},{"floor":15.0,"key":"REST"},{"floor":23.0,"key":"REST"},{"floor":32.0,"key":"REST"},{"data":"Infinite Blades","floor":40.0,"key":"SMITH"},{"floor":44,"key":"REST"},{"data":"StuffTheSpire:Python","floor":46,"key":"SMITH"}],"circlet_count":0,"master_deck":["Strike_G","Strike_G+1","Strike_G","Strike_G","Defend_G","Defend_G","Defend_G","Defend_G","Survivor","Neutralize+1","StuffTheSpire:Incantation","Infinite Blades+1","Dagger Throw+1","Deadly Poison","Cloak And Dagger+1","StuffTheSpire:Python+1","Outmaneuver","StuffTheSpire:Incantation","StuffTheSpire:Innocence","StuffTheSpire:Python+1","Venomology+1","Prepared+1","Infinite Blades+1","StuffTheSpire:Python+1","Flying Knee","Footwork","Noxious Fumes","Prepared","Madness","Madness","All Out Attack+1","Terror+1"],"relics":["Ring of the Snake","hubris:Icosahedron","infinitespire:CursedDice","Odd Mushroom","infinitespire:Midas Blood","Runic Pyramid","conspire:SpecialSausage","conspire:TreasureMap","War Paint","Whetstone"],"acts_visited":[],"potions_floor_usage":[45,45,45,45,45,47,48,48],"damage_taken":[{"damage":0.0,"enemies":"2 Louse","floor":1.0,"turns":2.0},{"damage":0.0,"enemies":"Small Slimes","floor":3.0,"turns":3.0},{"damage":0.0,"enemies":"Cultist","floor":4.0,"turns":2.0},{"damage":6.0,"enemies":"3 Louse","floor":5.0,"turns":3.0},{"damage":3.0,"enemies":"2 Fungi Beasts","floor":7.0,"turns":3.0},{"damage":44.0,"enemies":"The Mushroom Lair","floor":10.0,"turns":6.0},{"damage":28.0,"enemies":"Gremlin Nob","floor":11.0,"turns":3.0},{"damage":0.0,"enemies":"Looter","floor":14.0,"turns":2.0},{"damage":0.0,"enemies":"Slime Boss","floor":16.0,"turns":6.0},{"damage":0.0,"enemies":"Chosen","floor":18.0,"turns":3.0},{"damage":7.0,"enemies":"Shell Parasite","floor":19.0,"turns":4.0},{"damage":28.0,"enemies":"Centurion and Healer","floor":21.0,"turns":4.0},{"damage":9.0,"enemies":"Snake Plant","floor":22.0,"turns":3.0},{"damage":0.0,"enemies":"Snecko","floor":24.0,"turns":4.0},{"damage":13.0,"enemies":"Centurion and Healer","floor":25.0,"turns":5.0},{"damage":7.0,"enemies":"Snake Plant","floor":31.0,"turns":3.0},{"damage":14.0,"enemies":"Automaton","floor":33.0,"turns":7.0},{"damage":0.0,"enemies":"3 Darklings","floor":35.0,"turns":3.0},{"damage":3,"enemies":"Nemesis","floor":41,"turns":6},{"damage":1,"enemies":"Orb Walker","floor":45,"turns":3},{"damage":12,"enemies":"Jaw Worm Horde","floor":47,"turns":2},{"damage":75,"enemies":"Transient","floor":48,"turns":3}],"seed_played":"3122065611967087409","potions_obtained":[{"floor":3.0,"key":"SteroidPotion"},{"floor":7.0,"key":"Dexterity Potion"},{"floor":11.0,"key":"SteroidPotion"},{"floor":21.0,"key":"Block Potion"},{"floor":24.0,"key":"infinitespire:BlackPotion"},{"floor":25.0,"key":"BlessingOfTheForge"},{"floor":45,"key":"Regen Potion"}],"is_trial":false,"path_per_floor":["M","$","M","M","M","R","M","R","T","?","E","?","?","M","R","B",null,"M","M","?","M","M","R","M","M","T","?","?","?","?","M","R","B",null,"M","$","?","?","?","R","E","$","T","R","M","R","M","M"],"character_chosen":"THE_SILENT","items_purchased":["Infinite Blades","Dagger Throw","conspire:TreasureMap","Prepared"],"campfire_rested":4,"item_purchase_floors":[2,2,36,36],"current_hp_per_floor":[70,70,70,70,64,64,61,61,61,17,25,18,39,39,60,60,70,70,63,63,35,26,47,47,34,34,21,21,21,15,8,30,16,75,75,75,66,66,46,46,43,43,43,65,64,64,52,0,0],"gold":287,"neow_bonus":"UPGRADE_CARD","is_daily":false,"chose_seed":false,"campfire_upgraded":4,"win_rate":0.0,"timestamp":1613342699,"path_taken":["M","$","M","M","M","R","M","R","T","?","E","?","?","M","R","BOSS","M","M","?","?","M","R","M","M","T","?","?","?","?","?","R","BOSS","M","$","?","?","?","R","E","?","T","R","M","R","?","M"],"items_purchased_type":["Card","Card","Relic","Card"],"build_version":"2020-12-22","purchased_purges":2,"victory":false,"max_hp_per_floor":[70,70,70,70,70,70,70,70,70,70,70,70,70,70,70,70,70,70,70,70,70,70,70,70,70,70,75,75,75,75,75,75,75,75,75,75,75,75,75,75,75,75,75,75,75,75,75,75,75],"card_choices":[{"not_picked":["Deadly Poison","StuffTheSpire:Incursion"],"picked":"StuffTheSpire:Incantation","floor":1.0},{"not_picked":["Slice","Poisoned Stab"],"picked":"Deadly Poison","floor":3.0},{"not_picked":["Predator","StuffTheSpire:Injection"],"picked":"Cloak And Dagger","floor":4.0},{"not_picked":["StuffTheSpire:Injection","Quick Slash","conspire:PoisonWeapons"],"picked":"SKIP","floor":5.0},{"not_picked":["Underhanded Strike","Deadly Poison"],"picked":"StuffTheSpire:Python","floor":7.0},{"not_picked":["Choke","StuffTheSpire:Shiver"],"picked":"Outmaneuver","floor":10.0},{"not_picked":["hubris:TrickCloak","Slice"],"picked":"StuffTheSpire:Incantation","floor":11.0},{"not_picked":["Poisoned Stab","StuffTheSpire:Repulse"],"picked":"StuffTheSpire:Python","floor":14.0},{"not_picked":["Glass Knife","Burst"],"picked":"Venomology","floor":16.0},{"not_picked":["Catalyst","StuffTheSpire:ClusterCrunch+1"],"picked":"Prepared+1","floor":18.0},{"not_picked":["All Out Attack","Sucker Punch"],"picked":"Infinite Blades","floor":19.0},{"not_picked":["PiercingWail+1","Deflect+1"],"picked":"Flying Knee","floor":21.0},{"not_picked":["StuffTheSpire:DoubleShiv+1","Predator"],"picked":"Footwork","floor":22.0},{"not_picked":["Outmaneuver+1","Underhanded Strike"],"picked":"Noxious Fumes","floor":24.0},{"not_picked":["Dodge and Roll","PiercingWail","Cloak And Dagger"],"picked":"SKIP","floor":25.0},{"not_picked":["Flying Knee","Burst","Quick Slash"],"picked":"SKIP","floor":31.0},{"not_picked":["Underhanded Strike+1","PiercingWail+1","Dash"],"picked":"SKIP","floor":35.0},{"not_picked":["PiercingWail","Dagger Spray+1"],"picked":"All Out Attack+1","floor":41},{"not_picked":["Deadly Poison","Dodge and Roll+1"],"picked":"Terror+1","floor":45},{"not_picked":["hubris:Counter+1","PiercingWail","StuffTheSpire:BumpUp"],"picked":"SKIP","floor":47}],"player_experience":29595,"relics_obtained":[{"floor":9.0,"key":"infinitespire:CursedDice"},{"floor":10.0,"key":"Odd Mushroom"},{"floor":11.0,"key":"infinitespire:Midas Blood"},{"floor":41,"key":"War Paint"},{"floor":43,"key":"Whetstone"}],"event_choices":[{"damage_healed":0.0,"max_hp_gain":0.0,"max_hp_loss":0.0,"gold_gain":0.0,"event_name":"Mushrooms","player_choice":"Fought Mushrooms","floor":10.0,"gold_loss":0.0,"damage_taken":0.0},{"damage_healed":0.0,"max_hp_gain":0.0,"max_hp_loss":0.0,"gold_gain":0.0,"event_name":"Duplicator","player_choice":"Copied","floor":20.0,"gold_loss":0.0,"damage_taken":0.0,"cards_obtained":["StuffTheSpire:Python"]},{"damage_healed":0.0,"max_hp_gain":5.0,"max_hp_loss":0.0,"gold_gain":0.0,"event_name":"Forgotten Altar","player_choice":"Shed Blood","floor":27.0,"gold_loss":0.0,"damage_taken":18.0},{"damage_healed":0.0,"max_hp_gain":0.0,"max_hp_loss":0.0,"gold_gain":0.0,"event_name":"Knowing Skull","player_choice":"","floor":30.0,"potions_obtained":[],"gold_loss":0.0,"damage_taken":6.0,"cards_obtained":[]},{"damage_healed":0.0,"max_hp_gain":0.0,"max_hp_loss":0.0,"gold_gain":0.0,"event_name":"Winding Halls","player_choice":"Embrace Madness","floor":37.0,"gold_loss":0.0,"damage_taken":9.0,"cards_obtained":["Madness","Madness"]}],"is_beta":false,"boss_relics":[{"not_picked":["StuffTheSpire:ModemDavis","Velvet Choker"],"picked":"Runic Pyramid"},{"not_picked":["aspiration:DefectSkillbook","Cursed Key"],"picked":"conspire:SpecialSausage"}],"items_purged_floors":[36,36],"is_endless":false,"potions_floor_spawned":[3,7,11,21,24,25,45],"killed_by":"Transient","ascension_level":0}}