{"host":"mydft8i2zzydgggw","time":1613298912,"event":{"mods":["AchievementEnabler","BaseMod","Colored Map","Colored Powertips","DeckTracker","Keyboard Shortcuts","Minty Spire (QoL Compilation)","Rare Cards Sparkle","StSLib","SuperFastMode","everything is the same but u backflip on backflip"],"gold_per_floor":[118,118,128,140,140,140,140,140,194,194,208,252,275,44,44,133,433,451,366,379,379,87,87,110,110,137,137,137],"floor_reached":27,"language":"KOR","playtime":467,"items_purged":["Strike_B","Strike_B"],"score":483,"play_id":"557bd126-4f62-4830-b434-30fedfa61ec9","local_time":"20210214193512","is_ascension_mode":true,"campfire_choices":[{"data":"Rainbow","floor":6,"key":"SMITH"},{"data":"Turbo","floor":8,"key":"SMITH"},{"data":"Dualcast","floor":10,"key":"SMITH"},{"floor":15,"key":"REST"},{"data":"Glacier","floor":23,"key":"SMITH"},{"data":"Defragment","floor":25,"key":"SMITH"}],"circlet_count":0,"master_deck":["AscendersBane","Strike_B","Defend_B","Defend_B","Defend_B","Defend_B","Zap+1","Dualcast+1","Rainbow+1","Heatsinks+1","Sweeping Beam","Turbo+1","Capacitor","Cold Snap","Go for the Eyes","Core Surge","CurseOfTheBell","Coolheaded","Double Energy","Glacier+1","Defragment+1"],"relics":["Cracked Core","Golden Idol","Pen Nib","Akabeko","Membership Card","Calling Bell","DataDisk","HornCleat","Old Coin","Gambling Chip","Torii","Bottled Tornado"],"acts_visited":["Exordium","TheCity"],"potions_floor_usage":[12,16,16],"damage_taken":[{"damage":3,"enemies":"Small Slimes","floor":1,"turns":3},{"damage":0,"enemies":"Cultist","floor":3,"turns":4},{"damage":3,"enemies":"2 Louse","floor":4,"turns":2},{"damage":8,"enemies":"Large Slime","floor":11,"turns":5},{"damage":22,"enemies":"3 Sentries","floor":12,"turns":6},{"damage":6,"enemies":"Blue Slaver","floor":13,"turns":2},{"damage":0,"enemies":"Slime Boss","floor":16,"turns":6},{"damage":21,"enemies":"3 Byrds","floor":18,"turns":5},{"damage":11,"enemies":"Spheric Guardian","floor":20,"turns":4},{"damage":9,"enemies":"Shelled Parasite and Fungi","floor":24,"turns":7},{"damage":40,"enemies":"Slavers","floor":27,"turns":3}],"seed_played":"1517078743554977007","potions_obtained":[{"floor":3,"key":"FearPotion"},{"floor":4,"key":"ColorlessPotion"},{"floor":13,"key":"PowerPotion"},{"floor":18,"key":"Weak Potion"},{"floor":24,"key":"FearPotion"}],"is_trial":false,"path_per_floor":["M","?","M","M","?","R","?","R","T","R","M","E","M","$","R","B",null,"M","?","M","?","$","R","M","R","T","E"],"character_chosen":"DEFECT","items_purchased":["Membership Card","Go for the Eyes","Glacier","Bottled Tornado","FairyPotion"],"campfire_rested":1,"item_purchase_floors":[14,14,22,22,22],"current_hp_per_floor":[61,61,61,58,58,58,39,39,39,39,31,9,3,3,22,22,54,33,33,22,22,22,22,13,13,13,0,0],"gold":137,"neow_bonus":"ONE_RANDOM_RARE_CARD","is_daily":false,"chose_seed":false,"campfire_upgraded":5,"win_rate":0.0,"timestamp":1613298912,"path_taken":["M","?","M","?","?","R","?","R","T","R","M","E","M","?","R","BOSS","M","?","M","?","$","R","?","R","T","E"],"items_purchased_type":["Relic","Card","Card","Relic","Potion"],"build_version":"2020-12-22","purchased_purges":2,"victory":false,"max_hp_per_floor":[71,71,71,71,64,64,64,64,64,64,64,64,64,64,64,64,64,64,64,64,64,64,64,64,64,64,64,64],"card_choices":[{"not_picked":["Leap","Gash"],"picked":"Heatsinks","floor":1},{"not_picked":["Rip and Tear","Steam"],"picked":"Sweeping Beam","floor":3},{"not_picked":["Redo","Conserve Battery"],"picked":"Turbo","floor":4},{"not_picked":["Meteor Strike","Genetic Algorithm","Gash"],"picked":"SKIP","floor":11},{"not_picked":["Leap","Thunder Strike"],"picked":"Capacitor","floor":12},{"not_picked":["Static Discharge","Hologram"],"picked":"Cold Snap","floor":13},{"not_picked":["Seek","Hyperbeam"],"picked":"Core Surge","floor":16},{"not_picked":["Sunder","Stack"],"picked":"Coolheaded","floor":18},{"not_picked":["Streamline","Coolheaded"],"picked":"Double Energy","floor":20},{"not_picked":["White Noise","Aggregate+1"],"picked":"Defragment","floor":24}],"player_experience":268041,"relics_obtained":[{"floor":9,"key":"Pen Nib"},{"floor":12,"key":"Akabeko"},{"floor":17,"key":"DataDisk"},{"floor":17,"key":"HornCleat"},{"floor":17,"key":"Old Coin"}],"event_choices":[{"cards_removed":["Strike_B"],"damage_healed":0,"gold_gain":0,"player_choice":"Offered Basic","damage_taken":0,"max_hp_gain":0,"max_hp_loss":0,"event_name":"Bonfire Elementals","floor":2,"gold_loss":0},{"damage_healed":0,"gold_gain":0,"player_choice":"Lose Max HP","damage_taken":0,"relics_obtained":["Golden Idol"],"max_hp_gain":0,"max_hp_loss":7,"event_name":"Golden Idol","floor":5,"gold_loss":0},{"damage_healed":0,"gold_gain":0,"player_choice":"Entered Light","damage_taken":19,"max_hp_gain":0,"max_hp_loss":0,"event_name":"Shining Light","floor":7,"gold_loss":0,"cards_upgraded":["Heatsinks","Zap"]},{"damage_healed":0,"gold_gain":0,"player_choice":"Obtained Relic","damage_taken":0,"relics_obtained":["Gambling Chip"],"max_hp_gain":0,"max_hp_loss":0,"event_name":"Addict","floor":19,"gold_loss":85},{"damage_healed":0,"gold_gain":0,"player_choice":"Gave Potion","damage_taken":0,"relics_obtained":["Torii"],"max_hp_gain":0,"max_hp_loss":0,"event_name":"WeMeetAgain","floor":21,"gold_loss":0}],"is_beta":false,"boss_relics":[{"not_picked":["Tiny House","Philosopher\u0027s Stone"],"picked":"Calling Bell"}],"items_purged_floors":[14,22],"is_endless":false,"potions_floor_spawned":[3,4,13,18,24],"killed_by":"Slavers","ascension_level":17}}