{"host":"erogqkeozdzdhb46","time":1613342162,"event":{"mods":["AchievementEnabler","BaseMod","Bestiary","Colored Powertips","Minty Spire (QoL Compilation)","Relic Stats","StSLib","Together in Spire"],"gold_per_floor":[112,112,132,132,157,167,192,211,211,211,230,255,255,271,271,371,371,384,384,397,117,137,165,165,246,246,155,155,155,165,165,165,269,269,282,295,650,661,671,703,204,221,221,238,271,271,321,38,38,38,38,38,38,72,72,72],"floor_reached":55,"language":"ENG","playtime":2688,"items_purged":[],"score":582,"play_id":"84b2369c-5093-460b-9bd1-ce80bab1e151","local_time":"20210214163602","is_ascension_mode":false,"campfire_choices":[{"data":"Second Wind","floor":13.0,"key":"SMITH"},{"data":"Bash","floor":15.0,"key":"SMITH"},{"data":"Apotheosis","floor":24.0,"key":"SMITH"},{"data":"Impatience","floor":28.0,"key":"SMITH"},{"data":"Shockwave","floor":32.0,"key":"SMITH"},{"floor":46,"key":"REST"},{"data":"Double Tap","floor":49,"key":"SMITH"},{"data":"Defend_R","floor":52,"key":"SMITH"}],"circlet_count":0,"master_deck":["Strike_R","Strike_R","Strike_R","Strike_R+1","Strike_R","Defend_R","Defend_R","Defend_R","Defend_R+1","Bash+1","Second Wind+1","True Grit+1","Headbutt+1","Thunderclap+1","Rampage+1","Rampage+1","Wild Strike+1","Reaper+1","Apotheosis+1","Impatience+1","Thunderclap+1","Reaper+1","Injury","Shame","Dramatic Entrance+1","Inflame+1","Shockwave+1","Anger+1","Double Tap+1","Shrug It Off+1","Evolve+1","Cleave+1","Metallicize+1","Panache+1","Fire Breathing+1","Regret","Pommel Strike+1","Body Slam+1","Feel No Pain+1"],"relics":["Burning Blood","Molten Egg 2","Happy Flower","Toy Ornithopter","Potion Belt","Gremlin Horn","Cursed Key","Blood Vial","Frozen Egg 2","Ornamental Fan","Philosopher\u0027s Stone","Old Coin","Ancient Tea Set","Blue Candle","MealTicket","HornCleat","Gambling Chip","Paper Frog","Pear"],"acts_visited":["TheEnding"],"potions_floor_usage":[39,42,45,50,50,55,55],"damage_taken":[{"damage":0.0,"enemies":"Small Slimes","floor":1.0,"turns":2.0},{"damage":0.0,"enemies":"2 Louse","floor":3.0,"turns":2.0},{"damage":4.0,"enemies":"Jaw Worm","floor":6.0,"turns":2.0},{"damage":0.0,"enemies":"Gremlin Nob","floor":7.0,"turns":2.0},{"damage":0.0,"enemies":"Large Slime","floor":8.0,"turns":1.0},{"damage":0.0,"enemies":"Exordium Wildlife","floor":11.0,"turns":1.0},{"damage":9.0,"enemies":"3 Sentries","floor":12.0,"turns":2.0},{"damage":0.0,"enemies":"3 Louse","floor":14.0,"turns":1.0},{"damage":0.0,"enemies":"Hexaghost","floor":16.0,"turns":2.0},{"damage":3.0,"enemies":"Spheric Guardian","floor":18.0,"turns":3.0},{"damage":0.0,"enemies":"Chosen","floor":20.0,"turns":2.0},{"damage":0.0,"enemies":"Snecko","floor":22.0,"turns":1.0},{"damage":2.0,"enemies":"Book of Stabbing","floor":23.0,"turns":2.0},{"damage":0.0,"enemies":"Snake Plant","floor":30.0,"turns":1.0},{"damage":0.0,"enemies":"Automaton","floor":33.0,"turns":1.0},{"damage":0.0,"enemies":"3 Darklings","floor":35.0,"turns":1.0},{"damage":0.0,"enemies":"Orb Walker","floor":36.0,"turns":1.0},{"damage":0.0,"enemies":"2 Orb Walkers","floor":37.0,"turns":1.0},{"damage":51,"enemies":"Sphere and 2 Shapes","floor":38,"turns":5},{"damage":5,"enemies":"3 Darklings","floor":39,"turns":2},{"damage":20,"enemies":"Giant Head","floor":40,"turns":7},{"damage":66,"enemies":"Writhing Mass","floor":42,"turns":6},{"damage":31,"enemies":"4 Shapes","floor":44,"turns":3},{"damage":24,"enemies":"Reptomancer","floor":45,"turns":5},{"damage":0,"enemies":"Mind Bloom Boss Battle","floor":47,"turns":3},{"damage":114,"enemies":"Awakened One","floor":50,"turns":13},{"damage":83,"enemies":"Shield and Spear","floor":54,"turns":6},{"damage":55,"enemies":"The Heart","floor":55,"turns":3}],"seed_played":"7229374605658155778","potions_obtained":[{"floor":1.0,"key":"Ancient Potion"},{"floor":8.0,"key":"BlessingOfTheForge"},{"floor":12.0,"key":"SpeedPotion"},{"floor":14.0,"key":"LiquidMemories"},{"floor":16.0,"key":"Strength Potion"},{"floor":23.0,"key":"Ancient Potion"},{"floor":40,"key":"SpeedPotion"},{"floor":47,"key":"Strength Potion"},{"floor":54,"key":"AttackPotion"}],"is_trial":false,"path_per_floor":["M","?","M","?","T","M","E","M","T","?","M","E","R","M","R","B",null,"M","?","M","$","M","E","R","T","T","$","R","?","M","?","R","B",null,"M","M","?","M","M","E","$","M","T","M","E","R","?","$","R","B",null,"R","$","E","B"],"character_chosen":"IRONCLAD","items_purchased":["Apotheosis","Impatience","Dramatic Entrance+1","Blue Candle","Panache+1","Fire Breathing+1","Paper Frog","Feel No Pain+1"],"campfire_rested":1,"item_purchase_floors":[21,21,27,41,41,41,48,48],"current_hp_per_floor":[88,93,93,90,90,92,93,93,93,74,80,77,77,83,83,89,93,93,93,93,93,93,93,93,93,93,93,93,93,93,93,93,93,93,93,93,93,57,71,79,79,43,43,20,37,64,86,93,93,14,93,93,93,36,0,0],"gold":72,"neow_bonus":"TEN_PERCENT_HP_BONUS","is_daily":false,"chose_seed":false,"campfire_upgraded":7,"win_rate":0.0,"timestamp":1613342162,"path_taken":["M","?","M","?","?","M","E","M","T","?","?","E","R","M","R","BOSS","M","?","M","$","M","E","R","?","T","$","R","?","M","?","R","BOSS","M","M","?","M","M","E","$","M","T","M","E","R","?","$","R","BOSS","R","$","E","BOSS"],"items_purchased_type":["Card","Card","Card","Relic","Card","Card","Relic","Card"],"build_version":"2020-12-22","purchased_purges":0,"victory":false,"max_hp_per_floor":[88,93,93,93,93,93,93,93,93,93,93,93,93,93,93,93,93,93,93,93,93,93,93,93,93,93,93,93,93,93,93,93,93,93,93,93,93,93,93,93,93,93,93,93,93,93,93,93,93,93,93,93,93,103,103,103],"relic_stats":{"Blood Vial":14,"Happy Flower":[17],"Gremlin Horn":[16,16],"counters":[10,53],"Ornamental Fan":[128],"Blue Candle":[6],"Gambling Chip":[7],"MealTicket":7,"Cursed Key":1,"obtain_stats":[{"Potion Belt":0,"Pear":54,"Happy Flower":0,"Gremlin Horn":0,"Blue Candle":41,"Frozen Egg 2":0,"Cursed Key":0,"Ancient Tea Set":40,"Burning Blood":0,"Old Coin":37,"Blood Vial":0,"HornCleat":45,"Ornamental Fan":0,"Gambling Chip":47,"Molten Egg 2":0,"Philosopher\u0027s Stone":0,"MealTicket":43,"Toy Ornithopter":0,"Paper Frog":48},{"Potion Belt":0,"Pear":9,"Happy Flower":0,"Gremlin Horn":0,"Blue Candle":3,"Frozen Egg 2":0,"Cursed Key":0,"Ancient Tea Set":3,"Burning Blood":0,"Old Coin":0,"Blood Vial":0,"HornCleat":6,"Ornamental Fan":0,"Gambling Chip":7,"Molten Egg 2":0,"Philosopher\u0027s Stone":0,"MealTicket":4,"Toy Ornithopter":0,"Paper Frog":7},{"Potion Belt":0,"Pear":50,"Happy Flower":0,"Gremlin Horn":0,"Blue Candle":14,"Frozen Egg 2":0,"Cursed Key":0,"Ancient Tea Set":14,"Burning Blood":0,"Old Coin":0,"Blood Vial":0,"HornCleat":28,"Ornamental Fan":0,"Gambling Chip":31,"Molten Egg 2":0,"Philosopher\u0027s Stone":0,"MealTicket":20,"Toy Ornithopter":0,"Paper Frog":31}],"Burning Blood":54,"Toy Ornithopter":30},"card_choices":[{"not_picked":["Evolve","Warcry"],"picked":"Second Wind","floor":1.0},{"not_picked":["Iron Wave","Juggernaut"],"picked":"True Grit","floor":3.0},{"not_picked":["Ghostly Armor","Thunderclap+1"],"picked":"Headbutt+1","floor":6.0},{"not_picked":["Sword Boomerang+1","Body Slam+1"],"picked":"Thunderclap+1","floor":7.0},{"not_picked":["Shockwave","Power Through"],"picked":"Rampage+1","floor":8.0},{"not_picked":["Shrug It Off","Shockwave"],"picked":"Rampage+1","floor":11.0},{"not_picked":["Warcry","True Grit"],"picked":"Wild Strike+1","floor":12.0},{"not_picked":["Armaments","Rupture"],"picked":"Power Through","floor":14.0},{"not_picked":["Barricade","Berserk"],"picked":"Reaper+1","floor":16.0},{"not_picked":["Second Wind","Evolve"],"picked":"Warcry","floor":18.0},{"not_picked":["Second Wind","Evolve","Warcry"],"picked":"SKIP","floor":20.0},{"not_picked":["Entrench","Havoc"],"picked":"Thunderclap+1","floor":22.0},{"not_picked":["Second Wind","Warcry"],"picked":"Reaper+1","floor":23.0},{"not_picked":["Pummel+1","Thunderclap+1"],"picked":"Anger+1","floor":30.0},{"not_picked":["Reaper+1","Impervious"],"picked":"Double Tap","floor":33.0},{"not_picked":["Flex","Clothesline+1"],"picked":"Shrug It Off+1","floor":35.0},{"not_picked":["Second Wind","Warcry"],"picked":"Evolve+1","floor":36.0},{"not_picked":["Hemokinesis+1","True Grit+1"],"picked":"Cleave+1","floor":37},{"not_picked":["Twin Strike+1","Shrug It Off","Bloodletting+1"],"picked":"SKIP","floor":38},{"not_picked":["Havoc+1","Thunderclap+1","Anger+1"],"picked":"SKIP","floor":39},{"not_picked":["Feed+1","Infernal Blade"],"picked":"Metallicize+1","floor":40},{"not_picked":["Warcry+1","Havoc","Sword Boomerang+1"],"picked":"SKIP","floor":42},{"not_picked":["Flex+1","Fiend Fire+1","Iron Wave+1"],"picked":"SKIP","floor":44},{"not_picked":["Metallicize+1","Dual Wield+1"],"picked":"Pommel Strike+1","floor":45},{"not_picked":["Flex+1","Sever Soul+1"],"picked":"Body Slam+1","floor":47},{"not_picked":["Armaments","Headbutt+1","Shockwave+1"],"picked":"SKIP","floor":54}],"player_experience":1055892,"relics_obtained":[{"floor":5.0,"key":"Happy Flower"},{"floor":7.0,"key":"Toy Ornithopter"},{"floor":9.0,"key":"Potion Belt"},{"floor":12.0,"key":"Gremlin Horn"},{"floor":23.0,"key":"Blood Vial"},{"floor":25.0,"key":"Frozen Egg 2"},{"floor":26.0,"key":"Ornamental Fan"},{"floor":37,"key":"Old Coin"},{"floor":40,"key":"Ancient Tea Set"},{"floor":43,"key":"MealTicket"},{"floor":45,"key":"HornCleat"},{"floor":47,"key":"Gambling Chip"},{"floor":54,"key":"Pear"}],"event_choices":[{"damage_healed":0.0,"max_hp_gain":5.0,"max_hp_loss":0.0,"gold_gain":0.0,"event_name":"Big Fish","player_choice":"Donut","floor":2.0,"gold_loss":0.0,"damage_taken":0.0},{"damage_healed":0.0,"max_hp_gain":0.0,"max_hp_loss":0.0,"gold_gain":0.0,"event_name":"Scrap Ooze","player_choice":"Success","floor":4.0,"gold_loss":0.0,"damage_taken":3.0,"relics_obtained":["Molten Egg 2"]},{"damage_healed":0.0,"max_hp_gain":0.0,"max_hp_loss":0.0,"gold_gain":0.0,"event_name":"Shining Light","player_choice":"Entered Light","floor":10.0,"gold_loss":0.0,"damage_taken":19.0,"cards_upgraded":["True Grit","Strike_R"]},{"damage_healed":0.0,"max_hp_gain":0.0,"max_hp_loss":0.0,"gold_gain":0.0,"event_name":"Ghosts","player_choice":"Ignored","floor":19.0,"gold_loss":0.0,"damage_taken":0.0},{"damage_healed":0.0,"max_hp_gain":0.0,"max_hp_loss":0.0,"gold_gain":0.0,"cards_transformed":["Power Through","Warcry"],"event_name":"Drug Dealer","player_choice":"Became Test Subject","floor":29.0,"gold_loss":0.0,"damage_taken":0.0,"cards_obtained":["Inflame","Shockwave"]},{"damage_healed":0.0,"max_hp_gain":0.0,"max_hp_loss":0.0,"gold_gain":0.0,"event_name":"The Mausoleum","player_choice":"Ignored","floor":31.0,"gold_loss":0.0,"damage_taken":0.0},{"damage_healed":0.0,"max_hp_gain":0.0,"max_hp_loss":0.0,"gold_gain":0.0,"event_name":"Mysterious Sphere","player_choice":"Fight","floor":37.0,"gold_loss":0.0,"damage_taken":0.0},{"damage_healed":0,"gold_gain":0,"player_choice":"Fight","damage_taken":0,"max_hp_gain":0,"max_hp_loss":0,"event_name":"MindBloom","floor":47,"gold_loss":0}],"is_beta":false,"boss_relics":[{"not_picked":["Empty Cage","Fusion Hammer"],"picked":"Cursed Key"},{"not_picked":["Mark of Pain","Busted Crown"],"picked":"Philosopher\u0027s Stone"}],"items_purged_floors":[],"is_endless":false,"potions_floor_spawned":[1,8,12,14,16,18,20,23,33,36,40,47,54],"killed_by":"The Heart","ascension_level":0}}