{"host":"42xf941fomyavgzy","time":1613267210,"event":{"mods":["Act Like it!","Astrologer","BaseMod","Colored Map","Minty Spire (QoL Compilation)","Shop Mod","StSLib","SuperFastMode","The Cursed"],"gold_per_floor":[115,115,115,133,153,153,172,191,218,248,264,276,276,308,308,406,406,346,346,346,346],"floor_reached":20,"language":"JPN","playtime":1255,"items_purged":[],"score":235,"play_id":"5e34ff50-2819-4141-9d79-55554e9c2015","local_time":"20210214104650","is_ascension_mode":true,"campfire_choices":[{"data":"CrushJoints","floor":6,"key":"SMITH"},{"data":"TalkToTheHand","floor":13,"key":"SMITH"},{"data":"Tantrum","floor":15,"key":"SMITH"}],"circlet_count":0,"master_deck":["Strike_P","Strike_P","Strike_P","Strike_P","Defend_P","Defend_P","Defend_P","Eruption","Vigilance","Blasphemy","CrushJoints+1","Meditate","Wallop","TalkToTheHand+1","Tantrum+1","ConjureBlade","ThirdEye","CrushJoints","LikeWater","Vault","Protect","BowlingBash"],"relics":["PureWater","Darkstone Periapt","Smiling Mask","Nunchaku","Bottled Lightning","Ectoplasm"],"acts_visited":["Exordium","TheCity"],"potions_floor_usage":[10,11,14,16,16],"damage_taken":[{"damage":0,"enemies":"Jaw Worm","floor":1,"turns":2},{"damage":1,"enemies":"Cultist","floor":4,"turns":4},{"damage":0,"enemies":"2 Louse","floor":5,"turns":2},{"damage":1,"enemies":"Red Slaver","floor":7,"turns":2},{"damage":0,"enemies":"Looter","floor":8,"turns":3},{"damage":20,"enemies":"Lagavulin","floor":10,"turns":4},{"damage":0,"enemies":"3 Louse","floor":11,"turns":2},{"damage":1,"enemies":"2 Fungi Beasts","floor":12,"turns":2},{"damage":18,"enemies":"3 Sentries","floor":14,"turns":7},{"damage":21,"enemies":"The Guardian","floor":16,"turns":9},{"damage":26,"enemies":"2 Thieves","floor":18,"turns":4},{"damage":27,"enemies":"Spheric Guardian","floor":19,"turns":7},{"damage":4,"enemies":"Snake Plant","floor":20,"turns":1}],"seed_played":"-2528978305230046340","potions_obtained":[{"floor":1,"key":"Regen Potion"},{"floor":5,"key":"Dexterity Potion"},{"floor":8,"key":"Explosive Potion"},{"floor":12,"key":"BottledMiracle"},{"floor":14,"key":"AttackPotion"}],"is_trial":false,"path_per_floor":["M","?","T","M","M","R","M","M","T","E","M","M","R","E","R","B",null,"M","M","M"],"character_chosen":"WATCHER","items_purchased":[],"campfire_rested":0,"item_purchase_floors":[],"current_hp_per_floor":[72,65,65,64,64,64,63,63,63,52,52,51,51,33,33,12,57,31,4,0,0],"gold":346,"neow_bonus":"ONE_RANDOM_RARE_CARD","is_daily":false,"chose_seed":false,"campfire_upgraded":3,"win_rate":0.0,"timestamp":1613267210,"path_taken":["M","?","?","M","?","R","M","M","T","E","M","M","R","E","R","BOSS","M","M","?"],"items_purchased_type":[],"build_version":"2020-12-22","purchased_purges":0,"victory":false,"max_hp_per_floor":[72,72,72,72,72,72,72,72,72,72,72,72,72,72,72,72,72,72,72,72,72],"card_choices":[{"not_picked":["WreathOfFlame","FlyingSleeves"],"picked":"CrushJoints","floor":1},{"not_picked":["WreathOfFlame","CrushJoints"],"picked":"Meditate","floor":4},{"not_picked":["CarveReality","EmptyBody"],"picked":"Wallop","floor":5},{"not_picked":["Perseverance","Halt"],"picked":"TalkToTheHand","floor":7},{"not_picked":["Worship","ThirdEye"],"picked":"Tantrum","floor":8},{"not_picked":["Worship","CutThroughFate"],"picked":"ConjureBlade","floor":10},{"not_picked":["Evaluate","CutThroughFate"],"picked":"ThirdEye","floor":11},{"not_picked":["Crescendo","Swivel"],"picked":"CrushJoints","floor":12},{"not_picked":["SignatureMove","CrushJoints"],"picked":"LikeWater","floor":14},{"not_picked":["Omniscience","Alpha"],"picked":"Vault","floor":16},{"not_picked":["ClearTheMind","LikeWater+1"],"picked":"Protect","floor":18},{"not_picked":["Study","Crescendo"],"picked":"BowlingBash","floor":19}],"player_experience":488071,"relics_obtained":[{"floor":3,"key":"Darkstone Periapt"},{"floor":9,"key":"Smiling Mask"},{"floor":10,"key":"Nunchaku"},{"floor":14,"key":"Bottled Lightning"}],"event_choices":[{"cards_removed":["Defend_P"],"damage_healed":0,"gold_gain":0,"player_choice":"Card Removal","damage_taken":7,"max_hp_gain":0,"max_hp_loss":0,"event_name":"Golden Wing","floor":2,"gold_loss":0}],"is_beta":false,"boss_relics":[{"not_picked":["Fusion Hammer","Velvet Choker"],"picked":"Ectoplasm"}],"items_purged_floors":[],"is_endless":false,"potions_floor_spawned":[1,5,8,12,14],"killed_by":"Snake Plant","ascension_level":5}}