{"host":"i4d8tgqbnmcnjm0a","time":1613262691,"event":{"mods":["BaseMod","Keyboard Shortcuts","Minty Spire (QoL Compilation)"],"gold_per_floor":[111,111,131,151,171,205,216,216,290,290,304,304,347,347,347,476,476,491,94,94,112,22,56,75,94,94,94,94,94,40,60,60,183,183,197,218,218,233,246,287,287,318,330,342,387,422,434,459,471,483,483],"floor_reached":50,"language":"ENG","playtime":6389,"items_purged":["Strike_G"],"score":677,"play_id":"1d9ce47b-c1f3-495a-8cd6-5f362e19d919","local_time":"20210213193131","is_ascension_mode":true,"campfire_choices":[{"floor":8,"key":"REST"},{"data":"Noxious Fumes","floor":10,"key":"SMITH"},{"floor":15,"key":"REST"},{"floor":29,"key":"REST"},{"floor":32,"key":"REST"},{"floor":41,"key":"REST"},{"floor":44,"key":"REST"},{"floor":49,"key":"REST"}],"circlet_count":0,"master_deck":["Strike_G","Strike_G","Defend_G","Defend_G","Defend_G","Defend_G","Survivor","Neutralize","Backstab","Bouncing Flask","Escape Plan+1","Noxious Fumes+1","Footwork","Distraction","Tools of the Trade","PiercingWail+1","Noxious Fumes","Writhe","Malaise","Dash","Crippling Poison","Escape Plan","Deflect","Burst","PiercingWail+1","Deflect+1","Bandage Up"],"relics":["Ring of the Serpent","NeowsBlessing","PreservedInsect","Shovel","White Beast Statue","Golden Idol","Snake Skull","Lantern","Mercury Hourglass","Bag of Preparation","Enchiridion","Empty Cage","Happy Flower","MawBank","Bottled Tornado","Centennial Puzzle"],"acts_visited":["Exordium","TheCity","TheBeyond"],"potions_floor_usage":[6,13,16,16,18,21,23,24,33,33,35,38,38,39,39,40,42,46,50,50,50],"damage_taken":[{"damage":0,"enemies":"Jaw Worm","floor":1,"turns":1},{"damage":0,"enemies":"2 Louse","floor":3,"turns":1},{"damage":0,"enemies":"Small Slimes","floor":4,"turns":1},{"damage":3,"enemies":"Blue Slaver","floor":5,"turns":4},{"damage":19,"enemies":"3 Sentries","floor":6,"turns":5},{"damage":14,"enemies":"Looter","floor":7,"turns":3},{"damage":13,"enemies":"Lots of Slimes","floor":11,"turns":4},{"damage":0,"enemies":"Gremlin Nob","floor":13,"turns":4},{"damage":17,"enemies":"Slime Boss","floor":16,"turns":7},{"damage":15,"enemies":"Spheric Guardian","floor":18,"turns":4},{"damage":11,"enemies":"Shell Parasite","floor":21,"turns":4},{"damage":11,"enemies":"Gremlin Leader","floor":23,"turns":5},{"damage":3,"enemies":"3 Cultists","floor":24,"turns":4},{"damage":6,"enemies":"Sentry and Sphere","floor":25,"turns":5},{"damage":0,"enemies":"Chosen and Byrds","floor":31,"turns":4},{"damage":26,"enemies":"Champ","floor":33,"turns":11},{"damage":2,"enemies":"3 Darklings","floor":35,"turns":5},{"damage":8,"enemies":"3 Shapes","floor":36,"turns":5},{"damage":18,"enemies":"Jaw Worm Horde","floor":38,"turns":6},{"damage":18,"enemies":"Transient","floor":39,"turns":5},{"damage":1,"enemies":"Nemesis","floor":40,"turns":7},{"damage":27,"enemies":"Reptomancer","floor":42,"turns":8},{"damage":15,"enemies":"Giant Head","floor":45,"turns":9},{"damage":0,"enemies":"Maw","floor":46,"turns":8},{"damage":0,"enemies":"Spire Growth","floor":48,"turns":6},{"damage":56,"enemies":"Awakened One","floor":50,"turns":10}],"seed_played":"2808883464138015461","potions_obtained":[{"floor":3,"key":"LiquidBronze"},{"floor":5,"key":"CunningPotion"},{"floor":6,"key":"Dexterity Potion"},{"floor":11,"key":"Block Potion"},{"floor":13,"key":"Fire Potion"},{"floor":16,"key":"GamblersBrew"},{"floor":18,"key":"GamblersBrew"},{"floor":21,"key":"CunningPotion"},{"floor":23,"key":"Energy Potion"},{"floor":24,"key":"FearPotion"},{"floor":25,"key":"PowerPotion"},{"floor":33,"key":"DistilledChaos"},{"floor":35,"key":"Poison Potion"},{"floor":36,"key":"SteroidPotion"},{"floor":38,"key":"AttackPotion"},{"floor":39,"key":"Block Potion"},{"floor":40,"key":"GamblersBrew"},{"floor":42,"key":"Poison Potion"},{"floor":45,"key":"Energy Potion"},{"floor":46,"key":"CultistPotion"},{"floor":48,"key":"Swift Potion"}],"is_trial":false,"path_per_floor":["M","?","M","M","M","E","M","R","T","R","M","?","E","?","R","B",null,"M","$","?","M","?","E","M","M","T","?","?","R","$","M","R","B",null,"M","M","?","M","M","E","R","E","T","R","E","M","?","M","R","B"],"character_chosen":"THE_SILENT","items_purchased":["Lantern","GhostInAJar","Noxious Fumes","Deflect"],"campfire_rested":7,"item_purchase_floors":[19,19,19,30],"current_hp_per_floor":[70,67,67,67,64,45,31,52,52,52,39,39,39,39,60,43,70,55,55,55,44,44,33,30,24,24,24,8,29,29,29,50,24,70,68,60,60,42,24,23,44,17,17,38,23,23,23,27,48,0,0],"gold":483,"neow_bonus":"THREE_ENEMY_KILL","is_daily":false,"chose_seed":false,"campfire_upgraded":1,"win_rate":0.0,"timestamp":1613262691,"path_taken":["M","?","M","M","M","E","M","R","T","R","M","?","E","?","R","BOSS","M","$","?","M","?","E","?","M","T","?","?","R","?","M","R","BOSS","M","M","?","M","M","E","R","E","T","R","E","M","?","M","R","BOSS"],"items_purchased_type":["Relic","Potion","Card","Card"],"build_version":"2020-12-22","purchased_purges":1,"victory":false,"max_hp_per_floor":[70,70,70,70,70,70,70,70,70,70,70,70,70,70,70,70,70,70,70,70,70,70,70,70,70,70,70,70,70,70,70,70,70,70,70,70,70,70,70,70,70,70,70,70,70,70,70,70,70,70,70],"card_choices":[{"not_picked":["Underhanded Strike","Dodge and Roll"],"picked":"Backstab","floor":1},{"not_picked":["Masterful Stab","Tactician"],"picked":"Bouncing Flask","floor":3},{"not_picked":["Sucker Punch","Flying Knee"],"picked":"Escape Plan","floor":4},{"not_picked":["Acrobatics","Deflect"],"picked":"Noxious Fumes","floor":5},{"not_picked":["Blur","Distraction"],"picked":"Footwork","floor":6},{"not_picked":["Dagger Spray","Catalyst","Slice"],"picked":"SKIP","floor":7},{"not_picked":["Accuracy","Skewer","Blade Dance"],"picked":"SKIP","floor":11},{"not_picked":["Wraith Form v2","Deadly Poison"],"picked":"Distraction","floor":13},{"not_picked":["Wraith Form v2","Bullet Time"],"picked":"Tools of the Trade","floor":16},{"not_picked":["Dodge and Roll","Finisher+1"],"picked":"PiercingWail+1","floor":18},{"not_picked":["Cloak And Dagger","Masterful Stab","Slice+1"],"picked":"SKIP","floor":21},{"not_picked":["PiercingWail+1","Backstab"],"picked":"Malaise","floor":23},{"not_picked":["Outmaneuver+1","Finisher"],"picked":"Dash","floor":24},{"not_picked":["Acrobatics","Blade Dance"],"picked":"Crippling Poison","floor":25},{"not_picked":["Expertise","Acrobatics","Quick Slash+1"],"picked":"SKIP","floor":31},{"not_picked":["Adrenaline","Tools of the Trade"],"picked":"Burst","floor":33},{"not_picked":["Slice+1","Deadly Poison+1","Bane+1"],"picked":"SKIP","floor":35},{"not_picked":["Sucker Punch","Cloak And Dagger+1"],"picked":"PiercingWail+1","floor":36},{"not_picked":["Flechettes","Sucker Punch+1","Blade Dance"],"picked":"SKIP","floor":38},{"not_picked":["Caltrops","Sucker Punch+1","Deadly Poison+1"],"picked":"SKIP","floor":39},{"not_picked":["Dodge and Roll","Heel Hook"],"picked":"Deflect+1","floor":40},{"not_picked":["Storm of Steel","Flechettes+1","Endless Agony+1"],"picked":"SKIP","floor":42},{"not_picked":["Dagger Spray+1","Predator+1","Heel Hook"],"picked":"SKIP","floor":45},{"not_picked":["Cloak And Dagger+1","Calculated Gamble+1","Choke+1"],"picked":"SKIP","floor":46},{"not_picked":["Secret Weapon","Master of Strategy"],"picked":"Bandage Up","floor":47},{"not_picked":["Flying Knee+1","Slice+1","Calculated Gamble+1"],"picked":"SKIP","floor":48}],"player_experience":304506,"relics_obtained":[{"floor":6,"key":"Shovel"},{"floor":9,"key":"White Beast Statue"},{"floor":13,"key":"Snake Skull"},{"floor":23,"key":"Bag of Preparation"},{"floor":28,"key":"Enchiridion"},{"floor":40,"key":"Happy Flower"},{"floor":42,"key":"MawBank"},{"floor":43,"key":"Bottled Tornado"},{"floor":45,"key":"Centennial Puzzle"}],"event_choices":[{"damage_healed":0,"gold_gain":0,"player_choice":"Success","damage_taken":3,"relics_obtained":["PreservedInsect"],"max_hp_gain":0,"max_hp_loss":0,"event_name":"Scrap Ooze","floor":2,"gold_loss":0},{"damage_healed":0,"gold_gain":0,"player_choice":"Take Wound","damage_taken":0,"relics_obtained":["Golden Idol"],"max_hp_gain":0,"max_hp_loss":0,"event_name":"Golden Idol","floor":12,"gold_loss":0,"cards_obtained":["Injury"]},{"cards_removed":["Injury"],"damage_healed":0,"gold_gain":0,"player_choice":"Forget","damage_taken":0,"max_hp_gain":0,"max_hp_loss":0,"event_name":"Living Wall","floor":14,"gold_loss":0},{"damage_healed":0,"gold_gain":0,"player_choice":"Opened","damage_taken":0,"relics_obtained":["Mercury Hourglass"],"max_hp_gain":0,"max_hp_loss":0,"event_name":"The Mausoleum","floor":20,"gold_loss":0,"cards_obtained":["Writhe"]},{"cards_removed":["Defend_G"],"damage_healed":0,"gold_gain":0,"player_choice":"Upgrade and Remove","damage_taken":0,"max_hp_gain":0,"max_hp_loss":0,"event_name":"Designer","floor":22,"gold_loss":90,"cards_upgraded":["Escape Plan"]},{"damage_healed":0,"gold_gain":0,"player_choice":"Read","damage_taken":0,"max_hp_gain":0,"max_hp_loss":0,"event_name":"The Library","floor":27,"gold_loss":0,"cards_obtained":["Escape Plan"]},{"damage_healed":0,"gold_gain":0,"player_choice":"Obtained Book","damage_taken":16,"max_hp_gain":0,"max_hp_loss":0,"event_name":"Cursed Tome","floor":28,"gold_loss":0},{"damage_healed":0,"gold_gain":0,"player_choice":"Ignored","damage_taken":0,"max_hp_gain":0,"max_hp_loss":0,"event_name":"Tomb of Lord Red Mask","floor":37,"gold_loss":0},{"damage_healed":0,"gold_gain":0,"player_choice":"Memory 1","damage_taken":0,"max_hp_gain":0,"max_hp_loss":0,"event_name":"SensoryStone","floor":47,"gold_loss":0}],"is_beta":false,"boss_relics":[{"not_picked":["Tiny House","Sozu"],"picked":"Ring of the Serpent"},{"not_picked":["Snecko Eye","Black Star"],"picked":"Empty Cage"}],"items_purged_floors":[19],"is_endless":false,"potions_floor_spawned":[3,5,6,11,13,16,18,21,23,24,25,31,33,35,36,38,39,40,42,45,46,48],"killed_by":"Awakened One","ascension_level":3}}