{"host":"y4fuci1jk2rsxnep","time":1613300249,"event":{"mods":["AchievementEnabler","BaseMod","Colored Powertips","Custom Start","Defuse TimeMaze Blight","Dio Mod","Downfall","Hermit","Hero for Fun","Hubris","Hunter ??","Infinite Spire","Minty Spire (QoL Compilation)","Quick Restart","Reliquary","Remove Card Discount Mod","Replay The Spire","StSLib","The Blackbeard","The Bug Knight","The Mystic","The Runesmith"],"gold_per_floor":[112,112,124,124,44,44,71,71,71,85,85,119,131,154,154,257,257,275,275,275,294,143,153,153,173,198,198,226,241,241,259,259,259,259],"floor_reached":33,"language":"ENG","playtime":3788,"items_purged":[],"score":300,"play_id":"6fa19e3c-2f01-465a-9211-cfc01cf407b2","local_time":"20210214115729","is_ascension_mode":false,"campfire_choices":[{"data":"HollowMod:Weaversong","floor":6,"key":"SMITH"},{"floor":15,"key":"REST"},{"data":"HollowMod:VoidDash","floor":24,"key":"SMITH"},{"data":"HollowMod:HuntersJournal","floor":27,"key":"SMITH"},{"data":"HollowMod:ChannelNail","floor":32,"key":"SMITH"}],"circlet_count":0,"master_deck":["HollowMod:NailStrikeStart","HollowMod:NailStrikeStart","HollowMod:NailStrikeStart","HollowMod:NailStrikeStart","HollowMod:QuickDashStart","HollowMod:QuickDashStart","HollowMod:QuickDashStart","HollowMod:QuickDashStart","HollowMod:FocusHealStart","HollowMod:PogoStrike","HollowMod:CloakDash","HollowMod:DoubleDash","HollowMod:Weaversong+1","HollowMod:DesolateDive","HollowMod:VengefulSpirit","HollowMod:HuntersJournal+1","HollowMod:VoidDash+1","HollowMod:MidwifesHunger","HollowMod:CycloneSlash","HollowMod:MylasSalvation","HollowMod:CloakDash","HollowMod:TaintedHusks+1","HollowMod:SoulStrike","HollowMod:WraithStrike","HollowMod:ChannelNail+1"],"relics":["HollowMod:VesselMask","NeowsBlessing","Replay:Baseball","Dream Catcher","Iron Hammer","Guardian:PocketSentry","Sozu","Sling","Pen Nib","reliquary:SharkskinSheath"],"acts_visited":["Exordium","TheCity"],"potions_floor_usage":[28,33],"damage_taken":[{"damage":0,"enemies":"2 Louse","floor":1,"turns":1},{"damage":0,"enemies":"Cultist","floor":3,"turns":1},{"damage":0,"enemies":"Gremlin Nob","floor":7,"turns":1},{"damage":0,"enemies":"Small Slimes","floor":10,"turns":3},{"damage":10,"enemies":"3 Sentries","floor":12,"turns":7},{"damage":0,"enemies":"3 Louse","floor":13,"turns":2},{"damage":21,"enemies":"HollowMod:FalseKnight","floor":16,"turns":8},{"damage":0,"enemies":"Shell Parasite","floor":18,"turns":3},{"damage":0,"enemies":"Spheric Guardian","floor":21,"turns":3},{"damage":18,"enemies":"Snake Plant","floor":23,"turns":4},{"damage":24,"enemies":"Cultist and Chosen","floor":25,"turns":5},{"damage":1,"enemies":"Slavers","floor":28,"turns":4},{"damage":13,"enemies":"Centurion and Healer","floor":29,"turns":5},{"damage":0,"enemies":"Snake Plant","floor":31,"turns":3},{"damage":52,"enemies":"hubris:MusketHawk","floor":33,"turns":7}],"seed_played":"2109541980916836787","potions_obtained":[{"floor":1,"key":"Swift Potion"},{"floor":3,"key":"ColorlessPotion"},{"floor":10,"key":"bronze:BurnAndBuffPotion"}],"is_trial":false,"path_per_floor":["M","$","M","?","$","R","E","$","T","M","?","E","M","T","R","B",null,"M","?","?","M","$","M","R","M","T","R","E","M","?","M","R","B"],"character_chosen":"THE_BUGKNIGHT","items_purchased":["HollowMod:Weaversong","Sling"],"campfire_rested":1,"item_purchase_floors":[5,22],"current_hp_per_floor":[75,75,75,75,75,75,75,75,75,75,75,71,75,75,75,54,75,75,75,75,75,75,57,57,39,39,39,38,35,35,41,41,0,0],"gold":259,"neow_bonus":"THREE_ENEMY_KILL","is_daily":false,"chose_seed":false,"campfire_upgraded":4,"win_rate":0.0,"timestamp":1613300249,"path_taken":["M","$","M","?","$","R","E","?","T","M","?","E","M","?","R","BOSS","M","?","?","M","$","M","R","M","T","R","E","M","?","M","R","BOSS"],"items_purchased_type":["Card","Relic"],"build_version":"2020-12-22","purchased_purges":0,"victory":false,"max_hp_per_floor":[75,75,75,75,75,75,75,75,75,75,75,75,75,75,75,75,75,75,75,75,75,75,75,75,75,75,75,75,75,75,75,75,75,75],"card_choices":[{"not_picked":["HollowMod:CoiledNail","HollowMod:SoulEater"],"picked":"HollowMod:CloakDash","floor":1},{"not_picked":["HollowMod:CrystalDash","HollowMod:TaintedHusks"],"picked":"HollowMod:DoubleDash","floor":3},{"not_picked":["HollowMod:HeavyBlow","HollowMod:InfectionAssault"],"picked":"HollowMod:DesolateDive","floor":7},{"not_picked":["HollowMod:PureNailStrike","HollowMod:CrystalDash"],"picked":"HollowMod:VengefulSpirit","floor":10},{"not_picked":["HollowMod:BlackTendrils","HollowMod:InfectedAttack"],"picked":"HollowMod:HuntersJournal","floor":12},{"not_picked":["HollowMod:SharpenedShadows","HollowMod:DreamGate","HollowMod:NewLittleFool"],"picked":"SKIP","floor":13},{"not_picked":["HollowMod:ShapeofUnn","HollowMod:SiblingsShadow"],"picked":"HollowMod:VoidDash","floor":15},{"not_picked":["HollowMod:ElderbugsWisdom","HollowMod:NewInfectedGuardian"],"picked":"HollowMod:MidwifesHunger","floor":16},{"not_picked":["HollowMod:HowlingWraiths","HollowMod:ShadowDash+1"],"picked":"HollowMod:CycloneSlash","floor":18},{"not_picked":["HollowMod:SoulStrike","HollowMod:InfectedAttack"],"picked":"HollowMod:CloakDash","floor":21},{"not_picked":["HollowMod:ShadowDash","HollowMod:Hiveblood"],"picked":"HollowMod:TaintedHusks+1","floor":23},{"not_picked":["HollowMod:LifebloodCocoon","HollowMod:SiblingsSouls"],"picked":"HollowMod:SoulStrike","floor":25},{"not_picked":["HollowMod:ChannelNail","HollowMod:Grubsong"],"picked":"HollowMod:WraithStrike","floor":28},{"not_picked":["HollowMod:SharpenedShadows+1","HollowMod:SiblingsShadow","HollowMod:ShadowDash"],"picked":"SKIP","floor":29},{"not_picked":["HollowMod:LifebloodCocoon","HollowMod:QuirrelsAssistance"],"picked":"HollowMod:ChannelNail","floor":31}],"player_experience":549759,"relics_obtained":[{"floor":4,"key":"Replay:Baseball"},{"floor":7,"key":"Dream Catcher"},{"floor":9,"key":"Iron Hammer"},{"floor":14,"key":"Guardian:PocketSentry"},{"floor":26,"key":"Pen Nib"},{"floor":28,"key":"reliquary:SharkskinSheath"}],"event_choices":[{"damage_healed":0,"gold_gain":0,"player_choice":"Relic","damage_taken":0,"max_hp_gain":0,"max_hp_loss":0,"event_name":"Wheel of Change","floor":4,"gold_loss":0},{"damage_healed":0,"gold_gain":0,"player_choice":"Ignored","damage_taken":0,"max_hp_gain":0,"max_hp_loss":0,"event_name":"Ghosts","floor":19,"gold_loss":0}],"is_beta":false,"boss_relics":[{"not_picked":["SacredBark","Kintsugi"],"picked":"Sozu"}],"items_purged_floors":[],"is_endless":false,"potions_floor_spawned":[1,3,10,13,18,28,29,31],"killed_by":"hubris:MusketHawk","ascension_level":0}}