{"host":"zxd2l8an9de7z7b9","time":1613320044,"event":{"mods":["2.2 Compatiblity","AchievementEnabler","BaseMod","CapriCore","Colored Map","Colored Powertips","Minty Spire (QoL Compilation)","Rare Cards Sparkle","StSLib","SuperFastMode"],"gold_per_floor":[117,117,128,303,228,228,228,228,228,244,269,269,269,285,285,388,388,402,422,441,441,0,0,19,45,100,129,161,184,296,334,346,453,465,489,501,529,541,203,235,9,28,28,55,55,84,84,103,103,103],"floor_reached":51,"language":"KOR","playtime":2171,"items_purged":["Doubt","Strike_R","Perfected Strike+1","Strike_R"],"score":1217,"play_id":"c6034bf4-4936-46da-896e-782fbfadc2c7","local_time":"20210215012724","is_ascension_mode":true,"campfire_choices":[{"data":"Perfected Strike","floor":6.0,"key":"SMITH"},{"data":"Bash","floor":8.0,"key":"SMITH"},{"data":"Barricade","floor":15.0,"key":"SMITH"},{"data":"Body Slam","floor":23.0,"key":"SMITH"},{"data":"True Grit","floor":32,"key":"SMITH"},{"data":"Entrench","floor":45,"key":"SMITH"},{"data":"Offering","floor":47,"key":"SMITH"},{"data":"Sentinel","floor":49,"key":"SMITH"}],"circlet_count":0,"master_deck":["Strike_R","Strike_R","Strike_R","Defend_R","Defend_R","Defend_R","Bash+1","True Grit+1","Barricade+1","Uppercut+1","Impervious","Flame Barrier+1","Impervious","Body Slam+1","Ghostly Armor","Intimidate+1","Offering+1","Shrug It Off+1","Sentinel+1","Entrench+1","Sentinel+1","Pommel Strike+1"],"relics":["Burning Blood","NeowsBlessing","CaptainsWheel","HornCleat","Mummified Hand","White Beast Statue","Runic Cube","Pantograph","Paper Frog","Lantern","MawBank","FossilizedHelix","InkBottle","Letter Opener","SlaversCollar","Bag of Marbles","TungstenRod","Membership Card","Oddly Smooth Stone","Vajra","Gambling Chip"],"acts_visited":["Exordium","TheCity","TheBeyond"],"potions_floor_usage":[30,30,31,31,35],"damage_taken":[{"damage":0.0,"enemies":"2 Louse","floor":1.0,"turns":1.0},{"damage":0.0,"enemies":"Jaw Worm","floor":3.0,"turns":1.0},{"damage":0.0,"enemies":"Small Slimes","floor":10.0,"turns":1.0},{"damage":0.0,"enemies":"Gremlin Nob","floor":11.0,"turns":3.0},{"damage":6.0,"enemies":"Exordium Wildlife","floor":14.0,"turns":4.0},{"damage":59.0,"enemies":"The Guardian","floor":16.0,"turns":11.0},{"damage":7.0,"enemies":"Chosen","floor":18.0,"turns":6.0},{"damage":38.0,"enemies":"3 Byrds","floor":19.0,"turns":10.0},{"damage":0.0,"enemies":"Centurion and Healer","floor":20.0,"turns":12.0},{"damage":20.0,"enemies":"Sentry and Sphere","floor":24.0,"turns":24.0},{"damage":7.0,"enemies":"Slavers","floor":25.0,"turns":6.0},{"damage":17.0,"enemies":"Gremlin Leader","floor":27.0,"turns":4.0},{"damage":8.0,"enemies":"Shelled Parasite and Fungi","floor":28.0,"turns":8.0},{"damage":3.0,"enemies":"Centurion and Healer","floor":29.0,"turns":7.0},{"damage":10,"enemies":"Colosseum Slavers","floor":30,"turns":6},{"damage":0,"enemies":"Colosseum Nobs","floor":30,"turns":7},{"damage":0,"enemies":"Slavers","floor":31,"turns":7},{"damage":0,"enemies":"Champ","floor":33,"turns":11},{"damage":1,"enemies":"3 Darklings","floor":35,"turns":6},{"damage":0,"enemies":"Orb Walker","floor":37,"turns":5},{"damage":0,"enemies":"Nemesis","floor":40,"turns":3},{"damage":5,"enemies":"Jaw Worm Horde","floor":42,"turns":9},{"damage":0,"enemies":"Reptomancer","floor":44,"turns":17},{"damage":0,"enemies":"Nemesis","floor":46,"turns":13},{"damage":0,"enemies":"Writhing Mass","floor":48,"turns":4},{"damage":0,"enemies":"Time Eater","floor":50,"turns":10}],"seed_played":"4654673462432561780","potions_obtained":[{"floor":3.0,"key":"FearPotion"},{"floor":11.0,"key":"BlessingOfTheForge"},{"floor":14.0,"key":"ColorlessPotion"},{"floor":16.0,"key":"DuplicationPotion"},{"floor":18.0,"key":"DistilledChaos"},{"floor":19.0,"key":"ColorlessPotion"},{"floor":20.0,"key":"PowerPotion"},{"floor":24.0,"key":"AttackPotion"},{"floor":25.0,"key":"BloodPotion"},{"floor":27.0,"key":"Ancient Potion"},{"floor":28.0,"key":"EntropicBrew"},{"floor":29.0,"key":"PowerPotion"},{"floor":30,"key":"Fire Potion"},{"floor":31,"key":"ColorlessPotion"},{"floor":33,"key":"CultistPotion"},{"floor":35,"key":"Ancient Potion"},{"floor":37,"key":"DuplicationPotion"},{"floor":42,"key":"CultistPotion"},{"floor":46,"key":"LiquidMemories"}],"is_trial":false,"path_per_floor":["M","?","M","?","$","R","?","R","T","M","E","T","?","M","R","B",null,"M","M","M","?","$","R","M","E","T","E","M","M","?","E","R","B",null,"M","?","M","?","$","E","$","M","T","E","R","E","R","M","R","B",null],"character_chosen":"IRONCLAD","items_purchased":["Body Slam","Ghostly Armor","Pantograph","Entrench","Bag of Marbles","Membership Card"],"campfire_rested":0,"item_purchase_floors":[22,22,22,39,39,41],"current_hp_per_floor":[80,85,85,85,85,85,78,78,78,84,85,85,78,78,78,25,85,84,52,58,58,58,58,44,43,43,49,47,50,52,58,58,85,85,85,85,85,85,85,85,85,85,85,85,85,85,85,85,85,85],"gold":103,"neow_bonus":"THREE_ENEMY_KILL","is_daily":false,"chose_seed":false,"campfire_upgraded":8,"win_rate":0.0,"timestamp":1613320044,"path_taken":["M","?","M","?","$","R","?","R","T","?","E","?","?","M","R","BOSS","M","M","M","?","$","R","?","E","T","E","M","M","?","E","R","BOSS","M","?","M","?","$","E","$","M","T","E","R","E","R","M","R","BOSS"],"items_purchased_type":["Card","Card","Relic","Card","Relic","Relic"],"build_version":"2020-12-22","purchased_purges":4,"victory":true,"max_hp_per_floor":[80,85,85,85,85,85,85,85,85,85,85,85,85,85,85,85,85,85,85,85,85,85,85,85,85,85,85,85,85,85,85,85,85,85,85,85,85,85,85,85,85,85,85,85,85,85,85,85,85,85],"card_choices":[{"not_picked":["Headbutt","Iron Wave"],"picked":"Perfected Strike","floor":1.0},{"not_picked":["Anger","Clothesline"],"picked":"True Grit","floor":3.0},{"not_picked":["Dropkick","Inflame","Cleave"],"picked":"SKIP","floor":10.0},{"not_picked":["Heavy Blade","Anger"],"picked":"Barricade","floor":11.0},{"not_picked":["Evolve","Intimidate"],"picked":"Uppercut","floor":14.0},{"not_picked":["Immolate","Double Tap"],"picked":"Impervious","floor":16.0},{"not_picked":["Flex+1","Clothesline","Sword Boomerang+1"],"picked":"SKIP","floor":18.0},{"not_picked":["Second Wind","Anger"],"picked":"Flame Barrier+1","floor":19.0},{"not_picked":["Twin Strike","Sever Soul"],"picked":"Impervious","floor":20.0},{"not_picked":["Perfected Strike","Battle Trance"],"picked":"Iron Wave+1","floor":24.0},{"not_picked":["Perfected Strike","Twin Strike+1","Wild Strike+1"],"picked":"SKIP","floor":25.0},{"not_picked":["Barricade","Pommel Strike","Sword Boomerang"],"picked":"SKIP","floor":27.0},{"not_picked":["Perfected Strike","Armaments+1","Rupture"],"picked":"SKIP","floor":28.0},{"not_picked":["Perfected Strike","Armaments+1","Rupture"],"picked":"SKIP","floor":28.0},{"not_picked":["Cleave","Wild Strike+1","Anger"],"picked":"SKIP","floor":29.0},{"not_picked":["Clothesline","Feel No Pain"],"picked":"Intimidate+1","floor":30},{"not_picked":["Twin Strike","Perfected Strike","Infernal Blade"],"picked":"SKIP","floor":31},{"not_picked":["Impervious","Fiend Fire"],"picked":"Offering","floor":33},{"not_picked":["Combust+1","Evolve"],"picked":"Shrug It Off+1","floor":35},{"not_picked":["Second Wind+1","Havoc"],"picked":"Sentinel","floor":37},{"not_picked":["Armaments+1","Thunderclap+1"],"picked":"Sentinel+1","floor":40},{"not_picked":["Heavy Blade","Anger+1","Blood for Blood"],"picked":"SKIP","floor":42},{"not_picked":["Rage+1","Uppercut","Searing Blow"],"picked":"SKIP","floor":44},{"not_picked":["Immolate","Evolve","Shrug It Off"],"picked":"SKIP","floor":46},{"not_picked":["Immolate","Evolve","Shrug It Off"],"picked":"SKIP","floor":46},{"not_picked":["Anger","Uppercut"],"picked":"Pommel Strike+1","floor":48}],"player_experience":346029,"relics_obtained":[{"floor":9.0,"key":"HornCleat"},{"floor":11.0,"key":"Mummified Hand"},{"floor":12.0,"key":"White Beast Statue"},{"floor":25.0,"key":"Paper Frog"},{"floor":26.0,"key":"Lantern"},{"floor":27.0,"key":"MawBank"},{"floor":30,"key":"FossilizedHelix"},{"floor":30,"key":"InkBottle"},{"floor":31,"key":"Letter Opener"},{"floor":40,"key":"TungstenRod"},{"floor":43,"key":"Oddly Smooth Stone"},{"floor":44,"key":"Vajra"},{"floor":46,"key":"Gambling Chip"}],"event_choices":[{"damage_healed":0.0,"max_hp_gain":5.0,"max_hp_loss":0.0,"gold_gain":0.0,"event_name":"Big Fish","player_choice":"Donut","floor":2.0,"gold_loss":0.0,"damage_taken":0.0},{"damage_healed":0.0,"max_hp_gain":0.0,"max_hp_loss":0.0,"gold_gain":175.0,"event_name":"Liars Game","player_choice":"AGREE","floor":4.0,"gold_loss":0.0,"damage_taken":0.0,"cards_obtained":["Doubt"]},{"damage_healed":0.0,"max_hp_gain":0.0,"max_hp_loss":0.0,"gold_gain":0.0,"event_name":"Scrap Ooze","player_choice":"Success","floor":7.0,"gold_loss":0.0,"damage_taken":7.0,"relics_obtained":["CaptainsWheel"]},{"cards_removed":["Defend_R"],"damage_healed":0.0,"max_hp_gain":0.0,"max_hp_loss":0.0,"gold_gain":0.0,"event_name":"Golden Wing","player_choice":"Card Removal","floor":13.0,"gold_loss":0.0,"damage_taken":7.0},{"damage_healed":0.0,"max_hp_gain":0.0,"max_hp_loss":0.0,"gold_gain":0.0,"event_name":"Upgrade Shrine","player_choice":"Upgraded","floor":21.0,"gold_loss":0.0,"damage_taken":0.0,"cards_upgraded":["Uppercut"]},{"damage_healed":0,"gold_gain":0,"player_choice":"Fight","damage_taken":0,"max_hp_gain":0,"max_hp_loss":0,"event_name":"Colosseum","floor":30,"gold_loss":0},{"damage_healed":0,"gold_gain":0,"player_choice":"Fought Nobs","damage_taken":0,"max_hp_gain":0,"max_hp_loss":0,"event_name":"Colosseum","floor":30,"gold_loss":0},{"cards_removed":["Iron Wave"],"damage_healed":0,"gold_gain":0,"player_choice":"Removed Attack","damage_taken":0,"max_hp_gain":0,"max_hp_loss":0,"event_name":"Falling","floor":36,"gold_loss":0},{"damage_healed":0,"gold_gain":0,"player_choice":"Ignored","damage_taken":0,"max_hp_gain":0,"max_hp_loss":0,"event_name":"Tomb of Lord Red Mask","floor":38,"gold_loss":0}],"is_beta":false,"boss_relics":[{"not_picked":["Sozu","Runic Pyramid"],"picked":"Runic Cube"},{"not_picked":["Calling Bell","Busted Crown"],"picked":"SlaversCollar"}],"items_purged_floors":[5,22,39,41],"is_endless":false,"potions_floor_spawned":[3,11,14,16,18,19,20,24,25,27,28,29,30,30,31,33,35,37,40,42,44,46,48],"ascension_level":3}}