{"host":"l7l2v2zs4hqku4vk","time":1613300841,"event":{"mods":["Act Like it!","BaseMod","Colored Powertips","Downfall","Highlight Path","Minty Spire (QoL Compilation)","Replay The Spire","RumiaBox-露米娅的神秘盒子","StSLib","TestMod","The Servant 0.9.4","篝火指南"],"gold_per_floor":[99,99,114,131,148,166,166,166,180,200,200,213,213,313,323,418,418,418,433,497,547,559,571,594,594,608,620,652,652,652,652],"floor_reached":29,"language":"ZHS","playtime":2004,"items_purged":[],"score":268,"play_id":"e5b0bf27-5f3a-4b71-8531-2e96299dcdd0","local_time":"20210214190721","is_ascension_mode":false,"campfire_choices":[{"data":"Slimebound:Split","floor":1,"key":"SMITH"},{"data":"Slimebound:Tackle","floor":8,"key":"SMITH"},{"data":"Slimebound:LivingWall","floor":11,"key":"SMITH"},{"data":"Slimebound:PressTheAttack","floor":13,"key":"SMITH"},{"data":"Slimebound:LevelUp","floor":18,"key":"SMITH"},{"floor":25,"key":"REST"}],"circlet_count":0,"master_deck":["Slimebound:Strike_Slimebound+1","Slimebound:Strike_Slimebound","Slimebound:Strike_Slimebound","Slimebound:Tackle+1","Slimebound:Defend_Slimebound","Slimebound:Defend_Slimebound","Slimebound:Defend_Slimebound","Slimebound:Defend_Slimebound","Slimebound:Split+1","Slimebound:CorrosiveSpit+1","Slimebound:HauntingLick","Slimebound:LivingWall+1","Slimebound:LevelUp+1","Slimebound:PressTheAttack+1","Slimebound:SamplingLick+1","Slimebound:SplitLeeching+1","Slimebound:Gluttony+1","Slimebound:MassFeed","Slimebound:SplitBruiser+1","downfall:Bewildered","Slimebound:Chomp+1","Slimebound:LeechingTouch+1","Slimebound:ItLooksTasty+1","Slimebound:LevelUp","Slimebound:GoopSpray+1"],"relics":["Slimebound:AbsorbEndCombat","testmod-TestBox","testmod-LifeArmor","Quantum Egg","downfall:CloakOfManyFaces","CultistMask","FaceOfCleric","NlothsMask","GremlinMask","SsserpentHead","testmod-BloodSacrificeSpiritualization","sneckomod:BabySnecko","Question Card"],"acts_visited":["Exordium","TheCity"],"potions_floor_usage":[14,14,16,26,28],"damage_taken":[{"damage":12,"enemies":"Jaw Worm","floor":3,"turns":3},{"damage":9,"enemies":"Small Slimes","floor":4,"turns":4},{"damage":4,"enemies":"Cultist","floor":5,"turns":4},{"damage":11,"enemies":"2 Fungi Beasts","floor":6,"turns":4},{"damage":5,"enemies":"downfall:LooterAlt","floor":9,"turns":3},{"damage":0,"enemies":"3 Louse","floor":10,"turns":2},{"damage":10,"enemies":"Exordium Wildlife","floor":12,"turns":5},{"damage":0,"enemies":"downfall:FaceTrader","floor":14,"turns":6},{"damage":2,"enemies":"2 Fungi Beasts","floor":15,"turns":3},{"damage":46,"enemies":"WA_ARCHETYPE_RETAIN","floor":16,"turns":8},{"damage":14,"enemies":"Spheric Guardian","floor":19,"turns":5},{"damage":24,"enemies":"Shell Parasite","floor":20,"turns":5},{"damage":22,"enemies":"Sentry and Sphere","floor":22,"turns":5},{"damage":29,"enemies":"Snecko","floor":23,"turns":4},{"damage":19,"enemies":"3 Cultists","floor":26,"turns":4},{"damage":6,"enemies":"Centurion and Healer","floor":27,"turns":7},{"damage":22,"enemies":"Replay:Snechameleon","floor":28,"turns":5},{"damage":16,"enemies":"Sentry and Sphere","floor":29,"turns":3}],"seed_played":"4760028680942710538","potions_obtained":[{"floor":4,"key":"testmod-SpacePotion"},{"floor":9,"key":"Explosive Potion"},{"floor":12,"key":"Energy Potion"},{"floor":14,"key":"Energy Potion"},{"floor":23,"key":"Explosive Potion"},{"floor":26,"key":"Block Potion"},{"floor":28,"key":"Swift Potion"}],"is_trial":false,"path_per_floor":["R","?","M","M","M","M","T","R","M","M","R","M","R","?","M","B",null,"R","M","M","?","M","M","T","R","M","M","E","M"],"character_chosen":"SLIMEBOUND","items_purchased":[],"campfire_rested":1,"item_purchase_floors":[],"current_hp_per_floor":[71,71,61,58,58,51,51,51,50,52,52,48,48,54,59,22,73,73,64,49,49,33,11,11,35,23,24,11,0,0,0],"gold":652,"neow_bonus":"TEN_PERCENT_HP_BONUS","is_daily":false,"chose_seed":false,"campfire_upgraded":5,"win_rate":0.0,"timestamp":1613300841,"path_taken":["R","?","M","M","M","M","T","R","M","M","R","M","R","?","M","BOSS","R","M","?","?","M","M","T","R","M","M","E","M"],"items_purchased_type":[],"build_version":"2020-12-22","purchased_purges":0,"victory":false,"max_hp_per_floor":[71,71,71,71,71,71,71,71,71,71,71,71,71,71,72,73,73,73,74,75,75,79,80,80,80,81,82,83,83,83,83],"card_choices":[{"not_picked":["Slimebound:Prepare","Slimebound:GoopTackle"],"picked":"Slimebound:HauntingLick","floor":3},{"not_picked":["Slimebound:ComboTackle","Slimebound:ProtectTheBoss"],"picked":"Slimebound:LivingWall","floor":4},{"not_picked":["Slimebound:ItLooksTasty","Slimebound:GoopSpray"],"picked":"Slimebound:LevelUp","floor":5},{"not_picked":["Slimebound:SlimeSpikes","Slimebound:ComboTackle","Slimebound:HauntingLick"],"picked":"SKIP","floor":6},{"not_picked":["Slimebound:TongueLash","Slimebound:LivingWall"],"picked":"Slimebound:PressTheAttack","floor":9},{"not_picked":["Slimebound:LeechingTouch","Slimebound:SlimeSlap"],"picked":"Slimebound:SamplingLick","floor":10},{"not_picked":["Slimebound:Nibble","Slimebound:ComboTackle","Slimebound:GoopTackle"],"picked":"SKIP","floor":12},{"not_picked":["Slimebound:LeechEnergy","Slimebound:FinishingTackle"],"picked":"Slimebound:SplitLeeching","floor":14},{"not_picked":["Slimebound:Schlurp","Slimebound:ForwardTackle"],"picked":"Slimebound:Gluttony","floor":15},{"not_picked":["Slimebound:Teamwork","Slimebound:RallyTheTroops"],"picked":"Slimebound:MassFeed","floor":16},{"not_picked":["Slimebound:GoopTackle","Slimebound:TongueLash"],"picked":"Slimebound:SplitBruiser","floor":19},{"not_picked":["Slimebound:LivingWall","Slimebound:PressTheAttack","Slimebound:GoopTackle"],"picked":"SKIP","floor":20},{"not_picked":["Slimebound:Nibble","Slimebound:RollThrough"],"picked":"Slimebound:Chomp+1","floor":22},{"not_picked":["Slimebound:SplitAcid","Slimebound:SlimeTap+1"],"picked":"Slimebound:LeechingTouch+1","floor":23},{"not_picked":["Slimebound:HauntingLick","Slimebound:SplitBruiser"],"picked":"Slimebound:ItLooksTasty+1","floor":26},{"not_picked":["Slimebound:Repurpose","Slimebound:BestDefense"],"picked":"Slimebound:LevelUp","floor":27},{"not_picked":["Slimebound:LevelUp","Slimebound:SlimeSpikes"],"picked":"Slimebound:GoopSpray","floor":28}],"player_experience":1778407,"relics_obtained":[{"floor":7,"key":"Quantum Egg"},{"floor":14,"key":"downfall:CloakOfManyFaces"},{"floor":28,"key":"Question Card"}],"event_choices":[],"is_beta":false,"boss_relics":[{"not_picked":["ChewingGum","Fusion Hammer"],"picked":"testmod-BloodSacrificeSpiritualization"}],"items_purged_floors":[],"is_endless":false,"potions_floor_spawned":[4,9,12,14,23,26,28],"killed_by":"Sentry and Sphere","ascension_level":0}}