{"host":"dzs26xzxvr8oc34c","time":1613312258,"event":{"mods":["BaseMod","Colored Map","Lobotomy","LobotomyExtend","Minty Spire (QoL Compilation)","StSLib","SuperFastMode","[IsaacMod]ÒÔÈö¼âËþ"],"gold_per_floor":[109,184,249,261,275,275,275,275],"floor_reached":7,"language":"ZHS","playtime":233,"items_purged":[],"score":82,"play_id":"1b9fee2c-923d-4de1-8ce5-4131dd37dcc9","local_time":"20210214221738","is_ascension_mode":true,"campfire_choices":[{"data":"Armaments","floor":6,"key":"SMITH"}],"circlet_count":0,"master_deck":["AscendersBane","Strike_R","Strike_R","Strike_R","Strike_R","Strike_R","Defend_R","Defend_R","Defend_R","Defend_R","Bash","BettingIsNotGood","Limit Break","Warcry","Armaments+1","Twin Strike"],"relics":["Burning Blood","HushsDoor","GuppysHead","LetterFromLob"],"acts_visited":["Exordium"],"potions_floor_usage":[5],"damage_taken":[{"damage":23,"enemies":"Small Slimes","floor":1,"turns":4},{"damage":21,"enemies":"Jaw Worm","floor":4,"turns":5},{"damage":7,"enemies":"Cultist","floor":5,"turns":5},{"damage":15,"enemies":"Lagavulin","floor":7,"turns":2}],"seed_played":"485134867414369450","potions_obtained":[{"floor":1,"key":"Block Potion"}],"is_trial":false,"path_per_floor":["M","?","?","M","M","R","E"],"character_chosen":"IRONCLAD","items_purchased":[],"campfire_rested":0,"item_purchase_floors":[],"current_hp_per_floor":[51,40,25,10,14,14,0,0],"gold":275,"neow_bonus":"THREE_RARE_CARDS","is_daily":false,"chose_seed":false,"campfire_upgraded":1,"win_rate":0.0,"timestamp":1613312258,"path_taken":["M","?","?","M","M","R","E"],"items_purchased_type":[],"build_version":"2020-12-22","purchased_purges":0,"victory":false,"max_hp_per_floor":[68,68,68,68,68,68,68,68],"card_choices":[{"not_picked":[],"picked":"BettingIsNotGood","floor":0},{"not_picked":["Barricade","Corruption"],"picked":"Limit Break","floor":0},{"not_picked":["Body Slam","Warcry","Clothesline"],"picked":"SKIP","floor":1},{"not_picked":["Body Slam","Clothesline"],"picked":"Warcry","floor":1},{"not_picked":["Havoc","Headbutt"],"picked":"Armaments","floor":4},{"not_picked":["Headbutt","Heavy Blade"],"picked":"Twin Strike","floor":5}],"player_experience":949382,"relics_obtained":[{"floor":1,"key":"LetterFromLob"}],"event_choices":[{"damage_healed":0,"gold_gain":75,"player_choice":"Gather Gold","damage_taken":11,"max_hp_gain":0,"max_hp_loss":0,"event_name":"World of Goop","floor":2,"gold_loss":0}],"is_beta":false,"boss_relics":[],"items_purged_floors":[],"is_endless":false,"potions_floor_spawned":[1],"killed_by":"Lagavulin","ascension_level":20}}