{"host":"8ztb9kwpjc2zof9s","time":1613267223,"event":{"mods":["BaseMod","Block Reminder","Curses Come First","Minty Spire (QoL Compilation)","Relic Stats","StSLib"],"gold_per_floor":[109,184,196,213,213,242,242,270,270,270,281,281,5,20,20,117,117,134,152,152,77,94,94,94,112,186,86,86,96,96,108,108,203,203,222,234,31,31,49,49,49,76,100,114,114,114,114,130,130,130,130],"floor_reached":50,"language":"ENG","playtime":1865,"items_purged":["Strike_G","Parasite","Strike_G"],"score":786,"play_id":"893491fc-e092-4f8a-82a9-edc1831b319c","local_time":"20210213174703","is_ascension_mode":true,"campfire_choices":[{"floor":7,"key":"REST"},{"floor":10,"key":"REST"},{"floor":15,"key":"REST"},{"floor":24,"key":"REST"},{"data":"Envenom","floor":30,"key":"SMITH"},{"floor":32,"key":"REST"},{"data":"After Image","floor":40,"key":"SMITH"},{"data":"Infinite Blades","floor":45,"key":"SMITH"},{"data":"Blur","floor":47,"key":"SMITH"},{"floor":49,"key":"REST"}],"circlet_count":0,"master_deck":["AscendersBane","Strike_G","Strike_G","Defend_G","Defend_G","Defend_G","Defend_G","Defend_G+1","Survivor","Neutralize","Blade Dance","Infinite Blades","Deadly Poison","Accuracy","Concentrate","Leg Sweep","Noxious Fumes","Backflip","Envenom+1","Cloak And Dagger","Infinite Blades+1","Caltrops+1","After Image+1","Backflip+1","Blur+1","Escape Plan","Infinite Blades","Prepared+1","Parasite","Writhe"],"relics":["Ring of the Snake","NeowsBlessing","Nunchaku","Tough Bandages","Mummified Hand","Oddly Smooth Stone","Cursed Key","Enchiridion","Mercury Hourglass","Black Star","StrikeDummy","Ninja Scroll","Boot"],"acts_visited":["Exordium","TheCity","TheBeyond"],"potions_floor_usage":[6,8,16,16,20,22,28,39,50],"damage_taken":[{"damage":0,"enemies":"Cultist","floor":1,"turns":1},{"damage":0,"enemies":"Small Slimes","floor":3,"turns":2},{"damage":0,"enemies":"Jaw Worm","floor":4,"turns":1},{"damage":32,"enemies":"Gremlin Nob","floor":6,"turns":4},{"damage":24,"enemies":"3 Sentries","floor":8,"turns":9},{"damage":12,"enemies":"Exordium Thugs","floor":11,"turns":5},{"damage":0,"enemies":"3 Louse","floor":14,"turns":4},{"damage":7,"enemies":"Slime Boss","floor":16,"turns":6},{"damage":0,"enemies":"Shell Parasite","floor":18,"turns":6},{"damage":9,"enemies":"2 Thieves","floor":19,"turns":5},{"damage":7,"enemies":"Centurion and Healer","floor":22,"turns":7},{"damage":16,"enemies":"Snake Plant","floor":25,"turns":5},{"damage":4,"enemies":"Colosseum Slavers","floor":28,"turns":4},{"damage":0,"enemies":"Chosen and Byrds","floor":29,"turns":3},{"damage":4,"enemies":"Centurion and Healer","floor":31,"turns":5},{"damage":22,"enemies":"Collector","floor":33,"turns":10},{"damage":0,"enemies":"Orb Walker","floor":35,"turns":3},{"damage":0,"enemies":"3 Shapes","floor":36,"turns":2},{"damage":3,"enemies":"3 Darklings","floor":39,"turns":5},{"damage":0,"enemies":"Reptomancer","floor":42,"turns":6},{"damage":0,"enemies":"Sphere and 2 Shapes","floor":44,"turns":4},{"damage":42,"enemies":"Spire Growth","floor":48,"turns":5},{"damage":56,"enemies":"Time Eater","floor":50,"turns":6}],"seed_played":"448786222638562255","potions_obtained":[{"floor":1,"key":"Fire Potion"},{"floor":3,"key":"SkillPotion"},{"floor":8,"key":"Fire Potion"},{"floor":16,"key":"Strength Potion"},{"floor":19,"key":"PowerPotion"},{"floor":20,"key":"Fruit Juice"},{"floor":20,"key":"GamblersBrew"},{"floor":25,"key":"PowerPotion"},{"floor":29,"key":"GamblersBrew"},{"floor":44,"key":"Ancient Potion"},{"floor":48,"key":"Explosive Potion"}],"is_trial":false,"path_per_floor":["M","?","M","M","?","E","R","E","T","R","M","?","$","M","R","B",null,"M","M","?","$","M","?","R","M","T","$","?","M","R","M","R","B",null,"M","M","$","?","M","R","$","E","T","M","R","?","R","M","R","B"],"character_chosen":"THE_SILENT","items_purchased":["Oddly Smooth Stone","Noxious Fumes","Fire Potion","Escape Plan"],"campfire_rested":6,"item_purchase_floors":[13,13,13,37],"current_hp_per_floor":[63,52,52,52,38,6,27,3,3,24,12,12,12,12,33,26,59,59,50,55,55,48,32,54,38,38,38,34,34,34,30,51,29,61,61,61,61,61,58,58,58,58,58,58,58,72,72,30,51,0,0],"gold":130,"neow_bonus":"THREE_ENEMY_KILL","is_daily":false,"chose_seed":false,"campfire_upgraded":4,"win_rate":0.0,"timestamp":1613267223,"path_taken":["M","?","M","M","?","E","R","E","T","R","M","?","$","M","R","BOSS","M","M","?","?","M","?","R","M","T","$","?","?","R","M","R","BOSS","M","M","$","?","M","R","$","E","T","M","R","?","R","M","R","BOSS"],"items_purchased_type":["Relic","Card","Potion","Card"],"build_version":"2020-12-22","purchased_purges":3,"victory":false,"max_hp_per_floor":[70,70,70,70,70,70,70,70,70,70,70,70,70,70,70,70,70,70,70,75,75,75,75,75,75,75,72,72,72,72,72,72,72,72,72,72,72,72,72,72,72,72,72,72,72,72,72,72,72,72,72],"relic_stats":{"Nunchaku":[27],"Tough Bandages":[102],"counters":[23,107],"Mummified Hand":[100],"Black Star":1,"Cursed Key":2,"Boot":[26],"obtain_stats":[{"NeowsBlessing":0,"Oddly Smooth Stone":13,"Enchiridion":23,"Cursed Key":17,"Boot":43,"Mercury Hourglass":26,"Nunchaku":6,"Tough Bandages":8,"Mummified Hand":9,"Ninja Scroll":42,"Black Star":34,"StrikeDummy":42,"Ring of the Snake":0},{"NeowsBlessing":0,"Oddly Smooth Stone":6,"Enchiridion":11,"Cursed Key":8,"Boot":20,"Mercury Hourglass":12,"Nunchaku":4,"Tough Bandages":5,"Mummified Hand":5,"Ninja Scroll":20,"Black Star":16,"StrikeDummy":20,"Ring of the Snake":0},{"NeowsBlessing":0,"Oddly Smooth Stone":22,"Enchiridion":50,"Cursed Key":32,"Boot":92,"Mercury Hourglass":55,"Nunchaku":8,"Tough Bandages":17,"Mummified Hand":17,"Ninja Scroll":92,"Black Star":76,"StrikeDummy":92,"Ring of the Snake":0}],"Ring of the Snake":[43],"Mercury Hourglass":[248]},"card_choices":[{"not_picked":["Catalyst","Deflect"],"picked":"Blade Dance","floor":1},{"not_picked":["Distraction","Underhanded Strike"],"picked":"Infinite Blades","floor":3},{"not_picked":["Acrobatics","Slice"],"picked":"Deadly Poison","floor":4},{"not_picked":["Dagger Spray","Burst"],"picked":"Accuracy","floor":6},{"not_picked":["Bouncing Flask","Setup"],"picked":"Concentrate","floor":8},{"not_picked":["Dash","Setup"],"picked":"Leg Sweep","floor":11},{"not_picked":["Prepared","Crippling Poison"],"picked":"Backflip","floor":14},{"not_picked":["Phantasmal Killer","After Image"],"picked":"Envenom","floor":16},{"not_picked":["Eviscerate+1","Deflect","Sucker Punch+1"],"picked":"SKIP","floor":18},{"not_picked":["Flying Knee","Deadly Poison","Bane"],"picked":"SKIP","floor":19},{"not_picked":["Bullet Time","Underhanded Strike"],"picked":"Cloak And Dagger","floor":22},{"not_picked":["Flying Knee","Dagger Throw"],"picked":"Infinite Blades","floor":25},{"not_picked":["Poisoned Stab","Setup"],"picked":"Caltrops+1","floor":29},{"not_picked":["Quick Slash","Reflex","Deadly Poison+1"],"picked":"SKIP","floor":31},{"not_picked":["Venomology","Storm of Steel"],"picked":"After Image","floor":33},{"not_picked":["Deflect","Quick Slash"],"picked":"Backflip+1","floor":35},{"not_picked":["Quick Slash","Dagger Throw+1"],"picked":"Blur","floor":36},{"not_picked":["Concentrate+1","Expertise"],"picked":"Infinite Blades","floor":39},{"not_picked":["Backstab","Die Die Die"],"picked":"Prepared+1","floor":42},{"not_picked":["Crippling Poison+1","Masterful Stab","Bane"],"picked":"SKIP","floor":44},{"not_picked":["Endless Agony","Masterful Stab","Choke"],"picked":"SKIP","floor":48}],"player_experience":328177,"relics_obtained":[{"floor":6,"key":"Nunchaku"},{"floor":8,"key":"Tough Bandages"},{"floor":9,"key":"Mummified Hand"},{"floor":23,"key":"Enchiridion"},{"floor":26,"key":"Mercury Hourglass"},{"floor":42,"key":"StrikeDummy"},{"floor":42,"key":"Ninja Scroll"},{"floor":43,"key":"Boot"}],"event_choices":[{"damage_healed":0,"gold_gain":75,"player_choice":"Gather Gold","damage_taken":11,"max_hp_gain":0,"max_hp_loss":0,"event_name":"World of Goop","floor":2,"gold_loss":0},{"damage_healed":0,"gold_gain":0,"player_choice":"Entered Light","damage_taken":14,"max_hp_gain":0,"max_hp_loss":0,"event_name":"Shining Light","floor":5,"gold_loss":0,"cards_upgraded":["Strike_G","Defend_G"]},{"damage_healed":0,"gold_gain":0,"player_choice":"Searched \u00270\u0027 times","damage_taken":0,"max_hp_gain":0,"max_hp_loss":0,"event_name":"Dead Adventurer","floor":12,"gold_loss":0},{"damage_healed":0,"gold_gain":0,"player_choice":"Got Potions","damage_taken":0,"max_hp_gain":0,"max_hp_loss":0,"event_name":"Lab","floor":20,"gold_loss":0},{"damage_healed":0,"gold_gain":0,"player_choice":"Obtained Book","damage_taken":16,"max_hp_gain":0,"max_hp_loss":0,"event_name":"Cursed Tome","floor":23,"gold_loss":0},{"damage_healed":0,"gold_gain":0,"player_choice":"Fight","damage_taken":0,"max_hp_gain":0,"max_hp_loss":0,"event_name":"Colosseum","floor":28,"gold_loss":0},{"damage_healed":0,"gold_gain":0,"player_choice":"Fled From Nobs","damage_taken":0,"max_hp_gain":0,"max_hp_loss":0,"event_name":"Colosseum","floor":28,"gold_loss":0},{"cards_removed":["Strike_G"],"damage_healed":0,"gold_gain":0,"player_choice":"Removed Attack","damage_taken":0,"max_hp_gain":0,"max_hp_loss":0,"event_name":"Falling","floor":38,"gold_loss":0},{"damage_healed":18,"gold_gain":0,"player_choice":"Writhe","damage_taken":0,"max_hp_gain":0,"max_hp_loss":0,"event_name":"Winding Halls","floor":46,"gold_loss":0,"cards_obtained":["Writhe"]}],"is_beta":false,"boss_relics":[{"not_picked":["Fusion Hammer","SlaversCollar"],"picked":"Cursed Key"},{"not_picked":["HoveringKite","SacredBark"],"picked":"Black Star"}],"items_purged_floors":[21,27,37],"is_endless":false,"potions_floor_spawned":[1,3,8,16,19,25,29,36,44,48],"killed_by":"Time Eater","ascension_level":11}}