{"host":"oknzaotplmnl5xaf","time":1613328118,"event":{"mods":["BaseMod","Colored Map","Highlight Path","Minty Spire (QoL Compilation)","Permanent Neow","Quick Restart","Relic Stats"],"gold_per_floor":[111,122,142,292,1,36,36,68,94,114,114,144,144,164,164,238,238,238,238,238,25,25,25,25,25,25,25,25,25,25,25,25,25,25,25,25,25,25,25,25,25,25],"floor_reached":41,"language":"ENG","playtime":2388,"items_purged":["Doubt"],"score":1056,"play_id":"3fbd4424-04a3-4d2b-aeab-5adf2e9c4dfa","local_time":"20210214134158","is_ascension_mode":true,"campfire_choices":[{"floor":7,"key":"REST"},{"floor":11,"key":"REST"},{"data":"Calculated Gamble","floor":15,"key":"SMITH"},{"floor":23,"key":"REST"},{"floor":28,"key":"REST"},{"floor":32,"key":"REST"}],"circlet_count":0,"master_deck":["AscendersBane","Strike_G","Strike_G+1","Strike_G","Strike_G+1","Defend_G","Defend_G","Defend_G","Defend_G","Defend_G+1","Survivor","Neutralize","Dagger Throw","Underhanded Strike","Blade Dance+1","Apotheosis","Blade Dance","Acrobatics","Deflect","Dagger Throw","Calculated Gamble+1","Corpse Explosion","Crippling Poison","Prepared","Footwork","Malaise","Backflip","Leg Sweep+1","Cloak And Dagger+1","Acrobatics+1","Caltrops+1"],"relics":["Ring of the Snake","Happy Flower","Art of War","Whetstone","Boot","War Paint","Ectoplasm","Enchiridion","OrangePellets","MealTicket","Ornamental Fan","Singing Bowl","The Specimen","Empty Cage","Regal Pillow"],"acts_visited":["Exordium","TheCity","TheBeyond"],"potions_floor_usage":[8,16,25,33,38,41],"damage_taken":[{"damage":2,"enemies":"2 Louse","floor":1,"turns":4},{"damage":8,"enemies":"Small Slimes","floor":2,"turns":4},{"damage":2,"enemies":"Jaw Worm","floor":3,"turns":4},{"damage":32,"enemies":"3 Sentries","floor":6,"turns":9},{"damage":5,"enemies":"Lagavulin","floor":8,"turns":6},{"damage":4,"enemies":"Large Slime","floor":10,"turns":6},{"damage":36,"enemies":"Gremlin Nob","floor":12,"turns":4},{"damage":0,"enemies":"2 Fungi Beasts","floor":14,"turns":3},{"damage":24,"enemies":"The Guardian","floor":16,"turns":14},{"damage":8,"enemies":"Shell Parasite","floor":18,"turns":4},{"damage":3,"enemies":"Spheric Guardian","floor":20,"turns":5},{"damage":11,"enemies":"Slavers","floor":24,"turns":4},{"damage":5,"enemies":"Shelled Parasite and Fungi","floor":25,"turns":3},{"damage":0,"enemies":"Gremlin Leader","floor":27,"turns":5},{"damage":5,"enemies":"Centurion and Healer","floor":29,"turns":3},{"damage":7,"enemies":"Book of Stabbing","floor":30,"turns":6},{"damage":3,"enemies":"Sentry and Sphere","floor":31,"turns":4},{"damage":14,"enemies":"Collector","floor":33,"turns":8},{"damage":20,"enemies":"3 Darklings","floor":35,"turns":3},{"damage":2,"enemies":"Orb Walker","floor":36,"turns":5},{"damage":22,"enemies":"Transient","floor":38,"turns":6},{"damage":0,"enemies":"3 Darklings","floor":39,"turns":3},{"damage":26,"enemies":"Nemesis","floor":40,"turns":9},{"damage":11,"enemies":"Spire Growth","floor":41,"turns":3}],"seed_played":"-2546070939852494457","potions_obtained":[{"floor":6,"key":"LiquidMemories"},{"floor":12,"key":"Energy Potion"},{"floor":24,"key":"DuplicationPotion"},{"floor":29,"key":"Explosive Potion"},{"floor":30,"key":"SkillPotion"},{"floor":35,"key":"EssenceOfSteel"},{"floor":39,"key":"Weak Potion"}],"is_trial":false,"path_per_floor":["M","M","M","?","$","E","R","E","T","M","R","E","?","M","R","B",null,"M","?","M","$","?","R","E","M","T","E","R","M","E","M","R","B",null,"M","M","$","M","M","E","M"],"character_chosen":"THE_SILENT","items_purchased":["Apotheosis","OrangePellets","Prepared"],"campfire_rested":5,"item_purchase_floors":[5,21,21],"current_hp_per_floor":[57,49,47,47,47,15,34,29,29,25,44,8,30,30,30,6,51,43,22,19,19,19,38,27,22,22,22,41,38,33,30,51,39,64,44,42,57,35,35,11,0,0],"gold":25,"neow_bonus":"RANDOM_COMMON_RELIC","is_daily":false,"chose_seed":false,"campfire_upgraded":1,"win_rate":0.0,"timestamp":1613328118,"path_taken":["M","M","M","?","$","E","R","E","T","M","R","E","?","M","R","BOSS","M","?","M","$","?","R","E","M","T","E","R","M","E","M","R","BOSS","M","M","$","M","M","E","M"],"items_purchased_type":["Card","Relic","Card"],"build_version":"2020-12-22","purchased_purges":1,"victory":false,"max_hp_per_floor":[66,66,66,66,66,66,66,66,66,66,66,66,66,66,66,66,66,66,66,66,66,66,66,66,66,66,66,66,68,70,70,70,72,72,72,72,72,72,72,74,74,74],"relic_stats":{"Regal Pillow":0,"Happy Flower":[41],"Singing Bowl":8,"counters":[24,125],"Whetstone":["Strike_G","Strike_G"],"War Paint":["Blade Dance","Defend_G"],"Boot":[196],"OrangePellets":[0],"Ornamental Fan":[180],"MealTicket":15,"Ectoplasm":329,"Art of War":[24],"obtain_stats":[{"Regal Pillow":40,"Happy Flower":0,"Singing Bowl":27,"The Specimen":30,"Enchiridion":19,"Whetstone":8,"War Paint":12,"Boot":9,"Empty Cage":34,"OrangePellets":21,"Ornamental Fan":26,"MealTicket":24,"Ectoplasm":17,"Art of War":6,"Ring of the Snake":0},{"Regal Pillow":23,"Happy Flower":0,"Singing Bowl":14,"The Specimen":16,"Enchiridion":10,"Whetstone":5,"War Paint":7,"Boot":5,"Empty Cage":18,"OrangePellets":11,"Ornamental Fan":13,"MealTicket":12,"Ectoplasm":9,"Art of War":4,"Ring of the Snake":0},{"Regal Pillow":122,"Happy Flower":0,"Singing Bowl":75,"The Specimen":84,"Enchiridion":58,"Whetstone":27,"War Paint":37,"Boot":27,"Empty Cage":96,"OrangePellets":63,"Ornamental Fan":70,"MealTicket":67,"Ectoplasm":54,"Art of War":21,"Ring of the Snake":0}],"Ring of the Snake":[48]},"card_choices":[{"not_picked":["Bane","Deflect"],"picked":"Dagger Throw","floor":1},{"not_picked":["Blade Dance","Acrobatics"],"picked":"Underhanded Strike","floor":2},{"not_picked":["Sucker Punch","Underhanded Strike"],"picked":"Blade Dance","floor":3},{"not_picked":["Choke","Caltrops"],"picked":"Blade Dance","floor":6},{"not_picked":["Envenom","Noxious Fumes"],"picked":"Acrobatics","floor":8},{"not_picked":["Dagger Spray","Heel Hook"],"picked":"Deflect","floor":10},{"not_picked":["Escape Plan","Catalyst"],"picked":"Dagger Throw","floor":12},{"not_picked":["Underhanded Strike","Quick Slash"],"picked":"Calculated Gamble","floor":14},{"not_picked":["Malaise","Venomology"],"picked":"Corpse Explosion","floor":16},{"not_picked":["Deadly Poison","Bane","Expertise"],"picked":"SKIP","floor":18},{"not_picked":["Sucker Punch","Acrobatics"],"picked":"Crippling Poison","floor":20},{"not_picked":["Endless Agony","Bane+1","Infinite Blades+1"],"picked":"SKIP","floor":24},{"not_picked":["Choke","Tactician"],"picked":"Footwork","floor":25},{"not_picked":["Prepared","Heel Hook"],"picked":"Malaise","floor":27},{"not_picked":["Infinite Blades","Expertise","Dagger Spray"],"picked":"Singing Bowl","floor":29},{"not_picked":["Underhanded Strike","Heel Hook","Blade Dance"],"picked":"Singing Bowl","floor":30},{"not_picked":["Sucker Punch","Slice+1"],"picked":"Backflip","floor":31},{"not_picked":["Malaise","Storm of Steel","Die Die Die"],"picked":"Singing Bowl","floor":33},{"not_picked":["Bane","Prepared"],"picked":"Leg Sweep+1","floor":35},{"not_picked":["Poisoned Stab","Backflip"],"picked":"Cloak And Dagger+1","floor":36},{"not_picked":["Blade Dance","Quick Slash"],"picked":"Acrobatics+1","floor":38},{"not_picked":["Deflect","Malaise"],"picked":"Caltrops+1","floor":39},{"not_picked":["Catalyst","Distraction+1","Deadly Poison"],"picked":"Singing Bowl","floor":40}],"player_experience":1538693,"relics_obtained":[{"floor":6,"key":"Art of War"},{"floor":8,"key":"Whetstone"},{"floor":9,"key":"Boot"},{"floor":12,"key":"War Paint"},{"floor":19,"key":"Enchiridion"},{"floor":24,"key":"MealTicket"},{"floor":26,"key":"Ornamental Fan"},{"floor":27,"key":"Singing Bowl"},{"floor":30,"key":"The Specimen"},{"floor":40,"key":"Regal Pillow"}],"event_choices":[{"damage_healed":0,"gold_gain":150,"player_choice":"AGREE","damage_taken":0,"max_hp_gain":0,"max_hp_loss":0,"event_name":"Liars Game","floor":4,"gold_loss":0,"cards_obtained":["Doubt"]},{"damage_healed":22,"gold_gain":0,"player_choice":"Banana","damage_taken":0,"max_hp_gain":0,"max_hp_loss":0,"event_name":"Big Fish","floor":13,"gold_loss":0},{"damage_healed":0,"gold_gain":0,"player_choice":"Obtained Book","damage_taken":21,"max_hp_gain":0,"max_hp_loss":0,"event_name":"Cursed Tome","floor":19,"gold_loss":0},{"damage_healed":0,"gold_gain":0,"player_choice":"Smashed Altar","damage_taken":0,"max_hp_gain":0,"max_hp_loss":0,"event_name":"Forgotten Altar","floor":22,"gold_loss":0,"cards_obtained":["Decay"]}],"is_beta":false,"boss_relics":[{"not_picked":["SacredBark","Coffee Dripper"],"picked":"Ectoplasm"},{"not_picked":["Fusion Hammer","Velvet Choker"],"picked":"Empty Cage"}],"items_purged_floors":[5],"is_endless":false,"potions_floor_spawned":[6,12,24,29,30,35,39,40],"killed_by":"Spire Growth","ascension_level":20}}