{"host":"xw7092rw7wabncmm","time":1613270853,"event":{"mods":["AchievementEnabler","BaseMod","Bestiary","Block Reminder","Minty Spire (QoL Compilation)","Quick Restart","Relic Stats","Slay-I","Weighted Paths"],"gold_per_floor":[118,118,131,131,145,145,176,176,203,203,203,203],"floor_reached":11,"language":"ENG","playtime":393,"items_purged":[],"score":107,"play_id":"a7dde1c0-1f7e-4c27-87af-48127ba17316","local_time":"20210213214733","is_ascension_mode":true,"campfire_choices":[{"data":"Defragment","floor":6,"key":"SMITH"},{"data":"Genetic Algorithm","floor":8,"key":"SMITH"},{"floor":10,"key":"REST"}],"circlet_count":0,"master_deck":["AscendersBane","Strike_B","Strike_B","Strike_B","Strike_B+1","Defend_B+1","Defend_B","Defend_B","Defend_B","Zap","Dualcast","Defragment+1","Sweeping Beam","Cold Snap","Genetic Algorithm+1"],"relics":["Cracked Core","Golden Idol","Toy Ornithopter","Nunchaku"],"acts_visited":["Exordium"],"potions_floor_usage":[7],"damage_taken":[{"damage":0,"enemies":"Cultist","floor":1,"turns":3},{"damage":8,"enemies":"Jaw Worm","floor":3,"turns":4},{"damage":3,"enemies":"2 Louse","floor":5,"turns":2},{"damage":28,"enemies":"Gremlin Nob","floor":7,"turns":4},{"damage":46,"enemies":"3 Sentries","floor":11,"turns":8}],"seed_played":"-5682113563511163243","potions_obtained":[{"floor":1,"key":"CultistPotion"}],"is_trial":false,"path_per_floor":["M","?","M","?","M","R","E","R","T","R","E"],"character_chosen":"DEFECT","items_purchased":[],"campfire_rested":1,"item_purchase_floors":[],"current_hp_per_floor":[75,75,67,52,49,49,21,21,21,43,0,0],"gold":203,"neow_bonus":"TEN_PERCENT_HP_BONUS","is_daily":false,"chose_seed":false,"campfire_upgraded":2,"win_rate":0.0,"timestamp":1613270853,"path_taken":["M","?","M","?","M","R","E","R","T","R","E"],"items_purchased_type":[],"build_version":"2020-12-22","purchased_purges":0,"victory":false,"max_hp_per_floor":[82,76,76,76,76,76,76,76,76,76,76,76],"relic_stats":{"Nunchaku":[1],"counters":[5,21],"Golden Idol":12,"obtain_stats":[{"Nunchaku":9,"Golden Idol":2,"Cracked Core":0,"Toy Ornithopter":7},{"Nunchaku":4,"Golden Idol":1,"Cracked Core":0,"Toy Ornithopter":4},{"Nunchaku":13,"Golden Idol":3,"Cracked Core":0,"Toy Ornithopter":13}],"Toy Ornithopter":0},"card_choices":[{"not_picked":["Genetic Algorithm","Steam"],"picked":"Defragment","floor":1},{"not_picked":["Rebound","Conserve Battery"],"picked":"Sweeping Beam","floor":3},{"not_picked":["Aggregate","Beam Cell"],"picked":"Cold Snap","floor":5},{"not_picked":["Tempest","Reprogram"],"picked":"Genetic Algorithm","floor":7}],"player_experience":1641581,"relics_obtained":[{"floor":7,"key":"Toy Ornithopter"},{"floor":9,"key":"Nunchaku"}],"event_choices":[{"damage_healed":0,"gold_gain":0,"player_choice":"Lose Max HP","damage_taken":0,"relics_obtained":["Golden Idol"],"max_hp_gain":0,"max_hp_loss":6,"event_name":"Golden Idol","floor":2,"gold_loss":0},{"damage_healed":0,"gold_gain":0,"player_choice":"Entered Light","damage_taken":15,"max_hp_gain":0,"max_hp_loss":0,"event_name":"Shining Light","floor":4,"gold_loss":0,"cards_upgraded":["Defend_B","Strike_B"]}],"is_beta":false,"boss_relics":[],"items_purged_floors":[],"is_endless":false,"potions_floor_spawned":[1],"killed_by":"3 Sentries","ascension_level":10}}