{"host":"f7rb14kzcw8hx1r1","time":1613330616,"event":{"mods":["BaseMod","Better Note","Better Third Choice","Colored Map","Highlight Path","Hubris","Minty Spire (QoL Compilation)","Replay The Spire","StSLib","The Forsaken"],"gold_per_floor":[216,232,245,264,279,307,307,336,382,382,382,398,16,36,36,132,132,147,597,211,226,226,255,255,288,315,315,348,364,10,24,24,128,128,138,157,175,191,191,191,225,225,248,281,300,7,18,18,18,18],"floor_reached":51,"language":"ENG","playtime":2680,"items_purged":["Strike_R","Strike_R","Defend_R","Defend_R"],"score":804,"play_id":"00952f0d-5b87-4ed0-b3b6-93f623fa1d77","local_time":"20210214202336","is_ascension_mode":false,"campfire_choices":[{"data":"Bash","floor":7,"key":"SMITH"},{"data":"True Grit","floor":10,"key":"SMITH"},{"data":"Battle Trance","floor":15,"key":"SMITH"},{"data":"Berserk","floor":24,"key":"SMITH"},{"data":"ReplayTheSpireMod:Strike From Hell","floor":32,"key":"SMITH"},{"data":"Spot Weakness","floor":40,"key":"SMITH"},{"floor":49,"key":"REST"}],"circlet_count":0,"master_deck":["Strike_R+1","Strike_R+1","Strike_R+1","Defend_R","Defend_R+1","Bash+1","True Grit+1","Rampage+1","Flame Barrier+1","Battle Trance+1","Impervious","CurseOfTheBell","ReplayTheSpireMod:Strike From Hell+1","Metallicize+1","Metallicize+1","Berserk+1","Warcry","Dash+1","Thunderclap+1","Cleave+1","Replay:Many Hands+1","Ghostly Armor+1","Spot Weakness+1","Wild Strike","Sword Boomerang+1","Shrug It Off+1"],"relics":["Burning Blood","theForsaken:Lifeblossom","StrikeDummy","Whetstone","ReplayTheSpireMod:TigerMarble","Guide Book","Calling Bell","Strawberry","Quantum Egg","Ice Cream","Champion Belt","hubris:SlimyHat","White Beast Statue","Red Skull","Oddly Smooth Stone","Medical Kit","SacredBark","Bag of Preparation","hubris:Icosahedron","Replay:Baseball","Smiling Mask","Replay:Bottled Eggs"],"acts_visited":["Exordium","TheCity","TheBeyond"],"potions_floor_usage":[6,8,16,16,29,29,31,33,35,36,38,38,50,50],"damage_taken":[{"damage":5,"enemies":"Cultist","floor":1,"turns":4},{"damage":2,"enemies":"Small Slimes","floor":2,"turns":4},{"damage":4,"enemies":"2 Louse","floor":3,"turns":4},{"damage":0,"enemies":"Large Slime","floor":4,"turns":5},{"damage":17,"enemies":"Exordium Thugs","floor":5,"turns":5},{"damage":59,"enemies":"3 Sentries","floor":6,"turns":13},{"damage":15,"enemies":"Gremlin Nob","floor":8,"turns":4},{"damage":0,"enemies":"Blue Slaver","floor":12,"turns":4},{"damage":0,"enemies":"Large Slime","floor":14,"turns":5},{"damage":32,"enemies":"Slime Boss","floor":16,"turns":15},{"damage":20,"enemies":"Spheric Guardian","floor":18,"turns":4},{"damage":6,"enemies":"Shell Parasite","floor":21,"turns":9},{"damage":2,"enemies":"Replay:Snechameleon","floor":23,"turns":7},{"damage":21,"enemies":"Book of Stabbing","floor":25,"turns":7},{"damage":17,"enemies":"Replay:Snechameleon","floor":28,"turns":7},{"damage":15,"enemies":"Snake Plant","floor":29,"turns":5},{"damage":0,"enemies":"3 Cultists","floor":31,"turns":8},{"damage":29,"enemies":"Champ","floor":33,"turns":13},{"damage":13,"enemies":"Orb Walker","floor":35,"turns":6},{"damage":13,"enemies":"3 Shapes","floor":36,"turns":6},{"damage":39,"enemies":"Sphere and 2 Shapes","floor":37,"turns":8},{"damage":37,"enemies":"Jaw Worm Horde","floor":38,"turns":4},{"damage":58,"enemies":"Giant Head","floor":41,"turns":10},{"damage":13,"enemies":"Nemesis","floor":44,"turns":5},{"damage":10,"enemies":"4 Shapes","floor":45,"turns":8},{"damage":30,"enemies":"Sphere and 2 Shapes","floor":47,"turns":9},{"damage":48,"enemies":"Time Eater","floor":50,"turns":8}],"seed_played":"2081922347008015193","potions_obtained":[{"floor":2,"key":"SpeedPotion"},{"floor":4,"key":"Languid Potion"},{"floor":5,"key":"BloodPotion"},{"floor":12,"key":"Block Potion"},{"floor":14,"key":"Toxic Potion"},{"floor":21,"key":"Ancient Potion"},{"floor":23,"key":"DuplicationPotion"},{"floor":28,"key":"Strength Potion"},{"floor":29,"key":"BlessingOfTheForge"},{"floor":31,"key":"BloodPotion"},{"floor":33,"key":"LifebloodPotion"},{"floor":35,"key":"SpeedPotion"},{"floor":36,"key":"Fruit Juice"},{"floor":37,"key":"Languid Potion"},{"floor":38,"key":"Regen Potion"},{"floor":41,"key":"LiquidBronze"},{"floor":44,"key":"Reflective Coating"}],"is_trial":false,"path_per_floor":["M","M","M","M","M","E","R","E","T","R","?","M","$","M","R","B",null,"M","?","$","M","?","E","R","E","T","?","E","M","$","M","R","B",null,"M","M","M","M","?","R","E","?","T","E","M","$","M","?","R","B",null],"character_chosen":"IRONCLAD","items_purchased":["ReplayTheSpireMod:TigerMarble","Guide Book","Champion Belt","Medical Kit","Regen Potion","Replay:Bottled Eggs"],"campfire_rested":1,"item_purchase_floors":[13,13,20,30,30,46],"current_hp_per_floor":[80,80,80,80,69,32,32,29,29,29,13,25,25,37,37,17,87,79,33,33,39,39,49,49,40,40,40,35,32,32,73,73,56,87,81,90,63,86,86,86,40,40,40,51,53,53,35,35,62,81],"gold":18,"neow_bonus":"HUNDRED_GOLD","is_daily":false,"chose_seed":false,"campfire_upgraded":6,"win_rate":0.0,"timestamp":1613330616,"path_taken":["M","M","M","M","?","E","R","E","T","R","?","M","$","M","R","BOSS","M","?","?","M","?","E","R","E","T","?","E","M","$","?","R","BOSS","M","M","M","M","?","R","E","?","T","E","M","$","M","?","R","BOSS"],"items_purchased_type":["Relic","Relic","Relic","Relic","Potion","Relic"],"build_version":"2020-12-22","purchased_purges":4,"victory":true,"max_hp_per_floor":[80,80,80,80,80,80,80,80,80,80,80,80,80,80,80,80,87,87,87,87,87,87,87,87,87,87,87,87,87,87,87,87,87,87,87,97,97,97,92,92,92,92,92,92,92,92,92,92,92,92],"card_choices":[{"not_picked":["ReplayTheSpireMod:Stacked","Replay:Undeath\u0027s Touch"],"picked":"True Grit","floor":1},{"not_picked":["Flex","ReplayTheSpireMod:Limb From Limb"],"picked":"Rampage","floor":2},{"not_picked":["ReplayReversal","Clothesline","Heavy Blade"],"picked":"SKIP","floor":3},{"not_picked":["Defy Death","Clash","Rage"],"picked":"SKIP","floor":4},{"not_picked":["Defy Death","Clash","Rage"],"picked":"SKIP","floor":4},{"not_picked":["Searing Blow","Blood for Blood","Feel No Pain"],"picked":"SKIP","floor":5},{"not_picked":["Exhume","Uppercut","Flex"],"picked":"SKIP","floor":6},{"not_picked":["Inflame","Armaments"],"picked":"Flame Barrier","floor":8},{"not_picked":["Sword Boomerang","Defy Death","Rupture"],"picked":"SKIP","floor":12},{"not_picked":["Armaments","Second Wind"],"picked":"Battle Trance","floor":14},{"not_picked":["Immolate","Exhume"],"picked":"Impervious","floor":16},{"not_picked":["Shrug It Off","Abandon+1"],"picked":"ReplayTheSpireMod:Strike From Hell","floor":18},{"not_picked":["Twin Strike","Clothesline"],"picked":"Metallicize+1","floor":21},{"not_picked":["Reckless Charge+1","Clash"],"picked":"Berserk","floor":23},{"not_picked":["Headbutt+1","Hemokinesis"],"picked":"Warcry","floor":25},{"not_picked":["Entrench","hubris:ReadiedAction"],"picked":"Thunderclap+1","floor":28},{"not_picked":["Shrug It Off","Thunderclap","Iron Wave"],"picked":"SKIP","floor":29},{"not_picked":["Pommel Strike","Thunderclap"],"picked":"Cleave+1","floor":31},{"not_picked":["Bludgeon","Eclipse"],"picked":"Replay:Many Hands","floor":33},{"not_picked":["Pummel","Feel No Pain+1","hubris:CleavingFinish"],"picked":"SKIP","floor":35},{"not_picked":["ReplayTheSpireMod:Corrosion Curse","Warcry"],"picked":"Ghostly Armor+1","floor":36},{"not_picked":["Iron Wave","Heavy Blade+1"],"picked":"Spot Weakness","floor":37},{"not_picked":["Headbutt+1","Iron Wave+1"],"picked":"Wild Strike","floor":38},{"not_picked":["True Grit","Thunderclap","Reckless Charge+1"],"picked":"SKIP","floor":41},{"not_picked":["True Grit","Thunderclap","Reckless Charge+1"],"picked":"SKIP","floor":41},{"not_picked":["True Grit+1","Reckless Charge","Combust"],"picked":"SKIP","floor":44},{"not_picked":["Anger+1","Hemokinesis"],"picked":"Sword Boomerang+1","floor":45},{"not_picked":["Wild Strike+1","Twin Strike+1"],"picked":"Shrug It Off+1","floor":47}],"player_experience":970053,"relics_obtained":[{"floor":6,"key":"theForsaken:Lifeblossom"},{"floor":8,"key":"StrikeDummy"},{"floor":9,"key":"Whetstone"},{"floor":17,"key":"Strawberry"},{"floor":17,"key":"Quantum Egg"},{"floor":17,"key":"Ice Cream"},{"floor":23,"key":"hubris:SlimyHat"},{"floor":25,"key":"White Beast Statue"},{"floor":26,"key":"Red Skull"},{"floor":28,"key":"Oddly Smooth Stone"},{"floor":41,"key":"Bag of Preparation"},{"floor":43,"key":"Replay:Baseball"},{"floor":44,"key":"Smiling Mask"}],"event_choices":[{"damage_healed":29,"gold_gain":0,"player_choice":"Upgrade","damage_taken":16,"max_hp_gain":0,"max_hp_loss":80,"event_name":"betterThird:BetterShining","floor":11,"gold_loss":0,"cards_upgraded":["Strike_R","Defend_R"]},{"damage_healed":0,"gold_gain":450,"player_choice":"GOLD GOLD GOLD GOLD GOLD ","damage_taken":46,"max_hp_gain":0,"max_hp_loss":0,"event_name":"Knowing Skull","floor":19,"potions_obtained":[],"gold_loss":0,"cards_obtained":[]},{"damage_healed":0,"gold_gain":0,"player_choice":"Copied","damage_taken":0,"max_hp_gain":0,"max_hp_loss":0,"event_name":"Duplicator","floor":22,"gold_loss":0,"cards_obtained":["Metallicize"]},{"cards_removed":["Berserk"],"damage_healed":0,"gold_gain":0,"player_choice":"Take \u0026 Give","damage_taken":0,"max_hp_gain":0,"max_hp_loss":0,"event_name":"betterNote:BetterNote","floor":27,"gold_loss":0,"cards_obtained":["Dash"]},{"damage_healed":0,"gold_gain":0,"player_choice":"Max HP","damage_taken":0,"max_hp_gain":0,"max_hp_loss":5,"event_name":"Winding Halls","floor":39,"gold_loss":0}],"is_beta":false,"boss_relics":[{"not_picked":["Replay:Bronze Core","theForsaken:PaleLantern"],"picked":"Calling Bell"},{"not_picked":["Kintsugi","Painkiller Herb"],"picked":"SacredBark"}],"items_purged_floors":[13,20,30,46],"is_endless":false,"potions_floor_spawned":[2,4,5,12,14,21,23,28,29,31,33,35,36,37,38,41,44,45,47],"ascension_level":0}}