{"host":"uexz8m6e0pxi7xat","time":1613275773,"event":{"mods":["BaseMod","Bestiary","Minty Spire (QoL Compilation)","Relic Stats","ojb\u0027s Info Mod"],"gold_per_floor":[113,125,200,214,214,214,255,255,281,281,309,347,370,40,40,139,139,164,164,187,187,187,187,30,30,54,73,89,14,50,64,64,163,163,176,196,261,20,20,60,10,50,50,83,97,132,147,171,171,171,171,171],"floor_reached":51,"language":"ENG","playtime":6696,"items_purged":["Shame","Strike_G","Strike_G"],"score":1811,"play_id":"48b74846-0895-4038-a27c-d6d0f934fd60","local_time":"20210214170933","is_ascension_mode":true,"campfire_choices":[{"data":"Bouncing Flask","floor":6.0,"key":"SMITH"},{"data":"Neutralize","floor":8.0,"key":"SMITH"},{"data":"Dagger Throw","floor":10.0,"key":"SMITH"},{"data":"Footwork","floor":15.0,"key":"SMITH"},{"data":"Wraith Form v2","floor":23.0,"key":"SMITH"},{"data":"RitualDagger","floor":25.0,"key":"SMITH"},{"floor":32,"key":"REST"},{"floor":49,"key":"RECALL"}],"circlet_count":0,"master_deck":["AscendersBane","Strike_G","Strike_G","Defend_G","Defend_G","Defend_G","Defend_G","Defend_G","Survivor","Neutralize+1","Bouncing Flask+1","Masterful Stab","Dagger Throw+1","Footwork+1","All Out Attack","Dash","Leg Sweep","Wraith Form v2+1","Blur","RitualDagger+1","Blade Dance","Backflip","After Image","Wraith Form v2","Catalyst+1","Deadly Poison","PiercingWail","Dagger Throw","Crippling Poison","Dodge and Roll+1","Clumsy","Leg Sweep","Backflip+1","Deadly Poison+1"],"relics":["Ring of the Snake","Golden Idol","Nunchaku","Oddly Smooth Stone","Odd Mushroom","Boot","Centennial Puzzle","TwistedFunnel","Cursed Key","Nilry\u0027s Codex","OrangePellets","Lantern","Smiling Mask","Runic Pyramid","Gambling Chip","Membership Card","Ninja Scroll","Orichalcum","MealTicket","Bag of Marbles"],"acts_visited":["Exordium","TheCity","TheBeyond"],"potions_floor_usage":[33],"damage_taken":[{"damage":7.0,"enemies":"Small Slimes","floor":1.0,"turns":5.0},{"damage":0.0,"enemies":"2 Louse","floor":2.0,"turns":3.0},{"damage":0.0,"enemies":"Cultist","floor":4.0,"turns":3.0},{"damage":13.0,"enemies":"Lagavulin","floor":7.0,"turns":6.0},{"damage":0.0,"enemies":"The Mushroom Lair","floor":11.0,"turns":4.0},{"damage":0.0,"enemies":"3 Sentries","floor":12.0,"turns":7.0},{"damage":0.0,"enemies":"Large Slime","floor":13.0,"turns":5.0},{"damage":30.0,"enemies":"Slime Boss","floor":16.0,"turns":11.0},{"damage":2.0,"enemies":"Spheric Guardian","floor":18.0,"turns":4.0},{"damage":2.0,"enemies":"2 Thieves","floor":20.0,"turns":5.0},{"damage":5,"enemies":"3 Cultists","floor":27,"turns":5},{"damage":0,"enemies":"Centurion and Healer","floor":28,"turns":8},{"damage":10,"enemies":"Slavers","floor":30,"turns":5},{"damage":3,"enemies":"Snake Plant","floor":31,"turns":4},{"damage":9,"enemies":"Champ","floor":33,"turns":27},{"damage":0,"enemies":"3 Darklings","floor":35,"turns":9},{"damage":0,"enemies":"3 Shapes","floor":36,"turns":7},{"damage":10,"enemies":"2 Orb Walkers","floor":37,"turns":7},{"damage":0,"enemies":"Giant Head","floor":40,"turns":9},{"damage":0,"enemies":"Reptomancer","floor":42,"turns":10},{"damage":0,"enemies":"Giant Head","floor":44,"turns":8},{"damage":0,"enemies":"3 Darklings","floor":45,"turns":6},{"damage":0,"enemies":"Nemesis","floor":46,"turns":7},{"damage":0,"enemies":"Sphere and 2 Shapes","floor":47,"turns":4},{"damage":1,"enemies":"Maw","floor":48,"turns":5},{"damage":17,"enemies":"Time Eater","floor":50,"turns":17},{"damage":25,"enemies":"Awakened One","floor":51,"turns":21}],"seed_played":"-7074472517780603522","potions_obtained":[{"floor":1.0,"key":"Dexterity Potion"},{"floor":4.0,"key":"PowerPotion"},{"floor":12.0,"key":"Dexterity Potion"},{"floor":18.0,"key":"Poison Potion"},{"floor":20.0,"key":"ColorlessPotion"},{"floor":28,"key":"SmokeBomb"},{"floor":33,"key":"Dexterity Potion"},{"floor":36,"key":"PowerPotion"}],"is_trial":false,"path_per_floor":["M","M","?","M","?","R","E","R","T","R","?","E","M","$","R","B",null,"M","?","M","?","?","R","$","R","T","M","M","$","E","M","R","B",null,"M","M","?","$","?","E","$","E","T","E","M","E","M","M","R","B","B"],"character_chosen":"THE_SILENT","items_purchased":["Centennial Puzzle","TwistedFunnel","OrangePellets","Membership Card","PiercingWail"],"campfire_rested":1,"item_purchase_floors":[14,14,24,38,38],"current_hp_per_floor":[58,58,47,47,47,47,34,34,34,34,34,34,34,34,34,4,50,48,42,40,19,19,19,19,19,19,14,14,14,4,1,20,11,52,52,52,42,42,42,42,42,42,42,42,42,42,42,41,41,24,0,0],"gold":171,"neow_bonus":"TEN_PERCENT_HP_BONUS","is_daily":false,"chose_seed":false,"campfire_upgraded":6,"win_rate":0.0,"timestamp":1613275773,"path_taken":["M","M","?","M","?","R","E","R","T","R","?","E","M","$","R","BOSS","M","?","M","?","?","R","$","R","T","M","M","$","E","M","R","BOSS","M","M","?","$","?","E","$","E","T","E","M","E","M","?","R","BOSS","BOSS"],"items_purchased_type":["Relic","Relic","Relic","Relic","Card"],"build_version":"2020-12-22","purchased_purges":3,"victory":false,"max_hp_per_floor":[72,72,72,72,65,65,65,65,65,65,65,65,65,65,65,65,65,65,65,65,65,65,65,65,65,65,65,65,65,65,65,65,65,65,65,65,65,65,65,65,65,65,65,65,65,65,65,65,65,65,65,65],"relic_stats":{"counters":[27,212],"Golden Idol":174,"Orichalcum":[12],"Boot":[139],"Cursed Key":2,"Smiling Mask":13,"OrangePellets":[30],"Nunchaku":[33],"Centennial Puzzle":[33],"Gambling Chip":[42],"MealTicket":0,"obtain_stats":[{"TwistedFunnel":14,"Lantern":26,"Golden Idol":5,"Nilry\u0027s Codex":21,"Oddly Smooth Stone":9,"Odd Mushroom":11,"Orichalcum":42,"Boot":12,"Cursed Key":17,"Smiling Mask":30,"OrangePellets":24,"Nunchaku":7,"Centennial Puzzle":14,"Ninja Scroll":40,"Gambling Chip":37,"MealTicket":44,"Bag of Marbles":46,"Membership Card":38,"Ring of the Snake":0,"Runic Pyramid":34},{"TwistedFunnel":7,"Lantern":10,"Golden Idol":3,"Nilry\u0027s Codex":10,"Oddly Smooth Stone":4,"Odd Mushroom":5,"Orichalcum":20,"Boot":6,"Cursed Key":8,"Smiling Mask":13,"OrangePellets":10,"Nunchaku":4,"Centennial Puzzle":7,"Ninja Scroll":19,"Gambling Chip":18,"MealTicket":21,"Bag of Marbles":23,"Membership Card":18,"Ring of the Snake":0,"Runic Pyramid":15},{"TwistedFunnel":33,"Lantern":53,"Golden Idol":11,"Nilry\u0027s Codex":53,"Oddly Smooth Stone":17,"Odd Mushroom":21,"Orichalcum":144,"Boot":28,"Cursed Key":44,"Smiling Mask":71,"OrangePellets":53,"Nunchaku":17,"Centennial Puzzle":33,"Ninja Scroll":134,"Gambling Chip":125,"MealTicket":152,"Bag of Marbles":165,"Membership Card":125,"Ring of the Snake":0,"Runic Pyramid":102}],"Ring of the Snake":[54]},"card_choices":[{"not_picked":["Distraction","Setup"],"picked":"Bouncing Flask","floor":1.0},{"not_picked":["Distraction","Acrobatics"],"picked":"Masterful Stab","floor":2.0},{"not_picked":["Slice","Underhanded Strike"],"picked":"Dagger Throw","floor":4.0},{"not_picked":["Tools of the Trade","Well Laid Plans"],"picked":"Footwork","floor":7.0},{"not_picked":["Bouncing Flask","Backstab"],"picked":"All Out Attack","floor":11.0},{"not_picked":["Dagger Throw","Quick Slash"],"picked":"Dash","floor":12.0},{"not_picked":["Choke","Bane"],"picked":"Leg Sweep","floor":13.0},{"not_picked":["Grand Finale","Doppelganger"],"picked":"Wraith Form v2","floor":16.0},{"not_picked":["Quick Slash","Cloak And Dagger"],"picked":"Blur","floor":18.0},{"not_picked":["Flying Knee","Backflip"],"picked":"Blade Dance","floor":20.0},{"not_picked":["Deflect","Dodge and Roll","Flying Knee"],"picked":"SKIP","floor":27},{"not_picked":["Deflect","Dodge and Roll","Flying Knee"],"picked":"SKIP","floor":27},{"not_picked":["Deflect","Dodge and Roll","Flying Knee"],"picked":"SKIP","floor":27},{"not_picked":["Choke","Cloak And Dagger"],"picked":"Backflip","floor":28},{"not_picked":["Deadly Poison","Endless Agony"],"picked":"After Image","floor":30},{"not_picked":["Underhanded Strike","Flechettes","Dodge and Roll"],"picked":"SKIP","floor":31},{"not_picked":["Storm of Steel","Venomology"],"picked":"Wraith Form v2","floor":33},{"not_picked":["PiercingWail","Flying Knee"],"picked":"Catalyst+1","floor":35},{"not_picked":["Cloak And Dagger","Slice+1"],"picked":"Deadly Poison","floor":36},{"not_picked":["Heel Hook+1","Poisoned Stab"],"picked":"Crippling Poison","floor":40},{"not_picked":["Sucker Punch","Bane"],"picked":"Dodge and Roll+1","floor":42},{"not_picked":["Dagger Spray","Setup","Endless Agony+1"],"picked":"SKIP","floor":44},{"not_picked":["Blade Dance","Storm of Steel","Predator"],"picked":"SKIP","floor":45},{"not_picked":["Well Laid Plans+1","Deflect"],"picked":"Leg Sweep","floor":46},{"not_picked":["Underhanded Strike","Eviscerate"],"picked":"Backflip+1","floor":47},{"not_picked":["Acrobatics","Finisher"],"picked":"Deadly Poison+1","floor":48}],"player_experience":1025410,"relics_obtained":[{"floor":7.0,"key":"Nunchaku"},{"floor":9.0,"key":"Oddly Smooth Stone"},{"floor":11.0,"key":"Odd Mushroom"},{"floor":12.0,"key":"Boot"},{"floor":21.0,"key":"Nilry\u0027s Codex"},{"floor":26.0,"key":"Lantern"},{"floor":30,"key":"Smiling Mask"},{"floor":37,"key":"Gambling Chip"},{"floor":40,"key":"Ninja Scroll"},{"floor":42,"key":"Orichalcum"},{"floor":44,"key":"MealTicket"},{"floor":46,"key":"Bag of Marbles"}],"event_choices":[{"damage_healed":0.0,"max_hp_gain":0.0,"max_hp_loss":0.0,"gold_gain":75.0,"event_name":"World of Goop","player_choice":"Gather Gold","floor":3.0,"gold_loss":0.0,"damage_taken":11.0},{"damage_healed":0.0,"max_hp_gain":0.0,"max_hp_loss":7.0,"gold_gain":0.0,"event_name":"Golden Idol","player_choice":"Lose Max HP","floor":5.0,"gold_loss":0.0,"damage_taken":0.0,"relics_obtained":["Golden Idol"]},{"damage_healed":0.0,"max_hp_gain":0.0,"max_hp_loss":0.0,"gold_gain":0.0,"event_name":"Mushrooms","player_choice":"Fought Mushrooms","floor":11.0,"gold_loss":0.0,"damage_taken":0.0},{"damage_healed":0.0,"max_hp_gain":0.0,"max_hp_loss":0.0,"gold_gain":0.0,"event_name":"Nest","player_choice":"Joined the Cult","floor":19.0,"gold_loss":0.0,"damage_taken":6.0,"cards_obtained":["RitualDagger"]},{"damage_healed":0.0,"max_hp_gain":0.0,"max_hp_loss":0.0,"gold_gain":0.0,"event_name":"Cursed Tome","player_choice":"Obtained Book","floor":21.0,"gold_loss":0.0,"damage_taken":21.0},{"damage_healed":0.0,"max_hp_gain":0.0,"max_hp_loss":0.0,"gold_gain":0.0,"event_name":"The Mausoleum","player_choice":"Ignored","floor":22.0,"gold_loss":0.0,"damage_taken":0.0},{"damage_healed":0,"gold_gain":0,"player_choice":"Fight","damage_taken":0,"max_hp_gain":0,"max_hp_loss":0,"event_name":"Mysterious Sphere","floor":37,"gold_loss":0},{"damage_healed":0,"gold_gain":0,"cards_transformed":["Strike_G"],"player_choice":"Transformed","damage_taken":0,"max_hp_gain":0,"max_hp_loss":0,"event_name":"Transmorgrifier","floor":39,"gold_loss":0,"cards_obtained":["Dagger Throw"]}],"is_beta":false,"boss_relics":[{"not_picked":["Sozu","Busted Crown"],"picked":"Cursed Key"},{"not_picked":["Tiny House","Calling Bell"],"picked":"Runic Pyramid"}],"items_purged_floors":[29,38,41],"is_endless":false,"potions_floor_spawned":[1,4,12,18,20,28,33,36,40,46,48],"killed_by":"Awakened One","ascension_level":20}}