{"host":"u8f6oqzdc7r6igag","time":1613275274,"event":{"mods":["BaseMod","Minty Spire (QoL Compilation)","Relic Stats"],"gold_per_floor":[115,115,40,5,16,51,51,69,69,33,33,48,75,105,117,230,242,239,251,52,68,68,68,96,111,111,42,75,75,86,98,98,98,98],"floor_reached":33,"language":"ENG","playtime":1563,"items_purged":["Defend_G","Defend_G"],"score":473,"play_id":"9111df1e-678a-44de-95a3-0485c5679296","local_time":"20210213220114","is_ascension_mode":true,"campfire_choices":[{"data":"Neutralize","floor":7.0,"key":"SMITH"},{"data":"Crippling Poison","floor":11.0,"key":"SMITH"},{"data":"Footwork","floor":15.0,"key":"SMITH"},{"data":"Ghostly","floor":23.0,"key":"SMITH"},{"floor":29,"key":"REST"},{"data":"Ghostly","floor":32,"key":"SMITH"}],"circlet_count":0,"master_deck":["Strike_G+1","Strike_G+1","Strike_G+1","Strike_G+1","Strike_G+1","Defend_G+1","Defend_G+1","Defend_G+1","Survivor","Neutralize+1","Backflip","Choke","Cloak And Dagger","Cloak And Dagger","Crippling Poison+1","Infinite Blades","Footwork+1","Malaise","After Image","CurseOfTheBell","Acrobatics","Ghostly+1","Ghostly+1","Ghostly","Ghostly","Ghostly","Terror","Accuracy","Blur","Footwork","Die Die Die","Skewer"],"relics":["Ring of the Snake","NeowsBlessing","Mummified Hand","Matryoshka","MawBank","Calling Bell","Juzu Bracelet","Letter Opener","Torii","White Beast Statue","Pear","Ancient Tea Set","Gremlin Horn"],"acts_visited":["Exordium","TheCity"],"potions_floor_usage":[28,31,33],"damage_taken":[{"damage":0.0,"enemies":"Small Slimes","floor":1.0,"turns":1.0},{"damage":0.0,"enemies":"Jaw Worm","floor":5.0,"turns":1.0},{"damage":0.0,"enemies":"Lagavulin","floor":6.0,"turns":1.0},{"damage":0.0,"enemies":"2 Louse","floor":8.0,"turns":2.0},{"damage":18.0,"enemies":"Large Slime","floor":12.0,"turns":6.0},{"damage":12.0,"enemies":"Gremlin Nob","floor":13.0,"turns":4.0},{"damage":1.0,"enemies":"Red Slaver","floor":14.0,"turns":4.0},{"damage":7.0,"enemies":"The Guardian","floor":16.0,"turns":15.0},{"damage":14.0,"enemies":"2 Thieves","floor":18.0,"turns":4.0},{"damage":0.0,"enemies":"Chosen","floor":21.0,"turns":6.0},{"damage":1.0,"enemies":"Book of Stabbing","floor":24.0,"turns":7.0},{"damage":19.0,"enemies":"Snecko","floor":25.0,"turns":6.0},{"damage":9,"enemies":"Slavers","floor":28,"turns":6},{"damage":12,"enemies":"Centurion and Healer","floor":30,"turns":8},{"damage":0,"enemies":"Cultist and Chosen","floor":31,"turns":6},{"damage":21,"enemies":"Collector","floor":33,"turns":3}],"seed_played":"2458766129076292090","potions_obtained":[{"floor":6.0,"key":"Energy Potion"},{"floor":8.0,"key":"Energy Potion"},{"floor":13.0,"key":"Strength Potion"},{"floor":14.0,"key":"EntropicBrew"},{"floor":16.0,"key":"Dexterity Potion"},{"floor":25.0,"key":"Dexterity Potion"},{"floor":28,"key":"SteroidPotion"},{"floor":30,"key":"ColorlessPotion"},{"floor":31,"key":"AttackPotion"}],"is_trial":false,"path_per_floor":["M","?","$","?","M","E","R","M","T","$","R","M","E","M","R","B",null,"M","?","$","M","?","R","E","M","T","$","E","R","M","M","R","B"],"character_chosen":"THE_SILENT","items_purchased":["Crippling Poison","Terror","Accuracy","Footwork"],"campfire_rested":1,"item_purchase_floors":[10,20,20,27],"current_hp_per_floor":[63,49,49,66,66,66,66,66,66,66,66,48,36,35,35,28,60,46,35,35,35,35,35,34,15,25,25,16,29,17,17,17,0,0],"gold":98,"neow_bonus":"THREE_ENEMY_KILL","is_daily":false,"chose_seed":false,"campfire_upgraded":5,"win_rate":0.0,"timestamp":1613275274,"path_taken":["M","?","$","?","M","E","R","M","T","$","R","M","E","M","R","BOSS","M","?","$","M","?","R","E","M","T","$","E","R","M","M","R","BOSS"],"items_purchased_type":["Card","Card","Card","Card"],"build_version":"2020-12-22","purchased_purges":2,"victory":false,"max_hp_per_floor":[70,70,70,70,70,70,70,70,70,70,70,70,70,70,70,70,70,70,35,35,35,35,35,35,35,45,45,45,45,45,45,45,45,45],"relic_stats":{"Torii":23,"Gremlin Horn":[2,2],"counters":[16,80],"Mummified Hand":[41],"Juzu Bracelet":0,"Letter Opener":[75],"MawBank":84,"obtain_stats":[{"Pear":26,"NeowsBlessing":0,"Torii":17,"Gremlin Horn":28,"Juzu Bracelet":17,"Letter Opener":17,"MawBank":13,"Ancient Tea Set":26,"White Beast Statue":24,"Calling Bell":17,"Matryoshka":9,"Mummified Hand":6,"Ring of the Snake":0},{"Pear":12,"NeowsBlessing":0,"Torii":8,"Gremlin Horn":13,"Juzu Bracelet":8,"Letter Opener":8,"MawBank":6,"Ancient Tea Set":12,"White Beast Statue":11,"Calling Bell":8,"Matryoshka":4,"Mummified Hand":3,"Ring of the Snake":0},{"Pear":57,"NeowsBlessing":0,"Torii":34,"Gremlin Horn":63,"Juzu Bracelet":34,"Letter Opener":34,"MawBank":15,"Ancient Tea Set":57,"White Beast Statue":51,"Calling Bell":34,"Matryoshka":5,"Mummified Hand":3,"Ring of the Snake":0}],"Ring of the Snake":[32]},"card_choices":[{"not_picked":["Infinite Blades","Dagger Throw"],"picked":"Backflip","floor":1.0},{"not_picked":["Distraction","Setup"],"picked":"Choke","floor":5.0},{"not_picked":["Dagger Spray","Underhanded Strike"],"picked":"Cloak And Dagger","floor":6.0},{"not_picked":["Quick Slash","Underhanded Strike"],"picked":"Cloak And Dagger","floor":8.0},{"not_picked":["Backflip","Bane"],"picked":"Infinite Blades","floor":12.0},{"not_picked":["Predator","Deadly Poison"],"picked":"Footwork","floor":13.0},{"not_picked":["Blade Dance","Prepared"],"picked":"Malaise","floor":14.0},{"not_picked":["Unload","Night Terror"],"picked":"After Image","floor":16.0},{"not_picked":["Sucker Punch","Concentrate"],"picked":"Acrobatics","floor":18.0},{"not_picked":["Night Terror","Prepared","Deflect"],"picked":"SKIP","floor":21.0},{"not_picked":["Flying Knee","Terror","Eviscerate"],"picked":"SKIP","floor":24.0},{"not_picked":["Deadly Poison","Poisoned Stab+1"],"picked":"Blur","floor":25.0},{"not_picked":["Dagger Throw","Masterful Stab+1"],"picked":"Die Die Die","floor":28},{"not_picked":["Slice","Dodge and Roll","Prepared"],"picked":"SKIP","floor":30},{"not_picked":["Deadly Poison","Backflip"],"picked":"Skewer","floor":31}],"player_experience":189187,"relics_obtained":[{"floor":6.0,"key":"Mummified Hand"},{"floor":9.0,"key":"Matryoshka"},{"floor":13.0,"key":"MawBank"},{"floor":17.0,"key":"Juzu Bracelet"},{"floor":17.0,"key":"Letter Opener"},{"floor":17.0,"key":"Torii"},{"floor":24.0,"key":"White Beast Statue"},{"floor":26.0,"key":"Pear"},{"floor":26.0,"key":"Ancient Tea Set"},{"floor":28,"key":"Gremlin Horn"}],"event_choices":[{"damage_healed":0.0,"max_hp_gain":0.0,"max_hp_loss":0.0,"gold_gain":0.0,"event_name":"Shining Light","player_choice":"Entered Light","floor":2.0,"gold_loss":0.0,"damage_taken":14.0,"cards_upgraded":["Strike_G","Strike_G"]},{"damage_healed":17.0,"max_hp_gain":0.0,"max_hp_loss":0.0,"gold_gain":0.0,"event_name":"The Cleric","player_choice":"Healed","floor":4.0,"gold_loss":35.0,"damage_taken":0.0},{"damage_healed":0.0,"max_hp_gain":0.0,"max_hp_loss":35.0,"gold_gain":0.0,"event_name":"Ghosts","player_choice":"Became a Ghost","floor":19.0,"gold_loss":0.0,"damage_taken":0.0,"cards_obtained":["Ghostly","Ghostly","Ghostly","Ghostly","Ghostly"]},{"damage_healed":0.0,"max_hp_gain":0.0,"max_hp_loss":0.0,"gold_gain":0.0,"event_name":"Back to Basics","player_choice":"Simplicity","floor":22.0,"gold_loss":0.0,"damage_taken":0.0,"cards_upgraded":["Strike_G","Strike_G","Strike_G","Defend_G","Defend_G","Defend_G"]}],"is_beta":false,"boss_relics":[{"not_picked":["SlaversCollar","Coffee Dripper"],"picked":"Calling Bell"}],"items_purged_floors":[3,20],"is_endless":false,"potions_floor_spawned":[6,8,13,14,16,25,28,30,31],"killed_by":"Collector","ascension_level":8}}