{"host":"hl3ams4am2ku5u4p","time":1613331605,"event":{"mods":["AchievementEnabler","Act Like it!","Aspiration","BaseMod","Beaked The Cultist","BetterRewards","CatGirl Mod","Colored Map","Colored Powertips","Conspire","Downfall","Energized Spire","Halation","Hallownest","HornydragonMod","Hubris","Infinite Spire","Jedi Mod","Mad Scientist","Magitek Elite","Minty Spire (QoL Compilation)","READ ME - Guardian Mod","Replay The Spire","Spikes Relics","StSLib","SuperFastMode","The Blackbeard","The Bug Knight","The Construct","The Disciple","The Jungle","The Mystic","The Necromancer","The Senshi"],"gold_per_floor":[112,112,112,112,112,112,126,126,126,126,144,175,175,189,189,284,284,298,59,59,59,59,59,70,70,70,70,89,89,109,128,128,230,230,250,250,250,270,284,284,284,302,326,326,326],"floor_reached":44,"language":"FRA","playtime":1937,"items_purged":["Strike_B","Defend_B"],"score":715,"play_id":"fa1ef40d-a971-4f26-951a-41a367dc6987","local_time":"20210214204005","is_ascension_mode":true,"campfire_choices":[{"floor":6,"key":"REST"},{"data":"Zap","floor":6,"key":"SMITH"},{"data":"Strike_B","floor":8,"key":"SMITH"},{"data":"Defend_B","floor":10,"key":"SMITH"},{"data":"Defend_B","floor":13,"key":"SMITH"},{"data":"TalkToTheHand","floor":15,"key":"SMITH"},{"data":"Beam Cell","floor":23,"key":"SMITH"},{"floor":27,"key":"REST"},{"data":"Guardian:RefractedBeam+1","floor":27,"key":"SMITH"},{"data":"Guardian:RefractedBeam+2","floor":32,"key":"SMITH"},{"floor":40,"key":"REST"},{"data":"Guardian:RefractedBeam+3","floor":40,"key":"SMITH"}],"circlet_count":0,"master_deck":["Defend_B+1","Defend_B","Defend_B+1","Zap+1","Dualcast+1","Bandage Up+1","TalkToTheHand+1","blackbeard:RemoveScurvy+1","Beam Cell+1","FTL","Conserve Battery","Guardian:RefractedBeam+4","Flying Knee","Slimebound:Tackle+1","Slimebound:Tackle+1","Slimebound:Tackle+1","White Noise","Osmosis","blackbeard:TerrorOfTheSeas+1","Leg Sweep+1"],"relics":["Cracked Core","War Paint","PrismaticShard","infinitespire:Beetle Shell","infinitespire:Magic Flask","beaked:ShinyBauble","Omamori","Replay:Ringing Soul","ChewingGum","hubris:Teleporter","Ornamental Fan","energizedSpire:MagnifyingGlass","RollingBoulder"],"acts_visited":["Exordium","TheCity","TheBeyond"],"potions_floor_usage":[16,28,33,33,44],"damage_taken":[{"damage":3,"enemies":"Hallownest:monsterHuskWarrior","floor":1,"turns":4},{"damage":1,"enemies":"Hallownest:2_Baldur","floor":7,"turns":3},{"damage":2,"enemies":"2_ Uuma","floor":11,"turns":4},{"damage":12,"enemies":"Hallownest:eliteVengeflyKing","floor":12,"turns":8},{"damage":0,"enemies":"Hallownest:monsterAspidMother","floor":14,"turns":4},{"damage":60,"enemies":"Hallownest:BossBrokenVessel","floor":16,"turns":12},{"damage":1,"enemies":"conspire:FuzzyDice","floor":18,"turns":10},{"damage":15,"enemies":"3 Byrds","floor":24,"turns":6},{"damage":0,"enemies":"Snake Plant","floor":28,"turns":3},{"damage":0,"enemies":"Centurion and Healer","floor":30,"turns":5},{"damage":7,"enemies":"Chosen and Byrds","floor":31,"turns":4},{"damage":106,"enemies":"Automaton","floor":33,"turns":9},{"damage":9,"enemies":"3 Shapes","floor":35,"turns":9},{"damage":59,"enemies":"3 Darklings","floor":38,"turns":5},{"damage":17,"enemies":"Writhing Mass","floor":39,"turns":10},{"damage":11,"enemies":"Jaw Worm Horde","floor":42,"turns":4},{"damage":134,"enemies":"Giant Head","floor":44,"turns":10}],"seed_played":"9074864602020085467","potions_obtained":[{"floor":7,"key":"jedi:StrikingPotion"},{"floor":11,"key":"jedi:holywater"},{"floor":14,"key":"Block Potion"},{"floor":18,"key":"Regen Potion"},{"floor":24,"key":"FocusPotion"},{"floor":39,"key":"SkillPotion"}],"is_trial":false,"path_per_floor":["M","$","?","?","$","R","M","R","T","R","M","E","R","M","R","B",null,"M","$","?","AVR","?","R","M","$","T","R","M","?","M","M","R","B",null,"M","?","?","M","M","R","?","M","T","E"],"character_chosen":"DEFECT","items_purchased":["Bandage Up","War Paint","PrismaticShard","infinitespire:Beetle Shell","Beam Cell","FTL","Conserve Battery"],"campfire_rested":3,"item_purchase_floors":[0,0,0,0,19,19,19],"current_hp_per_floor":[62,62,58,49,49,71,74,74,74,74,72,66,66,75,75,20,78,80,83,83,83,67,67,69,69,69,92,95,98,98,101,101,24,104,107,107,107,65,62,95,106,95,95,0,0],"gold":326,"neow_bonus":"","is_daily":false,"chose_seed":false,"campfire_upgraded":9,"win_rate":0.0,"timestamp":1613331605,"path_taken":["M","$","?","?","?","R","M","R","T","R","M","E","R","M","R","BOSS","M","$","?","AVR","?","R","M","$","T","R","M","?","M","M","R","BOSS","M","?","?","?","M","R","?","?","T","E"],"items_purchased_type":["Card","Relic","Relic","Relic","Card","Card","Card"],"build_version":"2020-12-22","purchased_purges":2,"victory":false,"max_hp_per_floor":[75,75,75,75,75,75,75,75,75,75,75,75,75,78,78,78,78,81,84,84,84,89,89,92,92,92,92,95,98,98,101,101,104,104,107,107,107,110,110,110,110,110,110,110,110],"card_choices":[{"not_picked":["Chill","MadScienceMod:FragmentationGrenade","Turbo"],"picked":"SKIP","floor":1},{"not_picked":["beaked:Molting","Whirlwind_of_Bones","Slimebound:PressTheAttack"],"picked":"SKIP","floor":7},{"not_picked":["bronze:Frontload","Scrape","Entrench"],"picked":"SKIP","floor":11},{"not_picked":["hexamod:ChargedBarrage","WakeUpCall","Ghostly Armor"],"picked":"SKIP","floor":12},{"not_picked":["CutThroughFate","theCatGirl:BleedingWounds"],"picked":"TalkToTheHand","floor":14},{"not_picked":["blackbeard:Sword","sneckomod:UnknownCommonSkill"],"picked":"blackbeard:RemoveScurvy+1","floor":18},{"not_picked":["construct:ScrapCannon+1","champ:BringItOn"],"picked":"Guardian:RefractedBeam+1","floor":24},{"not_picked":["bronze:WhirlingStrike","Astra"],"picked":"Flying Knee","floor":28},{"not_picked":["theCatGirl:ClenchYourTeeth+1","Poisoned Stab","Purity"],"picked":"SKIP","floor":30},{"not_picked":["construct:CripplingShot","blackbeard:PirateHook"],"picked":"White Noise","floor":31},{"not_picked":["Blood_Wake","Slimebound:CheckThePlaybook"],"picked":"Osmosis","floor":33},{"not_picked":["jedi:fear+1","Cleave+1"],"picked":"blackbeard:TerrorOfTheSeas+1","floor":35},{"not_picked":["blackbeard:GhostInTheRum+1","LockedWhetstone+1"],"picked":"Leg Sweep+1","floor":38},{"not_picked":["bronze:Branch+1","mysticmod:Fireball","MadScienceMod:Strafe+1"],"picked":"SKIP","floor":39},{"not_picked":["TickedOff+1","theCatGirl:SearchBackpack+1","theSenshi:TallSilhouette+1"],"picked":"SKIP","floor":42}],"player_experience":91559,"relics_obtained":[{"floor":9,"key":"Omamori"},{"floor":12,"key":"Replay:Ringing Soul"},{"floor":26,"key":"Ornamental Fan"},{"floor":43,"key":"RollingBoulder"}],"event_choices":[{"damage_healed":0,"gold_gain":0,"player_choice":"Shed Blood","damage_taken":21,"max_hp_gain":5,"max_hp_loss":0,"event_name":"Forgotten Altar","floor":22,"gold_loss":0},{"damage_healed":0,"gold_gain":0,"player_choice":"Full Heal","damage_taken":0,"max_hp_gain":0,"max_hp_loss":0,"event_name":"Wheel of Change","floor":37,"gold_loss":0}],"is_beta":false,"boss_relics":[{"not_picked":["bronze:MakeshiftBattery","Snecko Eye"],"picked":"ChewingGum"},{"not_picked":["Empty Cage","CosmicIsotope"],"picked":"energizedSpire:MagnifyingGlass"}],"items_purged_floors":[0,19],"is_endless":false,"potions_floor_spawned":[7,11,14,18,24,39],"killed_by":"Giant Head","ascension_level":4}}