{"host":"bvp2uifzy1c463d9","time":1613288987,"event":{"mods":["AchievementEnabler","BaseMod","Better Note","Block Reminder","Bossed Relics","ChefMod","Colored Map","Colored Powertips","Energized Spire","Hermit","Highlight Path","Hubris","Infinite Spire","Minty Spire (QoL Compilation)","Random Character Button","Relic Sorter","Relic Stats","Reliquary","Replay The Spire","Robot Space Explorer","StSLib","The Blue Laboratory","The Jungle","The Servant 0.9.4","Wandering Minibosses"],"gold_per_floor":[109,99,115,125,120,120,128,158,158,158,158,88,99,107,107,192,192,163,173,173,114,114,111,101,101],"floor_reached":24,"language":"ENG","playtime":1563,"items_purged":[],"score":276,"play_id":"f93b5518-b8e5-48c3-b049-d97bc485722e","local_time":"20210214014947","is_ascension_mode":true,"campfire_choices":[{"data":"hermit:DeadMansHand","floor":6.0,"key":"SMITH"},{"data":"hermit:Coalescence","floor":10,"key":"SMITH"},{"data":"hermit:Maintenance","floor":15,"key":"SMITH"}],"circlet_count":0,"master_deck":["hermit:TakeCover+1","hermit:Strike_Hermit+1","hermit:Strike_Hermit","hermit:Strike_Hermit+1","hermit:Strike_Hermit","hermit:Defend_Hermit","hermit:Defend_Hermit","hermit:Defend_Hermit","hermit:Defend_Hermit","hermit:Snapshot","hermit:Covet","hermit:Horror","hermit:Coalescence+1","hermit:DeadMansHand+1","hermit:Maintenance+1"],"relics":["reliquary:RedCape","Mango","reliquary:OuijaBoard","infinitespire:Bottled Soul","SlaversCollar","Juzu Bracelet"],"acts_visited":["Exordium","TheCity"],"potions_floor_usage":[16],"damage_taken":[{"damage":0.0,"enemies":"Small Slimes","floor":1.0,"turns":5.0},{"damage":0.0,"enemies":"2 Louse","floor":2.0,"turns":5.0},{"damage":2.0,"enemies":"Jaw Worm","floor":3.0,"turns":5.0},{"damage":5.0,"enemies":"Lots of Slimes","floor":4.0,"turns":6.0},{"damage":6.0,"enemies":"Exordium Wildlife","floor":5.0,"turns":6.0},{"damage":18.0,"enemies":"Lagavulin","floor":7.0,"turns":10.0},{"damage":0,"enemies":"Gremlin Gang","floor":13,"turns":3},{"damage":18,"enemies":"3 Sentries","floor":14,"turns":10},{"damage":4,"enemies":"Slime Boss","floor":16,"turns":13},{"damage":18,"enemies":"2 Thieves","floor":18,"turns":4},{"damage":10,"enemies":"Spheric Guardian","floor":19,"turns":7},{"damage":12,"enemies":"Centurion and Healer","floor":21,"turns":10},{"damage":34,"enemies":"Slavers","floor":23,"turns":6},{"damage":19,"enemies":"Shelled Parasite and Fungi","floor":24,"turns":4}],"seed_played":"-5663062555628663897","potions_obtained":[{"floor":3.0,"key":"Weak Potion"},{"floor":5.0,"key":"blueLaboratory:FruitPunch"},{"floor":7.0,"key":"blueLaboratory:HorrorPotion"},{"floor":13,"key":"BlessingOfTheForge"},{"floor":18,"key":"BlessingOfTheForge"},{"floor":23,"key":"DuplicationPotion"}],"is_trial":false,"path_per_floor":["M","M","M","M","M","R","E","?","T","R","?","$","M","E","R","B",null,"M","M","$","M","$","E","M"],"character_chosen":"HERMIT","items_purchased":["hermit:Maintenance"],"campfire_rested":0,"item_purchase_floors":[12],"current_hp_per_floor":[75,75,73,68,62,62,60,60,60,60,42,42,42,24,24,20,91,73,63,63,51,51,17,0,0],"gold":101,"neow_bonus":"BOSS_RELIC","is_daily":false,"chose_seed":false,"campfire_upgraded":3,"win_rate":0.0,"timestamp":1613288987,"path_taken":["M","M","M","M","M","R","E","?","T","R","?","?","?","E","R","BOSS","M","M","$","M","$","E","M"],"items_purchased_type":["Card"],"build_version":"2020-12-22","purchased_purges":0,"victory":false,"max_hp_per_floor":[75,75,75,75,75,75,91,91,91,91,91,91,91,91,91,91,91,91,91,91,91,91,91,91,91],"relic_stats":{"counters":[14,94],"Juzu Bracelet":0,"obtain_stats":[{"reliquary:OuijaBoard":9,"SlaversCollar":17,"infinitespire:Bottled Soul":14,"Mango":7,"Juzu Bracelet":23,"reliquary:RedCape":0,"hermit:Momento":0},{"reliquary:OuijaBoard":6,"SlaversCollar":9,"infinitespire:Bottled Soul":8,"Mango":6,"Juzu Bracelet":13,"reliquary:RedCape":0,"hermit:Momento":0},{"reliquary:OuijaBoard":37,"SlaversCollar":63,"infinitespire:Bottled Soul":50,"Mango":37,"Juzu Bracelet":90,"reliquary:RedCape":0,"hermit:Momento":0}]},"card_choices":[{"not_picked":["hermit:WideOpen","hermit:Deadeye"],"picked":"hermit:Horror","floor":1.0},{"not_picked":["hermit:Feint","hermit:Malice"],"picked":"hermit:Coalescence","floor":2.0},{"not_picked":["hermit:LowProfile","hermit:Snipe"],"picked":"hermit:DeadMansHand","floor":3.0},{"not_picked":["hermit:Enervate","hermit:BigShot","hermit:Feint"],"picked":"SKIP","floor":4.0},{"not_picked":["hermit:LowProfile","hermit:Headshot","hermit:Coalescence"],"picked":"SKIP","floor":5.0},{"not_picked":["hermit:BigShot","hermit:Coalescence","hermit:FlashPowder"],"picked":"SKIP","floor":7.0},{"not_picked":["hermit:Dive","hermit:Feint","hermit:PistolWhip"],"picked":"SKIP","floor":13},{"not_picked":["hermit:Headshot","hermit:Midnight","hermit:Vantage"],"picked":"SKIP","floor":14},{"not_picked":["hermit:Midnight","hermit:Malice","hermit:DeadMansHand+1"],"picked":"SKIP","floor":18},{"not_picked":["hermit:ItchyTrigger+1","hermit:TrackingShot","hermit:LowProfile"],"picked":"SKIP","floor":19},{"not_picked":["hermit:Desperado+1","hermit:Roulette+1","hermit:Spite"],"picked":"SKIP","floor":21},{"not_picked":["hermit:Snipe","hermit:SprayPray+1","hermit:BigShot+1"],"picked":"SKIP","floor":23}],"player_experience":354539,"relics_obtained":[{"floor":7.0,"key":"Mango"},{"floor":9,"key":"reliquary:OuijaBoard"},{"floor":14,"key":"infinitespire:Bottled Soul"},{"floor":23,"key":"Juzu Bracelet"}],"event_choices":[{"damage_healed":0,"gold_gain":30,"player_choice":"Searched \u00272\u0027 times","damage_taken":0,"max_hp_gain":0,"max_hp_loss":0,"event_name":"Dead Adventurer","floor":8,"gold_loss":0},{"damage_healed":0,"gold_gain":0,"player_choice":"Entered Light","damage_taken":18,"max_hp_gain":0,"max_hp_loss":0,"event_name":"Shining Light","floor":11,"gold_loss":0,"cards_upgraded":["hermit:Strike_Hermit","hermit:Strike_Hermit"]}],"is_beta":false,"boss_relics":[{"not_picked":["energizedSpire:RedRose","hubris:ScarierMask"],"picked":"SlaversCollar"}],"items_purged_floors":[],"is_endless":false,"potions_floor_spawned":[3,5,7,13,18,23],"killed_by":"Shelled Parasite and Fungi","ascension_level":2}}