{"host":"c3lc60y5x60jlt1y","time":1613304943,"event":{"mods":["AchievementEnabler","BaseMod","Bestiary","Colored Map","Minty Spire (QoL Compilation)","Quick Restart","StSLib","ojb\u0027s Info Mod"],"gold_per_floor":[115,190,19,19,19,46,46,77,150,166,176,24,50,73,73,150,150,163,163,163,7,27,27,37,66,66,77,120,148,189,204,204,287,287,307,307,307,307,327,366,416,458,458,493,502,526,526,69,69,69,69,69],"floor_reached":51,"language":"ENG","playtime":12991,"items_purged":["Strike_B","Strike_B"],"score":1743,"play_id":"205104ff-9eec-44af-a3a2-698036487f9e","local_time":"20210214141543","is_ascension_mode":true,"campfire_choices":[{"data":"White Noise","floor":7.0,"key":"SMITH"},{"data":"Auto Shields","floor":15.0,"key":"SMITH"},{"data":"Reboot","floor":23.0,"key":"SMITH"},{"data":"Electrodynamics","floor":32.0,"key":"SMITH"},{"floor":45,"key":"REST"},{"floor":47,"key":"RECALL"},{"data":"Coolheaded","floor":49,"key":"SMITH"}],"circlet_count":0,"master_deck":["AscendersBane","Defend_B","Defend_B","Defend_B","Zap","Dualcast","Doom and Gloom","Reboot+1","White Noise+1","Force Field","Auto Shields+1","Sunder","Coolheaded","Self Repair","Genetic Algorithm","Coolheaded+1","Reboot+1","Force Field","Doom and Gloom","Aggregate+1","Electrodynamics+1","Consume+1","Seek+1","Machine Learning","Creative AI","Turbo+1","Aggregate+1","Undo+1","Capacitor","Double Energy+1"],"relics":["Cracked Core","NeowsBlessing","Dream Catcher","Lantern","Meat on the Bone","Bag of Marbles","Odd Mushroom","Snecko Eye","InkBottle","CeramicFish","Symbiotic Virus","War Paint","SlaversCollar","Smiling Mask","Toxic Egg 2","Regal Pillow","Membership Card","Letter Opener"],"acts_visited":["Exordium","TheCity","TheBeyond"],"potions_floor_usage":[44,50,51],"damage_taken":[{"damage":0.0,"enemies":"Small Slimes","floor":1.0,"turns":1.0},{"damage":0.0,"enemies":"Gremlin Nob","floor":6.0,"turns":1.0},{"damage":0.0,"enemies":"Lagavulin","floor":8.0,"turns":1.0},{"damage":8.0,"enemies":"2 Louse","floor":10.0,"turns":2.0},{"damage":0.0,"enemies":"Cultist","floor":11.0,"turns":2.0},{"damage":8.0,"enemies":"Gremlin Nob","floor":13.0,"turns":3.0},{"damage":0.0,"enemies":"The Mushroom Lair","floor":14.0,"turns":3.0},{"damage":8.0,"enemies":"The Guardian","floor":16.0,"turns":15.0},{"damage":5.0,"enemies":"2 Thieves","floor":18.0,"turns":4.0},{"damage":22.0,"enemies":"Chosen","floor":22.0,"turns":7.0},{"damage":2.0,"enemies":"3 Cultists","floor":24.0,"turns":4.0},{"damage":18.0,"enemies":"Gremlin Leader","floor":25.0,"turns":6.0},{"damage":0.0,"enemies":"Cultist and Chosen","floor":27.0,"turns":5.0},{"damage":0.0,"enemies":"Book of Stabbing","floor":28.0,"turns":4.0},{"damage":1.0,"enemies":"Snecko","floor":29.0,"turns":4.0},{"damage":12.0,"enemies":"Slavers","floor":30.0,"turns":2.0},{"damage":0.0,"enemies":"3 Cultists","floor":31.0,"turns":1.0},{"damage":28.0,"enemies":"Automaton","floor":33.0,"turns":7.0},{"damage":37.0,"enemies":"3 Darklings","floor":35.0,"turns":5.0},{"damage":0.0,"enemies":"Orb Walker","floor":39.0,"turns":3.0},{"damage":41.0,"enemies":"Reptomancer","floor":40.0,"turns":6.0},{"damage":13.0,"enemies":"Nemesis","floor":42.0,"turns":5.0},{"damage":32,"enemies":"Reptomancer","floor":44,"turns":6},{"damage":11,"enemies":"4 Shapes","floor":46,"turns":3},{"damage":2,"enemies":"Donu and Deca","floor":50,"turns":5},{"damage":69,"enemies":"Awakened One","floor":51,"turns":7}],"seed_played":"2338315226586978685","potions_obtained":[{"floor":1.0,"key":"Dexterity Potion"},{"floor":6.0,"key":"Fire Potion"},{"floor":10.0,"key":"Fire Potion"},{"floor":16.0,"key":"PotionOfCapacity"},{"floor":18.0,"key":"Fruit Juice"},{"floor":25.0,"key":"PotionOfCapacity"},{"floor":27.0,"key":"SkillPotion"},{"floor":30.0,"key":"Swift Potion"},{"floor":33.0,"key":"PowerPotion"},{"floor":35.0,"key":"Strength Potion"},{"floor":42.0,"key":"Swift Potion"},{"floor":44,"key":"GamblersBrew"}],"is_trial":false,"path_per_floor":["M","?","$","?","?","E","R","E","T","M","M","$","E","?","R","B",null,"M","?","?","$","M","R","M","E","T","M","E","M","E","M","R","B",null,"M","?","?","?","M","E","?","E","T","E","R","M","R","$","R","B","B"],"character_chosen":"DEFECT","items_purchased":["Reboot","Self Repair","Force Field","Doom and Gloom","Membership Card","Capacitor","Letter Opener","DistilledChaos","Double Energy+1"],"campfire_rested":1,"item_purchase_floors":[3,12,21,21,48,48,48,48,48],"current_hp_per_floor":[64,53,53,46,46,46,46,46,46,38,38,38,42,49,49,48,65,67,67,67,67,52,52,57,51,51,58,58,64,59,66,66,57,71,53,53,53,53,60,38,38,44,44,24,60,56,56,56,56,61,0,0],"gold":69,"neow_bonus":"THREE_ENEMY_KILL","is_daily":false,"chose_seed":false,"campfire_upgraded":5,"win_rate":0.0,"timestamp":1613304943,"path_taken":["M","?","$","?","?","E","R","E","T","M","?","$","E","?","R","BOSS","M","?","?","?","M","R","M","E","T","M","E","M","E","M","R","BOSS","M","?","?","?","?","E","?","E","T","E","R","?","R","$","R","BOSS","BOSS"],"items_purchased_type":["Card","Card","Card","Card","Relic","Card","Relic","Potion","Card"],"build_version":"2020-12-22","purchased_purges":2,"victory":false,"max_hp_per_floor":[71,71,71,71,71,71,71,71,71,71,71,71,71,71,71,71,71,71,71,71,71,71,71,71,76,76,76,76,76,76,76,76,76,76,76,72,72,72,72,72,72,72,72,72,72,72,72,72,72,72,72,72],"card_choices":[{"not_picked":["Double Energy","Compile Driver"],"picked":"Doom and Gloom","floor":1.0},{"not_picked":["Compile Driver","Conserve Battery"],"picked":"Force Field","floor":6.0},{"not_picked":["Machine Learning","Tempest"],"picked":"Auto Shields","floor":8.0},{"not_picked":["Turbo","Stack"],"picked":"Sunder","floor":10.0},{"not_picked":["Streamline","Ball Lightning"],"picked":"Coolheaded","floor":11.0},{"not_picked":["Rebound","Chill"],"picked":"Genetic Algorithm","floor":13.0},{"not_picked":["Compile Driver","Reprogram"],"picked":"Coolheaded","floor":14.0},{"not_picked":["Amplify","Biased Cognition"],"picked":"Reboot","floor":16.0},{"not_picked":["Stack","Beam Cell","Hologram"],"picked":"SKIP","floor":18.0},{"not_picked":["Leap","Redo","Loop"],"picked":"SKIP","floor":22.0},{"not_picked":["Self Repair","Gash","Ball Lightning"],"picked":"SKIP","floor":24.0},{"not_picked":["BootSequence","Capacitor"],"picked":"Aggregate+1","floor":25.0},{"not_picked":["Lockon","Go for the Eyes+1","Redo"],"picked":"SKIP","floor":27.0},{"not_picked":["FTL","Multi-Cast"],"picked":"Electrodynamics","floor":28.0},{"not_picked":["Genetic Algorithm","Sweeping Beam"],"picked":"Consume+1","floor":29.0},{"not_picked":["Conserve Battery","Recycle"],"picked":"Seek","floor":30.0},{"not_picked":["Coolheaded","Heatsinks","Recycle"],"picked":"SKIP","floor":31.0},{"not_picked":["Amplify","Fission"],"picked":"Machine Learning","floor":33.0},{"not_picked":["Auto Shields","Hologram","Darkness"],"picked":"SKIP","floor":35.0},{"not_picked":["Conserve Battery","Stack","Go for the Eyes"],"picked":"SKIP","floor":39.0},{"not_picked":["Barrage","Thunder Strike"],"picked":"Creative AI","floor":40.0},{"not_picked":["Streamline","Recycle+1"],"picked":"Turbo+1","floor":42.0},{"not_picked":["Chill+1","Beam Cell+1","Rebound"],"picked":"SKIP","floor":44},{"not_picked":["Consume+1","Barrage"],"picked":"Aggregate+1","floor":45},{"not_picked":["Machine Learning","Streamline"],"picked":"Undo+1","floor":46}],"player_experience":9310739,"relics_obtained":[{"floor":6.0,"key":"Dream Catcher"},{"floor":8.0,"key":"Lantern"},{"floor":9.0,"key":"Meat on the Bone"},{"floor":13.0,"key":"Bag of Marbles"},{"floor":14.0,"key":"Odd Mushroom"},{"floor":25.0,"key":"InkBottle"},{"floor":26.0,"key":"CeramicFish"},{"floor":28.0,"key":"Symbiotic Virus"},{"floor":30.0,"key":"War Paint"},{"floor":40.0,"key":"Smiling Mask"},{"floor":42.0,"key":"Toxic Egg 2"},{"floor":44,"key":"Regal Pillow"}],"event_choices":[{"damage_healed":0.0,"max_hp_gain":0.0,"max_hp_loss":0.0,"gold_gain":75.0,"event_name":"World of Goop","player_choice":"Gather Gold","floor":2.0,"gold_loss":0.0,"damage_taken":11.0},{"cards_removed":["Strike_B"],"damage_healed":0.0,"max_hp_gain":0.0,"max_hp_loss":0.0,"gold_gain":0.0,"event_name":"Golden Wing","player_choice":"Card Removal","floor":4.0,"gold_loss":0.0,"damage_taken":7.0},{"damage_healed":0.0,"max_hp_gain":0.0,"max_hp_loss":0.0,"gold_gain":0.0,"cards_transformed":["Defend_B"],"event_name":"Transmorgrifier","player_choice":"Transformed","floor":5.0,"gold_loss":0.0,"damage_taken":0.0,"cards_obtained":["White Noise"]},{"damage_healed":0.0,"max_hp_gain":0.0,"max_hp_loss":0.0,"gold_gain":0.0,"event_name":"Mushrooms","player_choice":"Fought Mushrooms","floor":14.0,"gold_loss":0.0,"damage_taken":0.0},{"damage_healed":0.0,"max_hp_gain":0.0,"max_hp_loss":0.0,"gold_gain":0.0,"event_name":"Vampires","player_choice":"Ignored","floor":19.0,"gold_loss":0.0,"damage_taken":0.0},{"cards_removed":["Strike_B"],"damage_healed":0.0,"max_hp_gain":0.0,"max_hp_loss":0.0,"gold_gain":0.0,"event_name":"Back to Basics","player_choice":"Elegance","floor":20.0,"gold_loss":0.0,"damage_taken":0.0},{"damage_healed":0.0,"max_hp_gain":0.0,"max_hp_loss":4.0,"gold_gain":0.0,"event_name":"Winding Halls","player_choice":"Max HP","floor":36.0,"gold_loss":0.0,"damage_taken":0.0},{"damage_healed":0.0,"max_hp_gain":0.0,"max_hp_loss":0.0,"gold_gain":0.0,"event_name":"Tomb of Lord Red Mask","player_choice":"Ignored","floor":37.0,"gold_loss":0.0,"damage_taken":0.0},{"damage_healed":0.0,"max_hp_gain":0.0,"max_hp_loss":0.0,"gold_gain":0.0,"event_name":"Mysterious Sphere","player_choice":"Ignored","floor":38.0,"gold_loss":0.0,"damage_taken":0.0},{"damage_healed":0.0,"max_hp_gain":0.0,"max_hp_loss":0.0,"gold_gain":50.0,"event_name":"Golden Shrine","player_choice":"Pray","floor":41.0,"gold_loss":0.0,"damage_taken":0.0}],"is_beta":false,"boss_relics":[{"not_picked":["Fusion Hammer","Cursed Key"],"picked":"Snecko Eye"},{"not_picked":["Velvet Choker","Busted Crown"],"picked":"SlaversCollar"}],"items_purged_floors":[12,48],"is_endless":false,"potions_floor_spawned":[1,6,10,11,16,18,25,27,29,30,33,35,42,44],"killed_by":"Awakened One","ascension_level":20}}