{"host":"8rqsnaeml9gxb0kp","time":1613296646,"event":{"mods":["AchievementEnabler","BaseMod","Colored Powertips","Dark Map","Minty Spire (QoL Compilation)","Rare Cards Sparkle","Relic Stats","StSLib","slay the spire mod where everything is the same but ironclad has a cowboy hat"],"gold_per_floor":[117,134,144,156,156,156,175,209,209,209,219,234,261,326,326,423,423,435,435,454,454,80,105,105,105,105,30,56,56,67,85,85,190,190,206,206,44,56,56,83,83,99,99,175,213,245,245,262,262,262,262,262,6,31,31,31],"floor_reached":55,"language":"ENG","playtime":2988,"items_purged":["Decay","Normality"],"score":877,"play_id":"66b36dc8-bc13-483a-b513-3913c1fda9ca","local_time":"20210214015726","is_ascension_mode":false,"campfire_choices":[{"data":"Bash","floor":6.0,"key":"SMITH"},{"data":"Bludgeon","floor":15.0,"key":"SMITH"},{"data":"Second Wind","floor":24.0,"key":"SMITH"},{"data":"Immolate","floor":29.0,"key":"SMITH"},{"data":"Demon Form","floor":32.0,"key":"SMITH"},{"data":"Apotheosis","floor":41,"key":"SMITH"},{"floor":47,"key":"RECALL"},{"data":"Impervious","floor":49,"key":"SMITH"},{"data":"Corruption","floor":52,"key":"SMITH"}],"circlet_count":0,"master_deck":["Strike_R","Strike_R","Strike_R","Defend_R","Defend_R","Defend_R","Defend_R","Bash+1","Clothesline","Clothesline","True Grit","Thunderclap","Carnage","Entrench+1","Bludgeon+1","Ghostly Armor+1","Spot Weakness","Immolate+1","Shrug It Off+1","Fire Breathing","Rage","Headbutt","Second Wind+1","True Grit+1","Pommel Strike+1","Demon Form+1","Shrug It Off+1","Impervious+1","True Grit+1","Bludgeon+1","Apotheosis+1","HandOfGreed","Ghostly Armor+1","Parasite","Shrug It Off+1","Corruption+1","True Grit+1"],"relics":["Burning Blood","Calipers","HornCleat","Anchor","Torii","Pen Nib","Mark of Pain","Enchiridion","OrangePellets","War Paint","Ice Cream","Mercury Hourglass","Sundial","Cursed Key","Shuriken","Bottled Lightning","Dead Branch","Art of War","Blue Candle"],"acts_visited":["Exordium","TheCity","TheBeyond","TheEnding"],"potions_floor_usage":[50,50,55,55],"damage_taken":[{"damage":6.0,"enemies":"2 Louse","floor":1.0,"turns":3.0},{"damage":4.0,"enemies":"Cultist","floor":2.0,"turns":3.0},{"damage":6.0,"enemies":"Jaw Worm","floor":3.0,"turns":4.0},{"damage":9.0,"enemies":"Looter","floor":4.0,"turns":3.0},{"damage":14.0,"enemies":"3 Louse","floor":7.0,"turns":4.0},{"damage":42.0,"enemies":"Lagavulin","floor":8.0,"turns":7.0},{"damage":2.0,"enemies":"Blue Slaver","floor":11.0,"turns":2.0},{"damage":0.0,"enemies":"Looter","floor":12.0,"turns":3.0},{"damage":0.0,"enemies":"Gremlin Nob","floor":13.0,"turns":3.0},{"damage":10.0,"enemies":"3 Sentries","floor":14.0,"turns":8.0},{"damage":27.0,"enemies":"Hexaghost","floor":16.0,"turns":11.0},{"damage":13.0,"enemies":"3 Byrds","floor":18.0,"turns":6.0},{"damage":0.0,"enemies":"Spheric Guardian","floor":20.0,"turns":4.0},{"damage":0.0,"enemies":"Book of Stabbing","floor":23.0,"turns":3.0},{"damage":10.0,"enemies":"Slavers","floor":28.0,"turns":3.0},{"damage":1.0,"enemies":"Shelled Parasite and Fungi","floor":30.0,"turns":4.0},{"damage":3.0,"enemies":"Cultist and Chosen","floor":31.0,"turns":6.0},{"damage":34.0,"enemies":"Collector","floor":33.0,"turns":10.0},{"damage":0.0,"enemies":"3 Shapes","floor":35.0,"turns":3.0},{"damage":0.0,"enemies":"3 Darklings","floor":38.0,"turns":2.0},{"damage":2,"enemies":"Giant Head","floor":40,"turns":8},{"damage":1,"enemies":"Spire Growth","floor":42,"turns":4},{"damage":0,"enemies":"Sphere and 2 Shapes","floor":45,"turns":5},{"damage":0,"enemies":"Reptomancer","floor":46,"turns":6},{"damage":0,"enemies":"Transient","floor":48,"turns":5},{"damage":26,"enemies":"Time Eater","floor":50,"turns":11},{"damage":35,"enemies":"Shield and Spear","floor":54,"turns":6},{"damage":76,"enemies":"The Heart","floor":55,"turns":11}],"seed_played":"-8448320764049160352","potions_obtained":[{"floor":1.0,"key":"BloodPotion"},{"floor":2.0,"key":"Weak Potion"},{"floor":13.0,"key":"ElixirPotion"},{"floor":16.0,"key":"SkillPotion"},{"floor":20.0,"key":"Swift Potion"},{"floor":30.0,"key":"EssenceOfSteel"},{"floor":35.0,"key":"ColorlessPotion"},{"floor":38.0,"key":"Swift Potion"},{"floor":46,"key":"EssenceOfSteel"},{"floor":54,"key":"Weak Potion"}],"is_trial":false,"path_per_floor":["M","M","M","M","?","R","M","E","T","?","M","M","E","?","R","B",null,"M","?","M","?","$","E","R","?","T","$","E","R","M","M","R","B",null,"M","?","$","M","?","E","R","M","T","T","M","E","R","M","R","B",null,"R","$","E","B"],"character_chosen":"IRONCLAD","items_purchased":["OrangePellets","Second Wind","War Paint","Apotheosis","Art of War"],"campfire_rested":0,"item_purchase_floors":[22,22,22,37,53],"current_hp_per_floor":[88,88,88,85,88,88,80,44,44,19,23,29,52,48,48,27,88,81,81,87,71,71,77,77,77,77,77,73,73,78,81,81,53,88,88,88,88,88,88,88,88,88,88,88,88,88,88,88,88,68,88,88,88,59,0,0],"gold":31,"neow_bonus":"TEN_PERCENT_HP_BONUS","is_daily":false,"chose_seed":false,"campfire_upgraded":8,"win_rate":0.0,"timestamp":1613296646,"path_taken":["M","M","M","M","?","R","?","E","T","?","M","M","E","?","R","BOSS","M","?","M","?","$","E","R","?","T","?","E","R","?","M","R","BOSS","M","?","?","?","?","E","R","M","T","?","M","E","R","M","R","BOSS","R","$","E","BOSS"],"items_purchased_type":["Relic","Card","Relic","Card","Relic"],"build_version":"2020-12-22","purchased_purges":2,"victory":false,"max_hp_per_floor":[88,88,88,88,88,88,88,88,88,88,88,88,88,88,88,88,88,88,88,88,88,88,88,88,88,88,88,88,88,88,88,88,88,88,88,88,88,88,88,88,88,88,88,88,88,88,88,88,88,88,88,88,88,88,88,88],"relic_stats":{"Torii":82,"counters":[28,147],"Dead Branch":[50],"Blue Candle":[0],"Pen Nib":[16],"War Paint":["Ghostly Armor","Entrench"],"Cursed Key":2,"Burning Blood":121,"Mercury Hourglass":[307],"OrangePellets":[5],"Sundial":[2],"Shuriken":[7],"Art of War":[1],"obtain_stats":[{"Ice Cream":23,"Calipers":8,"Torii":13,"Dead Branch":46,"Blue Candle":54,"Enchiridion":21,"Pen Nib":14,"War Paint":22,"Cursed Key":34,"Burning Blood":0,"Mercury Hourglass":26,"OrangePellets":22,"Anchor":10,"HornCleat":9,"Sundial":28,"Shuriken":40,"Mark of Pain":17,"Art of War":53,"Bottled Lightning":44},{"Ice Cream":14,"Calipers":6,"Torii":9,"Dead Branch":24,"Blue Candle":27,"Enchiridion":13,"Pen Nib":9,"War Paint":13,"Cursed Key":18,"Burning Blood":0,"Mercury Hourglass":14,"OrangePellets":13,"Anchor":6,"HornCleat":6,"Sundial":15,"Shuriken":21,"Mark of Pain":11,"Art of War":26,"Bottled Lightning":22},{"Ice Cream":64,"Calipers":24,"Torii":32,"Dead Branch":114,"Blue Candle":136,"Enchiridion":61,"Pen Nib":32,"War Paint":61,"Cursed Key":87,"Burning Blood":0,"Mercury Hourglass":64,"OrangePellets":61,"Anchor":24,"HornCleat":24,"Sundial":67,"Shuriken":99,"Mark of Pain":51,"Art of War":130,"Bottled Lightning":103}]},"card_choices":[{"not_picked":["Rage","Power Through"],"picked":"Clothesline","floor":1.0},{"not_picked":["Perfected Strike","Shrug It Off"],"picked":"Clothesline","floor":2.0},{"not_picked":["Wild Strike","Sword Boomerang"],"picked":"Intimidate","floor":3.0},{"not_picked":["Havoc","Heavy Blade"],"picked":"True Grit","floor":4.0},{"not_picked":["Rupture","Pummel"],"picked":"Thunderclap","floor":7.0},{"not_picked":["Havoc","Ghostly Armor"],"picked":"Carnage","floor":8.0},{"not_picked":["Heavy Blade","Body Slam"],"picked":"Entrench","floor":11.0},{"not_picked":["True Grit","Cleave"],"picked":"Bludgeon","floor":12.0},{"not_picked":["Feel No Pain","Twin Strike"],"picked":"Ghostly Armor","floor":13.0},{"not_picked":["Flex","Warcry"],"picked":"Spot Weakness","floor":14.0},{"not_picked":["Fiend Fire","Exhume"],"picked":"Immolate","floor":16.0},{"not_picked":["Feel No Pain","Twin Strike"],"picked":"Shrug It Off+1","floor":18.0},{"not_picked":["Rage","Clothesline+1"],"picked":"Headbutt","floor":20.0},{"not_picked":["Headbutt","Anger"],"picked":"True Grit+1","floor":23.0},{"not_picked":["Thunderclap","Armaments+1"],"picked":"Pommel Strike+1","floor":28.0},{"not_picked":["Sever Soul+1","Flex"],"picked":"Demon Form","floor":30.0},{"not_picked":["Infernal Blade","Searing Blow"],"picked":"Shrug It Off+1","floor":31.0},{"not_picked":["Fiend Fire","Corruption"],"picked":"Impervious","floor":33.0},{"not_picked":["Heavy Blade","Dark Embrace+1"],"picked":"True Grit+1","floor":35.0},{"not_picked":["Armaments","Rupture+1","True Grit"],"picked":"SKIP","floor":38.0},{"not_picked":["Finesse","Blind"],"picked":"HandOfGreed","floor":39.0},{"not_picked":["Evolve","Infernal Blade"],"picked":"Ghostly Armor+1","floor":40},{"not_picked":["Searing Blow","Anger","Combust"],"picked":"SKIP","floor":42},{"not_picked":["Blood for Blood+1","True Grit"],"picked":"Shrug It Off+1","floor":45},{"not_picked":["Entrench","Shockwave+1"],"picked":"Corruption","floor":46},{"not_picked":["Twin Strike","Shrug It Off+1"],"picked":"True Grit+1","floor":48},{"not_picked":["Fire Breathing","True Grit","Armaments+1"],"picked":"SKIP","floor":54}],"player_experience":224533,"relics_obtained":[{"floor":8.0,"key":"Calipers"},{"floor":9.0,"key":"HornCleat"},{"floor":13.0,"key":"Torii"},{"floor":21.0,"key":"Enchiridion"},{"floor":23.0,"key":"Ice Cream"},{"floor":26.0,"key":"Mercury Hourglass"},{"floor":28.0,"key":"Sundial"},{"floor":40,"key":"Shuriken"},{"floor":44,"key":"Bottled Lightning"},{"floor":46,"key":"Dead Branch"},{"floor":54,"key":"Blue Candle"}],"event_choices":[{"cards_removed":["Intimidate"],"damage_healed":3.0,"max_hp_gain":0.0,"max_hp_loss":0.0,"gold_gain":0.0,"event_name":"Bonfire Elementals","player_choice":"Offered Uncommon","floor":5.0,"gold_loss":0.0,"damage_taken":0.0},{"damage_healed":0.0,"max_hp_gain":0.0,"max_hp_loss":0.0,"gold_gain":0.0,"event_name":"Scrap Ooze","player_choice":"Success","floor":10.0,"gold_loss":0.0,"damage_taken":25.0,"relics_obtained":["Anchor"]},{"damage_healed":0.0,"max_hp_gain":0.0,"max_hp_loss":0.0,"gold_gain":0.0,"event_name":"Dead Adventurer","player_choice":"Searched \u00272\u0027 times","floor":14.0,"gold_loss":0.0,"damage_taken":0.0,"relics_obtained":["Pen Nib"]},{"damage_healed":0.0,"max_hp_gain":0.0,"max_hp_loss":0.0,"gold_gain":0.0,"cards_transformed":["Strike_R","Strike_R"],"event_name":"Drug Dealer","player_choice":"Became Test Subject","floor":19.0,"gold_loss":0.0,"damage_taken":0.0,"cards_obtained":["Fire Breathing","Rage"]},{"damage_healed":0.0,"max_hp_gain":0.0,"max_hp_loss":0.0,"gold_gain":0.0,"event_name":"Cursed Tome","player_choice":"Obtained Book","floor":21.0,"gold_loss":0.0,"damage_taken":16.0},{"damage_healed":0.0,"max_hp_gain":0.0,"max_hp_loss":0.0,"gold_gain":0.0,"event_name":"Forgotten Altar","player_choice":"Smashed Altar","floor":25.0,"gold_loss":0.0,"damage_taken":0.0,"cards_obtained":["Decay"]},{"damage_healed":0.0,"max_hp_gain":0.0,"max_hp_loss":0.0,"gold_gain":0.0,"event_name":"Duplicator","player_choice":"Copied","floor":36.0,"gold_loss":0.0,"damage_taken":0.0,"cards_obtained":["Bludgeon"]},{"damage_healed":0.0,"max_hp_gain":0.0,"max_hp_loss":0.0,"gold_gain":0.0,"event_name":"SensoryStone","player_choice":"Memory 1","floor":39.0,"gold_loss":0.0,"damage_taken":0.0}],"is_beta":false,"boss_relics":[{"not_picked":["Astrolabe","Pandora\u0027s Box"],"picked":"Mark of Pain"},{"not_picked":["Snecko Eye","Empty Cage"],"picked":"Cursed Key"}],"items_purged_floors":[27,53],"is_endless":false,"potions_floor_spawned":[1,2,13,16,20,28,30,35,38,46,54],"killed_by":"The Heart","ascension_level":0}}