{"host":"d73an99q9oevilk5","time":1613265260,"event":{"mods":["2.2 Compatiblity","AchievementEnabler","Act Like it!","Aspiration","BaseMod","Beaked The Cultist","Better Third Choice","BetterRewards","Colored Map","Colored Powertips","Conspire","Downfall","GifTheSpireLib","GungeonMod","Halation","Hubris","Infinite Spire","Marisa????????","Mimic Mod","Minty Spire (QoL Compilation)","Quick Restart","Relic Sorter","Reliquary","Replay The Spire","Shop Mod","Spikes Relics","StSLib","Stuff the Spire","The Bug Knight","The Cursed","The Jungle","The Necromancer","The Saiyan","Waifu the Spire","egg","slay the spire mod where everything is the same but ironclad has a cowboy hat"],"gold_per_floor":[118,46,46,46,46,46,58,70,107,119,130,130,164,181,181,279,279,297,316,316,316,336,361,375,375,375],"floor_reached":25,"language":"ENG","playtime":978,"items_purged":[],"score":350,"play_id":"5dc004cd-b2a7-4709-8d2b-a87ae6a4bdd4","local_time":"20210213181420","is_ascension_mode":false,"campfire_choices":[{"data":"Footwork","floor":6.0,"key":"SMITH"},{"data":"Noxious Fumes","floor":15.0,"key":"SMITH"}],"circlet_count":0,"master_deck":["Strike_G","Strike_G","Strike_G","Strike_G","Strike_G","Defend_G+1","Defend_G","Defend_G","Defend_G","Defend_G+1","Survivor","Neutralize","Poisoned Stab","Bane","Footwork+1","Noxious Fumes+1","StuffTheSpire:MirrorStance","Distraction","Bouncing Flask","Draining Mist","Envenom","Dash","Decay","StuffTheSpire:Python+1","Noxious Fumes","StuffTheSpire:Fury+1"],"relics":["Ring of the Snake","hubris:Icosahedron","Iron Hammer","Paper Crane","aspiration:ChemicalBlood","War Paint","halation:TwoAmDonut","DemoMod:GlassGuonStoneRelic"],"acts_visited":["Exordium","Exordium"],"potions_floor_usage":[23,23,23,25,25],"damage_taken":[{"damage":0.0,"enemies":"2 Louse","floor":1.0,"turns":2.0},{"damage":0.0,"enemies":"Cultist","floor":7.0,"turns":3.0},{"damage":0.0,"enemies":"Small Slimes","floor":8.0,"turns":3.0},{"damage":0.0,"enemies":"Looter","floor":9.0,"turns":8.0},{"damage":0.0,"enemies":"Looter","floor":10.0,"turns":3.0},{"damage":0.0,"enemies":"Blue Slaver","floor":11.0,"turns":3.0},{"damage":0.0,"enemies":"3 Sentries","floor":13.0,"turns":10.0},{"damage":0.0,"enemies":"Large Slime","floor":14.0,"turns":3.0},{"damage":2.0,"enemies":"Slime Boss","floor":16.0,"turns":10.0},{"damage":0.0,"enemies":"Shell Parasite","floor":18.0,"turns":5.0},{"damage":12.0,"enemies":"theJungle:GiantWrat","floor":19.0,"turns":5.0},{"damage":29.0,"enemies":"theJungle:2_Snecko_Cultists","floor":22.0,"turns":4.0},{"damage":13,"enemies":"theJungle:2_Phrogs","floor":23,"turns":7},{"damage":3,"enemies":"theJungle:Lyon","floor":24,"turns":4},{"damage":17,"enemies":"theJungle:MamaSnecko","floor":25,"turns":4}],"seed_played":"150405007213850025","potions_obtained":[{"floor":3.0,"key":"Strength Potion"},{"floor":3.0,"key":"Strength Potion"},{"floor":3.0,"key":"PowerPotion"},{"floor":10.0,"key":"champ:CounterPotion"},{"floor":14.0,"key":"GhostInAJar"},{"floor":18.0,"key":"hexamod:SoulburnPotion"}],"is_trial":false,"path_per_floor":["M","$","?","$","?","R","M","M","MIM","M","M","?","E","M","R","B",null,"M","M","?","?","M","E","M","E"],"character_chosen":"THE_SILENT","items_purchased":["Iron Hammer","Footwork"],"campfire_rested":0,"item_purchase_floors":[0,2],"current_hp_per_floor":[70,70,70,70,70,70,70,70,70,70,70,70,70,70,70,68,70,70,58,58,58,29,16,13,0,0],"gold":375,"neow_bonus":"","is_daily":false,"chose_seed":false,"campfire_upgraded":2,"win_rate":0.0,"timestamp":1613265260,"path_taken":["M","$","?","?","?","R","M","M","MIM","?","M","?","E","M","R","BOSS","M","M","?","?","M","E","?","E"],"items_purchased_type":["Relic","Card"],"build_version":"2020-12-22","purchased_purges":0,"victory":false,"max_hp_per_floor":[70,70,70,70,70,70,70,70,70,70,70,70,70,70,70,70,70,70,70,70,70,70,70,70,70,70],"card_choices":[{"not_picked":["StuffTheSpire:ReptileScales","ReplayTheSpireMod:Exploit Weakness"],"picked":"Bane","floor":1.0},{"not_picked":["A Thousand Cuts","Quick Slash","Acrobatics"],"picked":"SKIP","floor":7.0},{"not_picked":["Deadly Poison","Prepared"],"picked":"Noxious Fumes","floor":8.0},{"not_picked":["Deflect","Blade Dance"],"picked":"StuffTheSpire:MirrorStance","floor":10.0},{"not_picked":["StuffTheSpire:Repulse","Predator"],"picked":"Distraction","floor":11.0},{"not_picked":["ReplayTheSpireMod:Necrosis","Quick Slash"],"picked":"Bouncing Flask","floor":13.0},{"not_picked":["StuffTheSpire:ReptileScales","Tactician"],"picked":"Draining Mist","floor":14.0},{"not_picked":["Grand Finale","Malaise"],"picked":"Envenom","floor":16.0},{"not_picked":["StuffTheSpire:BumpUp","Outmaneuver","All Out Attack"],"picked":"SKIP","floor":18.0},{"not_picked":["Sucker Punch","Escape Plan+1"],"picked":"Dash","floor":19.0},{"not_picked":["ReplayTheSpireMod:Shiv Toss","Underhanded Strike+1"],"picked":"StuffTheSpire:Python+1","floor":22.0},{"not_picked":["StuffTheSpire:ClusterCrunch+1","Underhanded Strike"],"picked":"Noxious Fumes","floor":23},{"not_picked":["StuffTheSpire:Sprint","Outmaneuver"],"picked":"StuffTheSpire:Fury+1","floor":24}],"player_experience":1916903,"relics_obtained":[{"floor":9.0,"key":"Paper Crane"},{"floor":12.0,"key":"aspiration:ChemicalBlood"},{"floor":13.0,"key":"War Paint"},{"floor":23,"key":"halation:TwoAmDonut"}],"event_choices":[{"damage_healed":0.0,"max_hp_gain":0.0,"max_hp_loss":0.0,"gold_gain":0.0,"event_name":"Lab","player_choice":"Got Potions","floor":3.0,"gold_loss":0.0,"damage_taken":0.0},{"damage_healed":0.0,"max_hp_gain":0.0,"max_hp_loss":0.0,"gold_gain":0.0,"event_name":"Wheel of Change","player_choice":"Cursed","floor":21.0,"gold_loss":0.0,"damage_taken":0.0,"cards_obtained":["Decay"]}],"is_beta":false,"boss_relics":[{"not_picked":["Snecko Scales","Replay:Drink Me","halation:Prosthetics"]}],"items_purged_floors":[],"is_endless":false,"potions_floor_spawned":[10,11,14,18],"killed_by":"theJungle:MamaSnecko","ascension_level":0}}