{"host":"farxtl2u8hmkbdo2","time":1613264495,"event":{"mods":["A Magickal Journey","BaseMod","Better Altar","Better Note","Better Sensory Stone","Better Skull","Better Third Choice","Challenge The Spire","Colored Map","Colored Powertips","Current Relic Mod","Downfall","Energized Spire","Fox Events","Gremlin Mod","Hermit","Hubris","Mimic Mod","Minty Spire (QoL Compilation)","Quick Restart","READ ME - Guardian Mod","Rare Cards Sparkle","StSLib","The Bladedancer","The Bug Knight","The Cursed","The Disciple","The Hierophant","The Marked","The Necromancer","The Runesmith","Transform Curses"],"gold_per_floor":[111,71,81,81,33,59,59,85,85,85,97,126,126,126,126,257,257,278,278,278,278,298,339,339,373,396,25,25,25],"floor_reached":28,"language":"SPA","playtime":1357,"items_purged":["hubris:SpecializedCircuitry"],"score":365,"play_id":"27ed4927-da76-40f2-ad88-0676dd8dd556","local_time":"20210213220135","is_ascension_mode":true,"campfire_choices":[{"data":"Runesmith:CraftFirestone","floor":7,"key":"SMITH"},{"data":"Runesmith:Superposition","floor":10,"key":"SMITH"},{"floor":15,"key":"REST"},{"data":"Doppelganger","floor":24,"key":"SMITH"}],"circlet_count":0,"master_deck":["Runesmith:Strike_RS","Runesmith:Strike_RS+1","Runesmith:Strike_RS","Runesmith:Defend_RS","Runesmith:Defend_RS","Runesmith:CraftFirestone+1","Runesmith:Fortify+1","Runesmith:Superposition+1","Runesmith:HammerTime","Doppelganger+1","Runesmith:CraftProtectio","Runesmith:CraftSpiculum","Runesmith:FieryHammer","Runesmith:RuneHurl+1","Runesmith:CreatorForm","Runesmith:CraftIncendium","Runesmith:GenerateForcefield","Runesmith:Firestorm","Runesmith:WhiteBalance","Runesmith:HammerTime","Runesmith:RuneHurl+1","Runesmith:EnergizedChisel+1","Runesmith:BackupBattery","Runesmith:UnlimitedPower"],"relics":["Runesmith:BrokenRuby","Blood Vial","Strawberry","Oddly Smooth Stone","Potion Belt","Nunchaku","Whetstone","Golden Idol","hubris:ScarierMask","hubris:Icosahedron","Blue Candle","Unceasing Top","Runesmith:AutoHammer","Art of War"],"acts_visited":["Exordium","TheCity"],"potions_floor_usage":[6,12,16,16,16,22,23,23,28],"damage_taken":[{"damage":1,"enemies":"2 Louse","floor":1,"turns":3},{"damage":0,"enemies":"Cultist","floor":3,"turns":3},{"damage":4,"enemies":"Gremlin Nob","floor":6,"turns":4},{"damage":12,"enemies":"Lagavulin","floor":8,"turns":6},{"damage":12,"enemies":"Jaw Worm","floor":11,"turns":3},{"damage":32,"enemies":"Gremlin Nob","floor":12,"turns":4},{"damage":12,"enemies":"Hexaghost","floor":16,"turns":7},{"damage":18,"enemies":"Chosen","floor":18,"turns":6},{"damage":21,"enemies":"Spheric Guardian","floor":22,"turns":4},{"damage":22,"enemies":"HollowMod:Nosk","floor":23,"turns":6},{"damage":17,"enemies":"Slavers","floor":25,"turns":4},{"damage":24,"enemies":"Book of Stabbing","floor":28,"turns":4}],"seed_played":"6857455201188187472","potions_obtained":[{"floor":2,"key":"SmokeBomb"},{"floor":2,"key":"EntropicBrew"},{"floor":2,"key":"DistilledChaos"},{"floor":3,"key":"LiquidBronze"},{"floor":8,"key":"LiquidBronze"},{"floor":11,"key":"DistilledChaos"},{"floor":16,"key":"Explosive Potion"},{"floor":18,"key":"ColorlessPotion"},{"floor":25,"key":"Guardian:BlockOnCardUsePotion"}],"is_trial":false,"path_per_floor":["M","?","M","?","$","E","R","E","T","R","M","E","?","?","R","B",null,"M","?","?","?","M","E","R","E","T","$","E"],"character_chosen":"RUNESMITH_CLASS","items_purchased":["Runesmith:CraftProtectio","Runesmith:UnlimitedPower","Art of War"],"campfire_rested":1,"item_purchase_floors":[5,27,27],"current_hp_per_floor":[69,69,69,54,54,52,52,42,42,42,32,2,2,2,25,15,62,46,46,46,46,57,37,37,22,22,22,0,0],"gold":25,"neow_bonus":"TEN_PERCENT_HP_BONUS","is_daily":false,"chose_seed":false,"campfire_upgraded":3,"win_rate":0.0,"timestamp":1613264495,"path_taken":["M","?","?","?","$","E","R","E","T","R","M","E","?","?","R","BOSS","M","?","?","?","?","E","R","E","T","?","E"],"items_purchased_type":["Card","Card","Relic"],"build_version":"2020-12-22","purchased_purges":1,"victory":false,"max_hp_per_floor":[77,77,77,84,84,84,84,84,84,84,84,84,78,78,78,78,78,78,78,78,78,78,78,78,78,78,78,78,78],"card_choices":[{"not_picked":["Runesmith:Overpower","Runesmith:CraftProtectio"],"picked":"Runesmith:Superposition","floor":1},{"not_picked":["Runesmith:CraftMagma","Runesmith:Grindstone"],"picked":"Runesmith:HammerTime","floor":3},{"not_picked":["Runesmith:EarthShield","Runesmith:HammerTime"],"picked":"Runesmith:CraftSpiculum","floor":6},{"not_picked":["Runesmith:Empowerment","Runesmith:Firestorm"],"picked":"Runesmith:FieryHammer","floor":8},{"not_picked":["Runesmith:UnstableHammer","Runesmith:MakeshiftArmor"],"picked":"Runesmith:RuneHurl","floor":11},{"not_picked":["Runesmith:UnstableHammer","Runesmith:Overpower"],"picked":"Runesmith:CreatorForm","floor":12},{"not_picked":["Runesmith:CraftIndustria","Runesmith:CreatorForm"],"picked":"Runesmith:GenerateForcefield","floor":16},{"not_picked":["Runesmith:HammerThrow","Runesmith:ChiselStab"],"picked":"Runesmith:Firestorm","floor":18},{"not_picked":["Runesmith:HammerThrow","Runesmith:StaticCage"],"picked":"Runesmith:RuneHurl+1","floor":22},{"not_picked":["Runesmith:MakeshiftArmor+1","Runesmith:GoWithTheFlow"],"picked":"Runesmith:EnergizedChisel+1","floor":23},{"not_picked":["Runesmith:EarthShield","Runesmith:MakeshiftArmor"],"picked":"Runesmith:BackupBattery","floor":25}],"player_experience":2207655,"relics_obtained":[{"floor":6,"key":"Oddly Smooth Stone"},{"floor":8,"key":"Potion Belt"},{"floor":9,"key":"Nunchaku"},{"floor":12,"key":"Whetstone"},{"floor":23,"key":"Blue Candle"},{"floor":25,"key":"Unceasing Top"},{"floor":26,"key":"Runesmith:AutoHammer"}],"event_choices":[{"damage_healed":0,"gold_gain":0,"player_choice":"Bought 3 Potions","damage_taken":0,"max_hp_gain":0,"max_hp_loss":0,"event_name":"The Woman in Blue","floor":2,"gold_loss":0},{"damage_healed":0,"gold_gain":0,"player_choice":"Lose Max HP","damage_taken":0,"relics_obtained":["Golden Idol"],"max_hp_gain":0,"max_hp_loss":6,"event_name":"Golden Idol","floor":13,"gold_loss":0},{"damage_healed":0,"gold_gain":0,"cards_transformed":["Runesmith:Defend_RS"],"player_choice":"Change","damage_taken":0,"max_hp_gain":0,"max_hp_loss":0,"event_name":"Living Wall","floor":14,"gold_loss":0,"cards_obtained":["Runesmith:CraftIncendium"]},{"damage_healed":0,"gold_gain":0,"cards_transformed":["Runesmith:Strike_RS","Runesmith:Defend_RS"],"player_choice":"Became Test Subject","damage_taken":0,"max_hp_gain":0,"max_hp_loss":0,"event_name":"Drug Dealer","floor":19,"gold_loss":0,"cards_obtained":["Runesmith:WhiteBalance","Runesmith:HammerTime"]},{"damage_healed":0,"gold_gain":0,"player_choice":"Upgraded","damage_taken":0,"max_hp_gain":0,"max_hp_loss":0,"event_name":"Upgrade Shrine","floor":21,"gold_loss":0,"cards_upgraded":["Runesmith:Fortify"]}],"is_beta":false,"boss_relics":[{"not_picked":["energizedSpire:RedRose","hubris:GrandSneckoEye"],"picked":"hubris:ScarierMask"}],"items_purged_floors":[27],"is_endless":false,"potions_floor_spawned":[3,8,11,16,18,25],"killed_by":"Book of Stabbing","ascension_level":7}}