{"host":"684z1xpuwaoqmmh1","time":1613316403,"event":{"mods":["A Magickal Journey","BaseMod","Downfall","Hermit","Jorbs\u0027s Wanderer Trilogy","Marisa????????","Minty Spire (QoL Compilation)","Robot Space Explorer","Shade Mod","StSLib","The Bug Knight","The Dragon Tamer","The Elementalist","The Hayseed","The Hierophant","The Marked","The Mystic","The Runesmith","The Saiyan","The Senshi","The Spell Scribe","The Vixen","TheBandit","TheFirefly"],"gold_per_floor":[115,129,147,222,236,267,267,267,294,308,308,321,336,368,368,368,368],"floor_reached":16,"language":"ENG","playtime":871,"items_purged":[],"score":222,"play_id":"c1cdf444-60ce-4b23-9d15-1ea7f9f84d73","local_time":"20210214172643","is_ascension_mode":true,"campfire_choices":[{"floor":7,"key":"REST"},{"floor":11,"key":"REST"},{"data":"theSenshi:MoonCrystalPowerMakeUp","floor":15,"key":"SMITH"}],"circlet_count":0,"master_deck":["AscendersBane","theSenshi:SailorKick","theSenshi:SailorKick","theSenshi:SailorKick","theSenshi:SailorBlock","theSenshi:SailorBlock","theSenshi:SailorBlock","theSenshi:SailorBlock","theSenshi:RoseThrow","theSenshi:MoonPrismPowerMakeUp","theSenshi:MoonCrisisMakeUp","theSenshi:SailorVenusAssists","theSenshi:MoonPunch","theSenshi:IWillPunishYou","theSenshi:SailorV","theSenshi:MoonCrystalPowerMakeUp+1","theSenshi:MoonHealingEscalation","theSenshi:InTheNickOfTime","theSenshi:SailorChibiMoonAssists"],"relics":["theSenshi:TransformationBroochRelic","Akabeko","Oddly Smooth Stone","Tiny Chest"],"acts_visited":["Exordium"],"potions_floor_usage":[6,6,14],"damage_taken":[{"damage":0,"enemies":"Cultist","floor":1,"turns":4},{"damage":7,"enemies":"2 Louse","floor":2,"turns":3},{"damage":6,"enemies":"Small Slimes","floor":3,"turns":4},{"damage":27,"enemies":"Gremlin Gang","floor":5,"turns":6},{"damage":12,"enemies":"Lagavulin","floor":6,"turns":5},{"damage":21,"enemies":"Exordium Wildlife","floor":10,"turns":6},{"damage":4,"enemies":"2 Fungi Beasts","floor":12,"turns":4},{"damage":0,"enemies":"3 Louse","floor":13,"turns":14},{"damage":33,"enemies":"3 Sentries","floor":14,"turns":13},{"damage":60,"enemies":"Hexaghost","floor":16,"turns":16}],"seed_played":"-4815631419592998376","potions_obtained":[{"floor":2,"key":"champ:CounterPotion"},{"floor":3,"key":"hexamod:SoulburnPotion"},{"floor":10,"key":"BlessingOfTheForge"},{"floor":13,"key":"Slimebound:ThreeZeroPotion"}],"is_trial":false,"path_per_floor":["M","M","M","?","M","E","R","?","T","M","R","M","M","E","R","B"],"character_chosen":"THE_SENSHI","items_purchased":[],"campfire_rested":2,"item_purchase_floors":[],"current_hp_per_floor":[75,68,62,51,24,12,36,36,36,15,39,40,70,42,42,0,0],"gold":368,"neow_bonus":"TEN_PERCENT_HP_BONUS","is_daily":false,"chose_seed":false,"campfire_upgraded":1,"win_rate":0.0,"timestamp":1613316403,"path_taken":["M","M","?","?","M","E","R","?","T","M","R","M","?","E","R","BOSS"],"items_purchased_type":[],"build_version":"2020-12-22","purchased_purges":0,"victory":false,"max_hp_per_floor":[82,82,82,82,82,82,82,82,82,82,82,82,82,82,82,82,82],"card_choices":[{"not_picked":["theSenshi:MoonPower","theSenshi:SchoolBag"],"picked":"theSenshi:MoonCrisisMakeUp","floor":1},{"not_picked":["theSenshi:TuxedoSmokingBomber","theSenshi:MoonsReflection"],"picked":"theSenshi:SailorVenusAssists","floor":2},{"not_picked":["theSenshi:TuxedoSmokingBomber","theSenshi:Sidestep"],"picked":"theSenshi:MoonPunch","floor":3},{"not_picked":["theSenshi:MoonSpiralHeartAttack","theSenshi:RainbowMoonHeartAche"],"picked":"theSenshi:IWillPunishYou","floor":5},{"not_picked":["theSenshi:PlutosSolemnity","theSenshi:UranusStrength"],"picked":"theSenshi:SailorV","floor":6},{"not_picked":["theSenshi:SailorUranusAssists","theSenshi:MoonPower"],"picked":"theSenshi:MoonHealingEscalation","floor":10},{"not_picked":["theSenshi:VenusGlamour","theSenshi:LateForSchool"],"picked":"theSenshi:InTheNickOfTime","floor":12},{"not_picked":["theSenshi:MoonSpiralHeartAttack","theSenshi:SchoolBag"],"picked":"theSenshi:SailorChibiMoonAssists","floor":13},{"not_picked":["theSenshi:SailorVenusAssists","theSenshi:MoonsReflection","theSenshi:Sidestep"],"picked":"SKIP","floor":14}],"player_experience":3284769,"relics_obtained":[{"floor":6,"key":"Akabeko"},{"floor":9,"key":"Oddly Smooth Stone"},{"floor":14,"key":"Tiny Chest"}],"event_choices":[{"damage_healed":0,"gold_gain":75,"player_choice":"Gather Gold","damage_taken":11,"max_hp_gain":0,"max_hp_loss":0,"event_name":"World of Goop","floor":4,"gold_loss":0},{"damage_healed":0,"gold_gain":0,"cards_transformed":["theSenshi:SailorKick"],"player_choice":"Transformed","damage_taken":0,"max_hp_gain":0,"max_hp_loss":0,"event_name":"Transmorgrifier","floor":8,"gold_loss":0,"cards_obtained":["theSenshi:MoonCrystalPowerMakeUp"]}],"is_beta":false,"boss_relics":[],"items_purged_floors":[],"is_endless":false,"potions_floor_spawned":[2,3,10,13],"killed_by":"Hexaghost","ascension_level":19}}