{"host":"069ovbzinfpenk8v","time":1613287878,"event":{"mods":["2.2 Compatiblity","AchievementEnabler","Act Like it!","BaseMod","Colored Map","Colored Powertips","Downfall","Highlight Path","Minty Spire (QoL Compilation)","Quick Restart","Random Character Button","Rare Cards Sparkle","Relic Stats","Replay The Spire","StSLib","SuperFastMode","Transform Curses"],"gold_per_floor":[116,134,184,34,34,62,62,62,84,37,67,98,143,179,208,330,330,404,438,538,573,641,641,641,652,684,723,741,267,267,295,325,325,325],"floor_reached":32,"language":"ENG","playtime":5659,"items_purged":["Voices"],"score":448,"play_id":"a3a331ad-b38a-4032-9247-4c58503940a2","local_time":"20210214013118","is_ascension_mode":false,"campfire_choices":[{"data":"bronze:ItsAFeature","floor":8.0,"key":"SMITH"},{"data":"bronze:GetLatest","floor":23.0,"key":"SMITH"}],"circlet_count":0,"master_deck":["bronze:Strike","bronze:Strike","bronze:Strike","bronze:Strike","bronze:Defend","bronze:Defend","bronze:Defend","bronze:Defend","bronze:Replicate","bronze:Goto","bronze:Boost","bronze:Boost","bronze:ChildClass","bronze:ItsAFeature+1","bronze:DelayedGuard","bronze:FollowUp","bronze:BronzeOrb+1","ReplayTheSpireMod:Faulty Equipment","bronze:GetLatest+1","bronze:Flail","ReplayTheSpireMod:Restless Dread","Hallucinations","bronze:Assembly","bronze:BugBarrage","Voices","bronze:Shield+1","Looming Evil","bronze:Branch","bronze:Boost+1","downfall:Bewildered","Replay:Hysterical Blindness","Decay","downfall:Icky","Sickly","bronze:FineTuning+1","bronze:WhirlingStrike","bronze:Mutator","bronze:Repulsor","bronze:Optimize","bronze:ClassDefault","bronze:ItsAFeature","bronze:Repulsor","bronze:FineTuning","Purity","bronze:ChildClass+1"],"relics":["bronze:BronzeCore","Ring of Peace","Ring of Greed","The Courier","Replay:Bandana","Lantern","Happy Flower","ReplayTheSpireMod:Ninjato","ChewingGum","Red Mask","Pet Ghost"],"acts_visited":["Exordium","TheCity"],"potions_floor_usage":[31],"damage_taken":[{"damage":5.0,"enemies":"Jaw Worm","floor":1.0,"turns":4.0},{"damage":0.0,"enemies":"Small Slimes","floor":2.0,"turns":3.0},{"damage":0.0,"enemies":"downfall:FleeingMerchant","floor":4.0,"turns":4.0},{"damage":0.0,"enemies":"2 Louse","floor":6.0,"turns":4.0},{"damage":0.0,"enemies":"Large Slime","floor":9.0,"turns":9.0},{"damage":0.0,"enemies":"downfall:FleeingMerchant","floor":10.0,"turns":4.0},{"damage":0.0,"enemies":"Red Slaver","floor":11.0,"turns":4.0},{"damage":0.0,"enemies":"Large Slime","floor":12.0,"turns":6.0},{"damage":0.0,"enemies":"Gremlin Nob","floor":13.0,"turns":6.0},{"damage":0.0,"enemies":"Lots of Slimes","floor":14.0,"turns":2.0},{"damage":0.0,"enemies":"3 Louse","floor":15.0,"turns":2.0},{"damage":0.0,"enemies":"IC_STATUS_ARCHETYPE","floor":16.0,"turns":6.0},{"damage":0.0,"enemies":"Shell Parasite","floor":19.0,"turns":4.0},{"damage":0.0,"enemies":"Chosen","floor":21.0,"turns":4.0},{"damage":0.0,"enemies":"Masked Bandits","floor":22.0,"turns":3.0},{"damage":0.0,"enemies":"downfall:FleeingMerchant","floor":25.0,"turns":4.0},{"damage":0,"enemies":"Sentry and Sphere","floor":26,"turns":4},{"damage":6,"enemies":"Centurion and Healer","floor":27,"turns":7},{"damage":0,"enemies":"Snecko","floor":28,"turns":5},{"damage":0,"enemies":"downfall:FleeingMerchant","floor":29,"turns":4},{"damage":0,"enemies":"Snake Plant","floor":31,"turns":4},{"damage":2,"enemies":"Cultist and Chosen","floor":32,"turns":8}],"seed_played":"4616264308209024880","potions_obtained":[{"floor":1.0,"key":"Languid Potion"},{"floor":9.0,"key":"FearPotion"},{"floor":11.0,"key":"Languid Potion"},{"floor":12.0,"key":"DistilledChaos"},{"floor":13.0,"key":"hexamod:SoulburnPotion"},{"floor":14.0,"key":"BlessingOfTheForge"},{"floor":21.0,"key":"SkillPotion"},{"floor":26,"key":"SteroidPotion"},{"floor":31,"key":"SpeedPotion"}],"is_trial":false,"path_per_floor":["M","M","?","$","?","M","T","R","M","$","M","M","E","M","M","B",null,"R_BF","M","?","M","?","R","T","$","M","M","M","$","?","M","M"],"character_chosen":"THE_AUTOMATON","items_purchased":["Lantern","bronze:ItsAFeature","bronze:BronzeOrb+1","bronze:Repulsor","bronze:Optimize","bronze:ClassDefault","bronze:ItsAFeature","bronze:Repulsor","bronze:FineTuning","Purity"],"campfire_rested":0,"item_purchase_floors":[4,4,10,29,29,29,29,29,29,29],"current_hp_per_floor":[72,72,72,72,72,72,72,72,72,72,72,72,72,72,72,72,77,77,77,77,77,77,77,77,77,77,71,71,71,71,71,69,69,69],"gold":325,"neow_bonus":"TEN_PERCENT_HP_BONUS","is_daily":false,"chose_seed":false,"campfire_upgraded":2,"win_rate":0.0,"timestamp":1613287878,"path_taken":["M","M","?","$","?","M","T","R","M","?","M","M","E","M","M","BOSS","R_BF","M","?","M","?","R","T","$","M","M","M","$","?","?","M"],"items_purchased_type":["Relic","Card","Card","Card","Card","Card","Card","Card","Card","Card"],"build_version":"2020-12-22","purchased_purges":1,"victory":false,"max_hp_per_floor":[77,77,77,77,77,77,77,77,77,77,77,77,77,77,77,77,77,77,77,77,77,77,77,77,77,77,77,77,77,77,77,77,77,77],"relic_stats":{"Happy Flower":[28],"counters":[22,101],"obtain_stats":[{"Replay:Bandana":3,"Lantern":4,"bronze:BronzeCore":0,"ReplayTheSpireMod:Ninjato":13,"Happy Flower":7,"Ring of Peace":3,"ChewingGum":17,"The Courier":3,"Red Mask":22,"Ring of Greed":3,"Pet Ghost":24},{"Replay:Bandana":2,"Lantern":3,"bronze:BronzeCore":0,"ReplayTheSpireMod:Ninjato":9,"Happy Flower":4,"Ring of Peace":2,"ChewingGum":12,"The Courier":2,"Red Mask":15,"Ring of Greed":2,"Pet Ghost":15},{"Replay:Bandana":7,"Lantern":11,"bronze:BronzeCore":0,"ReplayTheSpireMod:Ninjato":44,"Happy Flower":15,"Ring of Peace":7,"ChewingGum":54,"The Courier":7,"Red Mask":65,"Ring of Greed":7,"Pet Ghost":65}]},"card_choices":[{"not_picked":["bronze:Overload","bronze:DelayedSlice"],"picked":"bronze:Boost","floor":1.0},{"not_picked":["bronze:Shield","bronze:Safeguard"],"picked":"bronze:Boost","floor":2.0},{"not_picked":["bronze:DelayedGuard","bronze:Optimize"],"picked":"bronze:ChildClass","floor":4.0},{"not_picked":["bronze:ChildClass","bronze:Deprecate"],"picked":"bronze:DelayedGuard","floor":6.0},{"not_picked":["bronze:DarkDash","bronze:Optimize"],"picked":"bronze:FollowUp","floor":9.0},{"not_picked":["bronze:Fortify","bronze:Break","bronze:OilSpill"],"picked":"SKIP","floor":10.0},{"not_picked":["bronze:Deprecate","bronze:Allocate"],"picked":"bronze:GetLatest","floor":11.0},{"not_picked":["bronze:BugBarrage","bronze:Turbo","bronze:Shield"],"picked":"SKIP","floor":12.0},{"not_picked":["bronze:Overload","bronze:DelayedGuard"],"picked":"bronze:Flail","floor":13.0},{"not_picked":["bronze:Turbo","bronze:Deprecate","bronze:BronzeArmor"],"picked":"SKIP","floor":14.0},{"not_picked":["bronze:DelayedGuard","bronze:ForLoop","bronze:Backtrace"],"picked":"SKIP","floor":15.0},{"not_picked":["bronze:SpaghettiCode","bronze:HyperBeam"],"picked":"bronze:Assembly","floor":16.0},{"not_picked":["bronze:DelayedGuard","bronze:Frontload"],"picked":"bronze:BugBarrage","floor":19.0},{"not_picked":["bronze:BugBarrage","bronze:Overheat"],"picked":"bronze:Shield+1","floor":21.0},{"not_picked":["bronze:WildBeam+1","bronze:MaxOutput"],"picked":"bronze:Branch","floor":22.0},{"not_picked":["bronze:Overheat+1","bronze:Invalidate+1"],"picked":"bronze:Boost+1","floor":25.0},{"not_picked":["bronze:Fortify","bronze:Philosophize"],"picked":"bronze:FineTuning+1","floor":26},{"not_picked":["bronze:Backtrace","bronze:Invalidate+1","bronze:Overheat"],"picked":"SKIP","floor":27},{"not_picked":["bronze:Branch","bronze:DarkDash"],"picked":"bronze:WhirlingStrike","floor":28},{"not_picked":["bronze:Safeguard+1","bronze:RecursiveStrike"],"picked":"bronze:Mutator","floor":29},{"not_picked":["bronze:GetLatest","bronze:DelayedGuard"],"picked":"bronze:ChildClass+1","floor":31}],"player_experience":573734,"relics_obtained":[{"floor":3.0,"key":"Ring of Peace"},{"floor":3.0,"key":"Ring of Greed"},{"floor":3.0,"key":"The Courier"},{"floor":3.0,"key":"Replay:Bandana"},{"floor":7.0,"key":"Happy Flower"},{"floor":13.0,"key":"ReplayTheSpireMod:Ninjato"},{"floor":22.0,"key":"Red Mask"},{"floor":24.0,"key":"Pet Ghost"}],"event_choices":[{"damage_healed":0.0,"max_hp_gain":0.0,"max_hp_loss":0.0,"gold_gain":0.0,"event_name":"Masked Bandits","player_choice":"Fought Bandits","floor":22.0,"gold_loss":0.0,"damage_taken":0.0}],"is_beta":false,"boss_relics":[{"not_picked":["bronze:MakeshiftBattery","Coffee Dripper"],"picked":"ChewingGum"}],"items_purged_floors":[29],"is_endless":false,"potions_floor_spawned":[1,9,11,12,13,14,21,26,27,31],"killed_by":"Cultist and Chosen","ascension_level":0}}