{"host":"1z4hbl9vfqrhg136","time":1613344095,"event":{"mods":["BaseMod","Minty Spire (QoL Compilation)"],"gold_per_floor":[113,113,130,142,142,177,177,203,203,163,163,179,62,73,73,145,145,158,158,158,158,26,61,61,61,61],"floor_reached":25,"language":"ENG","playtime":1472,"items_purged":["Writhe"],"score":454,"play_id":"9a4f57c9-e3de-4541-9774-ef71b76ed34b","local_time":"20210214230815","is_ascension_mode":true,"campfire_choices":[{"floor":7.0,"key":"REST"},{"floor":11.0,"key":"REST"},{"data":"Footwork","floor":15.0,"key":"SMITH"},{"floor":24,"key":"REST"}],"circlet_count":0,"master_deck":["AscendersBane","Strike_G+1","Strike_G+1","Strike_G+1","Defend_G+1","Defend_G+1","Defend_G+1","Defend_G+1","Defend_G+1","Survivor","Neutralize","Flying Knee","Poisoned Stab","Slice","Infinite Blades","Envenom","PiercingWail","Skewer","Bouncing Flask","Well Laid Plans","Dash","Footwork+1","Unload","Reflex"],"relics":["Ring of the Snake","NeowsBlessing","Vajra","Lizard Tail","HornCleat","SlaversCollar","MealTicket","Blood Vial"],"acts_visited":["Exordium","TheCity"],"potions_floor_usage":[18,23],"damage_taken":[{"damage":0.0,"enemies":"2 Louse","floor":1.0,"turns":1.0},{"damage":0.0,"enemies":"Cultist","floor":3.0,"turns":1.0},{"damage":0.0,"enemies":"Small Slimes","floor":4.0,"turns":1.0},{"damage":42.0,"enemies":"Lagavulin","floor":6.0,"turns":7.0},{"damage":26.0,"enemies":"Gremlin Nob","floor":8.0,"turns":4.0},{"damage":0.0,"enemies":"Looter","floor":10.0,"turns":4.0},{"damage":6.0,"enemies":"3 Louse","floor":12.0,"turns":4.0},{"damage":0.0,"enemies":"Exordium Wildlife","floor":14.0,"turns":3.0},{"damage":18.0,"enemies":"The Guardian","floor":16.0,"turns":11.0},{"damage":21,"enemies":"Shell Parasite","floor":18,"turns":9},{"damage":60,"enemies":"Slavers","floor":23,"turns":8},{"damage":32,"enemies":"Book of Stabbing","floor":25,"turns":5}],"seed_played":"-7073793573768530223","potions_obtained":[{"floor":3.0,"key":"AttackPotion"},{"floor":8.0,"key":"Block Potion"},{"floor":14.0,"key":"GamblersBrew"}],"is_trial":false,"path_per_floor":["M","?","M","M","?","E","R","E","T","M","R","M","$","M","R","B",null,"M","?","?","?","$","E","R","E"],"character_chosen":"THE_SILENT","items_purchased":["Well Laid Plans","Dash","Explosive Potion"],"campfire_rested":3,"item_purchase_floors":[13,13,22],"current_hp_per_floor":[59,59,59,59,59,17,36,10,10,10,29,23,23,23,23,5,51,30,30,30,12,27,5,26,0,0],"gold":61,"neow_bonus":"THREE_ENEMY_KILL","is_daily":false,"chose_seed":false,"campfire_upgraded":1,"win_rate":0.0,"timestamp":1613344095,"path_taken":["M","?","?","M","?","E","R","E","T","M","R","M","$","M","R","BOSS","M","?","?","?","$","E","R","E"],"items_purchased_type":["Card","Card","Potion"],"build_version":"2020-12-22","purchased_purges":1,"victory":false,"max_hp_per_floor":[66,66,66,66,66,66,66,66,66,66,66,66,66,66,66,66,66,66,66,66,71,71,71,71,71,71],"card_choices":[{"not_picked":["Dodge and Roll","Quick Slash"],"picked":"Flying Knee","floor":1.0},{"not_picked":["Outmaneuver","Underhanded Strike"],"picked":"Poisoned Stab","floor":3.0},{"not_picked":["Flying Knee","Bane"],"picked":"Slice","floor":4.0},{"not_picked":["Bane","Dodge and Roll"],"picked":"Envenom","floor":6.0},{"not_picked":["Deflect","Finisher"],"picked":"PiercingWail","floor":8.0},{"not_picked":["Cloak And Dagger","Masterful Stab"],"picked":"Skewer","floor":10.0},{"not_picked":["Outmaneuver","Flying Knee"],"picked":"Bouncing Flask","floor":12.0},{"not_picked":["Bane","PiercingWail"],"picked":"Footwork","floor":14.0},{"not_picked":["Phantasmal Killer","Envenom"],"picked":"Unload","floor":16.0},{"not_picked":["Dagger Spray","Deadly Poison","Dagger Throw"],"picked":"SKIP","floor":18},{"not_picked":["Slice","Dagger Throw"],"picked":"Reflex","floor":23}],"player_experience":1949921,"relics_obtained":[{"floor":6.0,"key":"Vajra"},{"floor":8.0,"key":"Lizard Tail"},{"floor":9.0,"key":"HornCleat"},{"floor":23,"key":"Blood Vial"}],"event_choices":[{"cards_removed":["Strike_G"],"damage_healed":0.0,"max_hp_gain":0.0,"max_hp_loss":0.0,"gold_gain":0.0,"event_name":"Purifier","player_choice":"Purged","floor":2.0,"gold_loss":0.0,"damage_taken":0.0},{"damage_healed":0.0,"max_hp_gain":0.0,"max_hp_loss":0.0,"gold_gain":0.0,"cards_transformed":["Strike_G"],"event_name":"Living Wall","player_choice":"Change","floor":5.0,"gold_loss":0.0,"damage_taken":0.0,"cards_obtained":["Infinite Blades"]},{"damage_healed":0,"gold_gain":0,"player_choice":"Simplicity","damage_taken":0,"max_hp_gain":0,"max_hp_loss":0,"event_name":"Back to Basics","floor":19,"gold_loss":0,"cards_upgraded":["Strike_G","Strike_G","Strike_G","Defend_G","Defend_G","Defend_G","Defend_G","Defend_G"]},{"damage_healed":0,"gold_gain":0,"player_choice":"Opened","damage_taken":0,"relics_obtained":["MealTicket"],"max_hp_gain":0,"max_hp_loss":0,"event_name":"The Mausoleum","floor":20,"gold_loss":0,"cards_obtained":["Writhe"]},{"damage_healed":0,"gold_gain":0,"player_choice":"Shed Blood","damage_taken":23,"max_hp_gain":5,"max_hp_loss":0,"event_name":"Forgotten Altar","floor":21,"gold_loss":0}],"is_beta":false,"boss_relics":[{"not_picked":["Ectoplasm","Astrolabe"],"picked":"SlaversCollar"}],"items_purged_floors":[22],"is_endless":false,"potions_floor_spawned":[3,8,14],"killed_by":"Book of Stabbing","ascension_level":20}}