{"host":"npxtnt8cx4pm3si6","time":1613281626,"event":{"mods":["BaseMod","Downfall","Hubris","Infinite Spire","Minty Spire (QoL Compilation)","Replay The Spire","StSLib"],"gold_per_floor":[99,99,99,99,116,116,116,26,26,40,73,83,83,68,79,177,177,77,97,115,193,193,223,246,257,291,291,311,339,357,372,391,391,391,391],"floor_reached":33,"language":"ENG","playtime":2609,"items_purged":["sneckomod:Strike"],"score":375,"play_id":"51bfbf67-f032-4d43-ba39-b0af58629fcb","local_time":"20210213224706","is_ascension_mode":true,"campfire_choices":[{"floor":1,"key":"RECALL"},{"floor":13,"key":"REST"},{"floor":27,"key":"REST"}],"circlet_count":0,"master_deck":["sneckomod:Strike","sneckomod:Strike","sneckomod:Defend+1","sneckomod:Defend","sneckomod:TailWhip","sneckomod:SnekBite","sneckomod:Unknown","sneckomod:Unknown","sneckomod:WideSting+1","sneckomod:UnknownCommonSkill","sneckomod:DefensiveFlair","sneckomod:UnknownBlock","sneckomod:UnknownClassPURPLE","sneckomod:UnknownCommonSkill","sneckomod:UnknownCommonSkill","sneckomod:SerpentMind","sneckomod:UnknownRareAttack","Conclude","sneckomod:SnakeSap+1","sneckomod:SlitherStrike","sneckomod:SerpentIdol","sneckomod:UnknownExhaust","sneckomod:Unknown2Cost+1","sneckomod:UnknownBlock","sneckomod:UnknownCommonAttack","sneckomod:UnknownWeak","sneckomod:QuickMove"],"relics":["sneckomod:SneckoSoul","downfall:HeartsMalice","CaptainsWheel","sneckomod:SneckoCommon","Painkiller Herb","downfall:HeartBlessingRed","ReplayFunnel","downfall:KnowingSkull","infinitespire:Beetle Shell","Gremlin Food","sneckomod:ConfusingCodex","Snack Pack"],"acts_visited":["Exordium","TheCity"],"potions_floor_usage":[23,26,33],"damage_taken":[{"damage":0,"enemies":"Jaw Worm","floor":2,"turns":1},{"damage":0,"enemies":"2 Louse","floor":3,"turns":1},{"damage":0,"enemies":"Cultist","floor":4,"turns":1},{"damage":13,"enemies":"Red Slaver","floor":5,"turns":3},{"damage":5,"enemies":"downfall:FleeingMerchant","floor":8,"turns":4},{"damage":12,"enemies":"Exordium Thugs","floor":10,"turns":3},{"damage":9,"enemies":"3 Sentries","floor":11,"turns":4},{"damage":5,"enemies":"downfall:LooterAlt","floor":12,"turns":2},{"damage":0,"enemies":"downfall:FleeingMerchant","floor":14,"turns":4},{"damage":2,"enemies":"Blue Slaver","floor":15,"turns":4},{"damage":17,"enemies":"DF_ARCHETYPE_STREAMLINE","floor":16,"turns":12},{"damage":0,"enemies":"Chosen","floor":19,"turns":5},{"damage":0,"enemies":"Spheric Guardian","floor":20,"turns":4},{"damage":12,"enemies":"Slavers","floor":23,"turns":3},{"damage":6,"enemies":"Cultist and Chosen","floor":25,"turns":3},{"damage":8,"enemies":"Book of Stabbing","floor":26,"turns":7},{"damage":0,"enemies":"Shelled Parasite and Fungi","floor":28,"turns":3},{"damage":0,"enemies":"Replay:Snechameleon","floor":29,"turns":6},{"damage":6,"enemies":"Snake Plant","floor":30,"turns":3},{"damage":8,"enemies":"Chosen and Byrds","floor":31,"turns":3},{"damage":1,"enemies":"Snecko","floor":32,"turns":4},{"damage":68,"enemies":"IC_MUSHROOM_ARCHETYPE","floor":33,"turns":5}],"seed_played":"8839912277781203370","potions_obtained":[{"floor":10,"key":"sneckomod:DiceRollPotion"},{"floor":11,"key":"sneckomod:MuddlingPotion"},{"floor":16,"key":"hexamod:SoulburnPotion"},{"floor":19,"key":"Swift Potion"},{"floor":25,"key":"Guardian:BlockOnCardUsePotion"},{"floor":28,"key":"Block Potion"},{"floor":29,"key":"Strength Potion"}],"is_trial":false,"path_per_floor":["R","M","M","M","M","?","T","$","?","M","E","M","R","$","M","B",null,"T","?","?","?","?","E","T","?","E","T","?","E","?","?","?","B"],"character_chosen":"THE_SNECKO","items_purchased":[],"campfire_rested":2,"item_purchase_floors":[],"current_hp_per_floor":[90,90,90,90,77,77,77,72,72,60,51,46,73,73,71,54,90,90,90,90,54,47,35,35,29,21,48,48,48,44,40,43,0,0,0],"gold":391,"neow_bonus":"THREE_ENEMY_KILL","is_daily":false,"chose_seed":false,"campfire_upgraded":0,"win_rate":0.0,"timestamp":1613281626,"path_taken":["R","M","M","M","M","?","T","$","?","M","E","?","R","?","M","BOSS","T","?","?","?","?","E","T","?","E","T","?","E","?","?","?","BOSS"],"items_purchased_type":[],"build_version":"2020-12-22","purchased_purges":1,"victory":false,"max_hp_per_floor":[90,90,90,90,90,90,90,90,90,90,90,90,90,90,90,90,90,90,90,90,90,90,90,90,90,90,90,90,90,90,90,90,90,90,90],"card_choices":[{"not_picked":["sneckomod:QuickBite","sneckomod:UnknownVulnerable"],"picked":"sneckomod:WideSting","floor":2},{"not_picked":["sneckomod:DiceBlock","sneckomod:WideSting"],"picked":"sneckomod:UnknownCommonSkill","floor":3},{"not_picked":["sneckomod:SoulCleanse","sneckomod:UnknownColorless","sneckomod:SoulRoll"],"picked":"SKIP","floor":4},{"not_picked":["sneckomod:UnknownX","sneckomod:Unknown1Cost"],"picked":"sneckomod:DefensiveFlair","floor":5},{"not_picked":["sneckomod:DiceBlock","sneckomod:SoulExchange"],"picked":"sneckomod:UnknownUncommonAttack","floor":8},{"not_picked":["sneckomod:QuickBite","sneckomod:UnknownDraw"],"picked":"sneckomod:UnknownBlock","floor":10},{"not_picked":["sneckomod:Unknown1Cost","sneckomod:SoulDraw"],"picked":"sneckomod:UnknownCommonSkill","floor":11},{"not_picked":["sneckomod:DiceCrush","sneckomod:DiceBlock"],"picked":"sneckomod:UnknownCommonSkill","floor":12},{"not_picked":["sneckomod:GlitteringGambit","sneckomod:ImprovisedAttack"],"picked":"sneckomod:SerpentMind","floor":14},{"not_picked":["sneckomod:QuickBite","sneckomod:IronFang","sneckomod:UnknownUncommonPower"],"picked":"SKIP","floor":15},{"not_picked":["sneckomod:Mudshield","sneckomod:DangerNoodle"],"picked":"sneckomod:UnknownRareAttack","floor":16},{"not_picked":["sneckomod:RainOfDice","sneckomod:UnknownClassGUARDIAN","sneckomod:IronFang"],"picked":"SKIP","floor":19},{"not_picked":["sneckomod:RainOfDice","sneckomod:UnknownCommonSkill"],"picked":"sneckomod:SnakeSap+1","floor":20},{"not_picked":["sneckomod:MixItUp+1","sneckomod:DiceBlock"],"picked":"sneckomod:SlitherStrike","floor":21},{"not_picked":["sneckomod:SoulDraw+1","sneckomod:UnknownStrike"],"picked":"sneckomod:SerpentIdol","floor":23},{"not_picked":["sneckomod:UnendingSupply+1","sneckomod:DiceCrush"],"picked":"sneckomod:UnknownExhaust","floor":25},{"not_picked":["sneckomod:SoulExchange","sneckomod:UnknownDraw"],"picked":"sneckomod:Unknown2Cost+1","floor":26},{"not_picked":["sneckomod:PureSnecko+1","sneckomod:RainOfDice"],"picked":"sneckomod:UnknownBlock","floor":28},{"not_picked":["sneckomod:SoulExchange","sneckomod:UnknownClassGREEN"],"picked":"sneckomod:UnknownCommonAttack","floor":29},{"not_picked":["sneckomod:UnknownClassGREEN","sneckomod:WideSting+1"],"picked":"sneckomod:UnknownWeak","floor":30},{"not_picked":["sneckomod:UnknownColorless","sneckomod:UnknownClassGREEN"],"picked":"sneckomod:QuickMove","floor":31},{"not_picked":["sneckomod:UnknownClassGUARDIAN","sneckomod:ImprovisedGuard","sneckomod:UnendingSupply+1"],"picked":"SKIP","floor":32}],"player_experience":224762,"relics_obtained":[{"floor":7,"key":"CaptainsWheel"},{"floor":11,"key":"sneckomod:SneckoCommon"},{"floor":21,"key":"ReplayFunnel"},{"floor":23,"key":"infinitespire:Beetle Shell"},{"floor":24,"key":"Gremlin Food"},{"floor":26,"key":"sneckomod:ConfusingCodex"},{"floor":29,"key":"Snack Pack"}],"event_choices":[{"cards_removed":["sneckomod:Defend"],"damage_healed":0,"gold_gain":0,"player_choice":"Offered Basic","damage_taken":0,"max_hp_gain":0,"max_hp_loss":0,"event_name":"Bonfire Elementals","floor":9,"gold_loss":0}],"is_beta":false,"boss_relics":[{"not_picked":["Coffee Dripper","Runic Pyramid"],"picked":"Painkiller Herb"}],"items_purged_floors":[8],"is_endless":false,"potions_floor_spawned":[10,11,16,19,25,28,29],"killed_by":"IC_MUSHROOM_ARCHETYPE","ascension_level":1}}