{"host":"8is2j71l4wmybkoi","time":1613299821,"event":{"mods":["AchievementEnabler","BaseMod","Colored Map","DeckTracker","Minty Spire (QoL Compilation)","Rare Cards Sparkle","Relic Stats","StSLib","SuperFastMode"],"gold_per_floor":[119,132,144,18,18,47,47,66,66,86,86,120,120,145,145,223,223,236,20,20,70,87,119,119,133,133,133,153,172,209,222,231,231,231],"floor_reached":33,"language":"KOR","playtime":1186,"items_purged":["Strike_R","Strike_R"],"score":537,"play_id":"c9048240-efac-48ff-be45-9849e65a06a1","local_time":"20210214195021","is_ascension_mode":true,"campfire_choices":[{"data":"Carnage","floor":7.0,"key":"SMITH"},{"data":"Bloodletting","floor":11.0,"key":"SMITH"},{"data":"Disarm","floor":13.0,"key":"SMITH"},{"data":"Thunderclap","floor":15.0,"key":"SMITH"},{"floor":24,"key":"REST"},{"floor":27,"key":"RECALL"},{"floor":32,"key":"REST"}],"circlet_count":0,"master_deck":["AscendersBane","Strike_R","Defend_R","Defend_R","Defend_R","Defend_R","Bash","Reckless Charge","Carnage+1","Thunderclap+1","Disarm+1","Bloodletting+1","Whirlwind+1","Sword Boomerang+1","Offering","Burning Pact","Fire Breathing","Armaments+1","Immolate+1","Ghostly Armor+1","Evolve","Shrug It Off","Feed+1","Demon Form"],"relics":["Burning Blood","Eternal Feather","Molten Egg 2","Meat on the Bone","PreservedInsect","Fusion Hammer","Dream Catcher","Kunai","CeramicFish"],"acts_visited":["Exordium","TheCity"],"potions_floor_usage":[30,31],"damage_taken":[{"damage":13.0,"enemies":"Jaw Worm","floor":1.0,"turns":4.0},{"damage":5.0,"enemies":"Small Slimes","floor":2.0,"turns":4.0},{"damage":1.0,"enemies":"2 Louse","floor":3.0,"turns":3.0},{"damage":8.0,"enemies":"Gremlin Nob","floor":6.0,"turns":3.0},{"damage":9.0,"enemies":"Red Slaver","floor":8.0,"turns":2.0},{"damage":12.0,"enemies":"Large Slime","floor":10.0,"turns":6.0},{"damage":8.0,"enemies":"3 Sentries","floor":12.0,"turns":4.0},{"damage":26.0,"enemies":"Gremlin Nob","floor":14.0,"turns":4.0},{"damage":25.0,"enemies":"The Guardian","floor":16.0,"turns":10.0},{"damage":3.0,"enemies":"Shell Parasite","floor":18.0,"turns":1.0},{"damage":15.0,"enemies":"3 Byrds","floor":22.0,"turns":5.0},{"damage":39.0,"enemies":"Gremlin Leader","floor":23.0,"turns":4.0},{"damage":3,"enemies":"Cultist and Chosen","floor":25,"turns":3},{"damage":15,"enemies":"Snake Plant","floor":28,"turns":3},{"damage":3,"enemies":"3 Cultists","floor":29,"turns":1},{"damage":22,"enemies":"Book of Stabbing","floor":30,"turns":6},{"damage":13,"enemies":"Chosen and Byrds","floor":31,"turns":3},{"damage":74,"enemies":"Collector","floor":33,"turns":7}],"seed_played":"6800218995260518524","potions_obtained":[{"floor":3.0,"key":"Strength Potion"},{"floor":8.0,"key":"AttackPotion"},{"floor":16.0,"key":"SpeedPotion"},{"floor":22.0,"key":"Regen Potion"},{"floor":25,"key":"AttackPotion"},{"floor":30,"key":"Ancient Potion"}],"is_trial":false,"path_per_floor":["M","M","M","$","?","E","R","M","T","M","R","E","R","E","R","B",null,"M","$","?","?","M","E","R","M","T","R","M","M","E","M","R","B"],"character_chosen":"IRONCLAD","items_purchased":["Fire Potion","Burning Pact","Fire Breathing"],"campfire_rested":2,"item_purchase_floors":[4,19,19],"current_hp_per_floor":[61,62,67,67,67,65,68,65,65,59,65,63,68,48,57,50,64,67,67,48,48,51,30,60,63,63,73,64,67,51,49,73,0,0],"gold":231,"neow_bonus":"REMOVE_TWO","is_daily":false,"chose_seed":false,"campfire_upgraded":4,"win_rate":0.0,"timestamp":1613299821,"path_taken":["M","M","M","$","?","E","R","M","T","M","R","E","R","E","R","BOSS","M","$","?","?","M","E","R","M","T","R","?","M","E","M","R","BOSS"],"items_purchased_type":["Potion","Card","Card"],"build_version":"2020-12-22","purchased_purges":2,"victory":false,"max_hp_per_floor":[68,68,68,68,68,68,68,68,68,68,68,68,68,68,68,68,68,68,68,73,73,73,73,73,73,73,73,73,73,73,73,73,73,73],"relic_stats":{"Dream Catcher":2,"counters":[18,73],"CeramicFish":18,"Eternal Feather":54,"PreservedInsect":88,"Kunai":[5],"obtain_stats":[{"Dream Catcher":23,"CeramicFish":30,"Eternal Feather":6,"Molten Egg 2":9,"PreservedInsect":14,"Fusion Hammer":17,"Kunai":26,"Burning Blood":0,"Meat on the Bone":12},{"Dream Catcher":12,"CeramicFish":16,"Eternal Feather":4,"Molten Egg 2":5,"PreservedInsect":8,"Fusion Hammer":9,"Kunai":13,"Burning Blood":0,"Meat on the Bone":7},{"Dream Catcher":50,"CeramicFish":63,"Eternal Feather":14,"Molten Egg 2":16,"PreservedInsect":30,"Fusion Hammer":40,"Kunai":53,"Burning Blood":0,"Meat on the Bone":26}],"Burning Blood":102,"Meat on the Bone":36},"card_choices":[{"not_picked":["Clash","Cleave"],"picked":"Reckless Charge","floor":1.0},{"not_picked":["Metallicize","Perfected Strike","Clash"],"picked":"SKIP","floor":2.0},{"not_picked":["Iron Wave","Feel No Pain"],"picked":"Carnage","floor":3.0},{"not_picked":["Blood for Blood","Sword Boomerang"],"picked":"Thunderclap","floor":6.0},{"not_picked":["Dark Embrace","Dual Wield"],"picked":"Disarm","floor":8.0},{"not_picked":["Heavy Blade+1","Cleave+1"],"picked":"Bloodletting","floor":10.0},{"not_picked":["Reckless Charge+1","Combust"],"picked":"Whirlwind+1","floor":12.0},{"not_picked":["Berserk","Reckless Charge+1"],"picked":"Sword Boomerang+1","floor":14.0},{"not_picked":["Bludgeon+1","Demon Form"],"picked":"Offering","floor":16.0},{"not_picked":["Armaments","Warcry","Thunderclap+1"],"picked":"SKIP","floor":18.0},{"not_picked":["Armaments","Warcry","Thunderclap+1"],"picked":"SKIP","floor":18.0},{"not_picked":["Armaments","Warcry","Thunderclap+1"],"picked":"SKIP","floor":18.0},{"not_picked":["Combust","Flex"],"picked":"Armaments+1","floor":22.0},{"not_picked":["Shrug It Off","Cleave+1"],"picked":"Immolate+1","floor":23.0},{"not_picked":["Iron Wave+1","Clash+1"],"picked":"Ghostly Armor+1","floor":24},{"not_picked":["Second Wind","Ghostly Armor"],"picked":"Evolve","floor":25},{"not_picked":["Cleave+1","Armaments","Rampage+1"],"picked":"SKIP","floor":28},{"not_picked":["Cleave+1","Inflame"],"picked":"Shrug It Off","floor":29},{"not_picked":["Anger+1","Seeing Red"],"picked":"Feed+1","floor":30},{"not_picked":["Clash+1","Infernal Blade","Searing Blow+1"],"picked":"SKIP","floor":31},{"not_picked":["Heavy Blade+1","Headbutt+1"],"picked":"Demon Form","floor":32}],"player_experience":1200178,"relics_obtained":[{"floor":6.0,"key":"Eternal Feather"},{"floor":9.0,"key":"Molten Egg 2"},{"floor":12.0,"key":"Meat on the Bone"},{"floor":14.0,"key":"PreservedInsect"},{"floor":23.0,"key":"Dream Catcher"},{"floor":26,"key":"Kunai"},{"floor":30,"key":"CeramicFish"}],"event_choices":[{"damage_healed":0.0,"max_hp_gain":0.0,"max_hp_loss":0.0,"gold_gain":0.0,"event_name":"Liars Game","player_choice":"Ignored","floor":5.0,"gold_loss":0.0,"damage_taken":0.0},{"damage_healed":0.0,"max_hp_gain":5.0,"max_hp_loss":0.0,"gold_gain":0.0,"event_name":"Forgotten Altar","player_choice":"Shed Blood","floor":20.0,"gold_loss":0.0,"damage_taken":24.0},{"damage_healed":0.0,"max_hp_gain":0.0,"max_hp_loss":0.0,"gold_gain":50.0,"event_name":"Golden Shrine","player_choice":"Pray","floor":21.0,"gold_loss":0.0,"damage_taken":0.0}],"is_beta":false,"boss_relics":[{"not_picked":["Black Star","Busted Crown"],"picked":"Fusion Hammer"}],"items_purged_floors":[4,19],"is_endless":false,"potions_floor_spawned":[3,8,16,22,25,30],"killed_by":"Collector","ascension_level":15}}