{"host":"5oe6e4b9xi36nq9o","time":1613334577,"event":{"mods":["2.2 Compatiblity","AchievementEnabler","Aspiration","Bard","BaseMod","Better Altar","Better Match","Better Note","Better Sensory Stone","Better Skull","Better Third Choice","BetterRewards","Block Reminder","Colored Powertips","Conspire","Downfall","Energized Spire","Hermit","Highlight Path","Hubris","Infinite Spire","Ironclad Rager","Jedi Mod","Minty Spire (QoL Compilation)","Permanent Neow","Quick Restart","Random Character Button","Random Character Mod","Rare Cards Sparkle","Relic Stats","Replay The Spire","StSLib","The Construct","The Hierophant"],"gold_per_floor":[99,109,127,144,3,3,73,115,115,151,173,199,199,219,241,241,241,241],"floor_reached":16,"language":"ENG","playtime":4333,"items_purged":[],"score":125,"play_id":"3f04ef95-aa08-4346-91e4-f7201cd28ef9","local_time":"20210214182937","is_ascension_mode":true,"campfire_choices":[{"floor":1.0,"key":"RECALL"},{"data":"hexamod:Rewind","floor":6.0,"key":"SMITH"}],"circlet_count":0,"master_deck":["hexamod:Strike","hexamod:Strike","hexamod:Defend","hexamod:Defend","hexamod:Defend","hexamod:Sear","hexamod:Float","hexamod:RadiantFlame","hexamod:BacktrackSmack","hexamod:HeatMetal","hexamod:Rewind+1","hexamod:SecondSeal","hexamod:FlamesFromBeyond","hexamod:BacktrackSmack","hubris:Wrath","hexamod:NecessarySacrifice+1","hexamod:NightmareStrike","hexamod:GhostShield","hexamod:FlamesFromBeyond"],"relics":["hexamod:SpiritBrand","Replay:Baseball","hubris:TenFootPole","Ancient Tea Set"],"acts_visited":["Exordium"],"potions_floor_usage":[15,16],"damage_taken":[{"damage":0.0,"enemies":"2 Louse","floor":2.0,"turns":3.0},{"damage":18.0,"enemies":"infinitespire:Voidling","floor":3.0,"turns":4.0},{"damage":0.0,"enemies":"Cultist","floor":4.0,"turns":3.0},{"damage":0.0,"enemies":"downfall:FleeingMerchant","floor":5.0,"turns":4.0},{"damage":12.0,"enemies":"3 Sentries","floor":8.0,"turns":6.0},{"damage":11.0,"enemies":"Lagavulin","floor":10.0,"turns":5.0},{"damage":0.0,"enemies":"Blue Slaver","floor":11.0,"turns":3.0},{"damage":1.0,"enemies":"Exordium Thugs","floor":12.0,"turns":3.0},{"damage":0,"enemies":"Lots of Slimes","floor":14,"turns":3},{"damage":18,"enemies":"Large Slime","floor":15,"turns":3},{"damage":19,"enemies":"DF_ARCHETYPE_STREAMLINE","floor":16,"turns":3}],"seed_played":"-2172817044523398034","potions_obtained":[{"floor":4.0,"key":"Slimebound:ThreeZeroPotion"},{"floor":11.0,"key":"Cursed Concoction"},{"floor":14,"key":"AttackPotion"},{"floor":15,"key":"Fire Potion"}],"is_trial":false,"path_per_floor":["R","M","M","M","$","R","T","E","?","E","M","M","?","M","M","B"],"character_chosen":"THE_SPIRIT","items_purchased":["hexamod:SecondSeal","hexamod:FlamesFromBeyond"],"campfire_rested":0,"item_purchase_floors":[5,5],"current_hp_per_floor":[70,70,59,59,59,59,59,47,47,36,36,35,35,35,17,0,0,0],"gold":241,"neow_bonus":"RANDOM_COMMON_RELIC","is_daily":false,"chose_seed":false,"campfire_upgraded":1,"win_rate":0.0,"timestamp":1613334577,"path_taken":["R","M","M","M","$","R","T","E","?","E","?","?","?","?","M","BOSS"],"items_purchased_type":["Card","Card"],"build_version":"2020-12-22","purchased_purges":0,"victory":false,"max_hp_per_floor":[70,70,70,70,70,70,70,70,70,70,70,70,70,70,70,70,70,70],"relic_stats":{"counters":[11,40],"obtain_stats":[{"Replay:Baseball":0,"hubris:TenFootPole":8,"Ancient Tea Set":10,"hexamod:SpiritBrand":0},{"Replay:Baseball":0,"hubris:TenFootPole":5,"Ancient Tea Set":6,"hexamod:SpiritBrand":0},{"Replay:Baseball":0,"hubris:TenFootPole":20,"Ancient Tea Set":25,"hexamod:SpiritBrand":0}]},"card_choices":[{"not_picked":["hexamod:DynamicBlow","hexamod:ShieldOfDarkness"],"picked":"hexamod:RadiantFlame","floor":2.0},{"not_picked":["hexamod:Firestarter","hexamod:PowerFromBeyond"],"picked":"hexamod:BacktrackSmack","floor":3.0},{"not_picked":["hexamod:GhostShield","hexamod:HeatCrush"],"picked":"hexamod:HeatMetal","floor":4.0},{"not_picked":["hexamod:ThermalTransfer","hexamod:HeatMetal"],"picked":"hexamod:Rewind","floor":5.0},{"not_picked":["hexamod:AdvancingGuard","hexamod:HeatCrush"],"picked":"hexamod:BacktrackSmack","floor":8.0},{"not_picked":["hexamod:BurningTouch","hexamod:NightmareGuise"],"picked":"hexamod:NecessarySacrifice","floor":10.0},{"not_picked":["hexamod:FlamesFromBeyond","hexamod:GhostOfSpireFuture"],"picked":"hexamod:NightmareStrike","floor":11.0},{"not_picked":["hexamod:GhostLash","hexamod:BurningTouch"],"picked":"hexamod:GhostShield","floor":12.0},{"not_picked":["hexamod:SwordOfDarkness","hexamod:SuperheatedStrike"],"picked":"hexamod:FlamesFromBeyond","floor":14},{"not_picked":["hexamod:Incineration","hexamod:ThermalTransfer","hexamod:WildfireWeapon"],"picked":"SKIP","floor":15}],"player_experience":1211891,"relics_obtained":[{"floor":8.0,"key":"hubris:TenFootPole"},{"floor":10.0,"key":"Ancient Tea Set"}],"event_choices":[],"is_beta":false,"boss_relics":[],"items_purged_floors":[],"is_endless":false,"potions_floor_spawned":[4,11,14,15],"killed_by":"DF_ARCHETYPE_STREAMLINE","ascension_level":2}}