{"host":"d73an99q9oevilk5","time":1613263157,"event":{"mods":["2.2 Compatiblity","AchievementEnabler","Act Like it!","Aspiration","BaseMod","Beaked The Cultist","Better Third Choice","BetterRewards","Colored Map","Colored Powertips","Conspire","Downfall","GifTheSpireLib","GungeonMod","Halation","Hubris","Infinite Spire","Marisa????????","Mimic Mod","Minty Spire (QoL Compilation)","Quick Restart","Relic Sorter","Reliquary","Replay The Spire","Shop Mod","Spikes Relics","StSLib","Stuff the Spire","The Bug Knight","The Cursed","The Jungle","The Necromancer","The Saiyan","Waifu the Spire","egg","slay the spire mod where everything is the same but ironclad has a cowboy hat"],"gold_per_floor":[118,43,53,69,82,107,124,124,163,163,181,197,230,247,247,344,344,311,132,151,151,111,111,130,150,150,63,77,92,92,122,122,225,225,241,86,86,86,102,102,133,163,198,198,213,253,253,253,253,266],"floor_reached":51,"language":"ENG","playtime":2044,"items_purged":["Doubt"],"score":984,"play_id":"5a382ea9-2909-4a1e-97ef-1b440533bb30","local_time":"20210213173917","is_ascension_mode":false,"campfire_choices":[{"floor":10,"key":"REST"},{"floor":15,"key":"REST"},{"data":"Self Repair","floor":23,"key":"SMITH"},{"data":"conspire:Banana","floor":30,"key":"SMITH"},{"data":"DemoMod:Invincible","floor":32,"key":"SMITH"},{"data":"Go for the Eyes","floor":40,"key":"SMITH"},{"data":"StuffTheSpire:Rend","floor":44,"key":"SMITH"},{"data":"Hologram","floor":47,"key":"SMITH"},{"data":"1","floor":49,"key":"LIFT"}],"circlet_count":0,"master_deck":["Strike_B+1","Strike_B+1","Strike_B+1","Defend_B+1","Defend_B+1","Defend_B+1","Defend_B+1","Zap+1","Dualcast+1","Cold Snap+1","Cold Snap+1","DiskWipe+1","Redo+1","ReplayGash+1","All For One+1","Gash+1","Beam Cell+1","Self Repair+1","ReplayGash+1","Conserve Battery+1","DemoMod:Invincible+1","Gash+1","Go for the Eyes+1","Gash+1","conspire:Banana+1","Conserve Battery+1","Reinforced Body+1","Core Surge+1","Electrodynamics+1","StuffTheSpire:Rend+1","Hologram+1"],"relics":["Cracked Core","reliquary:OuijaBoard","conspire:TreasureMap","Girya","PreservedInsect","reliquary:Stiletto","Replay:Bottled Eggs","Ice Cream","halation:HeavySnake","AncientExoskeleton","infinitespire:Joker Card","hubris:Metronome","infinitespire:BottledMercury","Empty Cage","hubris:BallOfYels","halation:PapillonHeart","halation:IllGainedPizza","Pet Ghost","infinitespire:ShieldingShard","DemoMod:GlassGuonStoneRelic","halation:LettersToHer"],"acts_visited":["Exordium","TheCity","TheBeyond"],"potions_floor_usage":[5,14,18,20,20,42,50,50,50],"damage_taken":[{"damage":4,"enemies":"Cultist","floor":1,"turns":3},{"damage":1,"enemies":"2 Louse","floor":3,"turns":3},{"damage":2,"enemies":"Small Slimes","floor":4,"turns":3},{"damage":16,"enemies":"Gremlin Gang","floor":5,"turns":5},{"damage":12,"enemies":"Replay:BlueRogue","floor":6,"turns":4},{"damage":13,"enemies":"Lots of Slimes","floor":7,"turns":4},{"damage":1,"enemies":"3 Louse","floor":9,"turns":6},{"damage":0,"enemies":"3 Louse","floor":11,"turns":3},{"damage":10,"enemies":"Large Slime","floor":12,"turns":5},{"damage":12,"enemies":"3 Sentries","floor":13,"turns":5},{"damage":4,"enemies":"2 Fungi Beasts","floor":14,"turns":3},{"damage":34,"enemies":"The Guardian","floor":16,"turns":12},{"damage":20,"enemies":"2 Thieves","floor":18,"turns":5},{"damage":25,"enemies":"Shelled Parasite and Fungi","floor":20,"turns":6},{"damage":5,"enemies":"Centurion and Healer","floor":24,"turns":8},{"damage":16,"enemies":"3 Cultists","floor":25,"turns":7},{"damage":9,"enemies":"Snake Plant","floor":28,"turns":4},{"damage":0,"enemies":"Centurion and Healer","floor":29,"turns":6},{"damage":0,"enemies":"Replay:Snechameleon","floor":31,"turns":2},{"damage":26,"enemies":"Automaton","floor":33,"turns":7},{"damage":2,"enemies":"3 Shapes","floor":35,"turns":4},{"damage":0,"enemies":"Orb Walker","floor":39,"turns":3},{"damage":2,"enemies":"Giant Head","floor":41,"turns":4},{"damage":5,"enemies":"conspire:MimicChest","floor":42,"turns":5},{"damage":0,"enemies":"Jaw Worm Horde","floor":43,"turns":4},{"damage":18,"enemies":"Jaw Worm Horde","floor":45,"turns":4},{"damage":0,"enemies":"Writhing Mass","floor":46,"turns":6},{"damage":12,"enemies":"hubris:GrandSnecko","floor":50,"turns":9}],"seed_played":"-3801166591704760697","potions_obtained":[{"floor":3,"key":"LiquidBronze"},{"floor":7,"key":"Weak Potion"},{"floor":12,"key":"Block Potion"},{"floor":13,"key":"sneckomod:MuddlingPotion"},{"floor":16,"key":"DuplicationPotion"},{"floor":20,"key":"SteroidPotion"},{"floor":25,"key":"Elixir"},{"floor":28,"key":"SpeedPotion"},{"floor":31,"key":"SpeedPotion"},{"floor":41,"key":"infinitespire:BlackPotion"},{"floor":42,"key":"BlessingOfTheForge"}],"is_trial":false,"path_per_floor":["M","$","M","M","M","E","M","?","MIM","R","M","M","E","M","R","B",null,"M","$","M","AVR","?","R","M","M","T","$","M","M","R","E","R","B",null,"M","$","?","?","M","R","E","?","MIM","R","M","MIM","R","?","R","B",null],"character_chosen":"DEFECT","items_purchased":["conspire:TreasureMap","Cold Snap","PreservedInsect","reliquary:Stiletto","DiskWipe","DemoMod:Invincible","conspire:Banana","hubris:BallOfYels"],"campfire_rested":2,"item_purchase_floors":[0,0,0,0,0,19,27,36],"current_hp_per_floor":[71,71,70,68,52,40,27,27,26,48,48,38,33,36,58,31,75,62,62,44,44,44,44,49,43,43,43,45,56,56,56,56,32,79,81,81,81,79,81,81,81,81,83,83,67,79,79,79,79,79],"gold":266,"neow_bonus":"","is_daily":false,"chose_seed":false,"campfire_upgraded":6,"win_rate":0.0,"timestamp":1613263157,"path_taken":["M","$","M","M","M","E","M","?","MIM","R","M","M","E","M","R","BOSS","M","$","M","AVR","?","R","?","M","T","?","M","M","R","E","R","BOSS","M","$","?","?","M","R","E","?","MIM","R","M","?","R","?","R","BOSS"],"items_purchased_type":["Relic","Card","Relic","Relic","Card","Card","Card","Relic"],"build_version":"2020-12-22","purchased_purges":1,"victory":true,"max_hp_per_floor":[75,75,75,75,75,75,75,75,75,75,75,75,75,75,75,75,75,75,75,75,75,75,75,75,75,75,75,76,77,77,77,77,79,79,83,83,83,79,81,81,81,81,83,83,85,87,87,87,87,89],"card_choices":[{"not_picked":["FTL","StuffTheSpire:CleanHardDrive","Sweeping Beam"],"picked":"SKIP","floor":1},{"not_picked":["Beam Cell","aspiration:Polymerization"],"picked":"Redo","floor":3},{"not_picked":["Streamline","Rebound","Reprogram"],"picked":"SKIP","floor":4},{"not_picked":["Heatsinks","StuffTheSpire:Rend"],"picked":"ReplayGash","floor":5},{"not_picked":["ReplaySort","Hologram"],"picked":"All For One","floor":6},{"not_picked":["Steam Power","Compile Driver","Consume"],"picked":"SKIP","floor":7},{"not_picked":["Scrape","ReplayTheSpireMod:Reroute Power"],"picked":"Gash","floor":9},{"not_picked":["BasicCrystalCard","Steam"],"picked":"Beam Cell","floor":11},{"not_picked":["StuffTheSpire:LoadUp","Sweeping Beam"],"picked":"Self Repair","floor":12},{"not_picked":["Streamline","Rip and Tear"],"picked":"ReplayGash","floor":13},{"not_picked":["Cold Snap","Coolheaded","Rebound"],"picked":"SKIP","floor":14},{"not_picked":["hubris:DoWhile","Thunder Strike"],"picked":"Amplify","floor":16},{"not_picked":["Force Field","FTL"],"picked":"Conserve Battery","floor":18},{"not_picked":["Beam Cell+1","Rebound"],"picked":"Gash","floor":20},{"not_picked":["Compile Driver","Coolheaded"],"picked":"Go for the Eyes","floor":24},{"not_picked":["Core Surge","Ball Lightning"],"picked":"Gash+1","floor":25},{"not_picked":["Panic Button","Reboot"],"picked":"Conserve Battery","floor":28},{"not_picked":["Defragment","Streamline"],"picked":"Reinforced Body","floor":29},{"not_picked":["Stack","Multi-Cast"],"picked":"Core Surge","floor":31},{"not_picked":["Mirror Shield","hubris:DoWhile"],"picked":"Electrodynamics","floor":33},{"not_picked":["Coolheaded","Compile Driver+1","StuffTheSpire:LoadUp"],"picked":"SKIP","floor":35},{"not_picked":["Steam Power+1","ReplayTheSpireMod:Reroute Power+1","Steam"],"picked":"SKIP","floor":39},{"not_picked":["Storm","Compile Driver+1","Panic Button+1"],"picked":"SKIP","floor":41},{"not_picked":["StuffTheSpire:Plugnplay+1","hubris:Ukulele"],"picked":"StuffTheSpire:Rend","floor":43},{"not_picked":["StuffTheSpire:ShieldGenerator+1","Recycle","Thunder Strike"],"picked":"SKIP","floor":45},{"not_picked":["ReplayTheSpireMod:Reroute Power","Ball Lightning+1"],"picked":"Hologram","floor":46}],"player_experience":1913852,"relics_obtained":[{"floor":6,"key":"reliquary:OuijaBoard"},{"floor":9,"key":"Replay:Bottled Eggs"},{"floor":13,"key":"Ice Cream"},{"floor":26,"key":"hubris:Metronome"},{"floor":31,"key":"infinitespire:BottledMercury"},{"floor":41,"key":"halation:IllGainedPizza"},{"floor":42,"key":"Pet Ghost"},{"floor":43,"key":"infinitespire:ShieldingShard"},{"floor":46,"key":"halation:LettersToHer"}],"event_choices":[{"damage_healed":0,"gold_gain":0,"player_choice":"Grow","damage_taken":0,"max_hp_gain":0,"max_hp_loss":0,"event_name":"Living Wall","floor":8,"gold_loss":0,"cards_upgraded":["ReplayGash"]},{"damage_healed":0,"gold_gain":0,"player_choice":"Upgraded Two","damage_taken":0,"max_hp_gain":0,"max_hp_loss":0,"event_name":"Designer","floor":22,"gold_loss":40,"cards_upgraded":["Dualcast","Beam Cell"]},{"damage_healed":0,"gold_gain":0,"player_choice":"Ignored","damage_taken":0,"max_hp_gain":0,"max_hp_loss":0,"event_name":"NoteForYourself","floor":48,"gold_loss":0}],"is_beta":false,"boss_relics":[{"not_picked":["beaked:SacredDeck","Runic Pyramid"],"picked":"halation:HeavySnake"},{"not_picked":["Fusion Hammer","halation:CatFaceCupcake"],"picked":"Empty Cage"}],"items_purged_floors":[2],"is_endless":false,"potions_floor_spawned":[3,7,12,13,16,20,25,28,31,33,41,42,45],"ascension_level":0}}