{"host":"pke0xxyzw0teju56","time":1613329949,"event":{"mods":["BaseMod","Bestiary","Colored Powertips","Highlight Path","Minty Spire (QoL Compilation)","Relic Stats","Slay the Relics Exporter","StSLib"],"gold_per_floor":[114,114,133,152,168,168,168,168,168,168,180,205,4,16,16,87,87,107,107,121,121,121],"floor_reached":21,"language":"ENG","playtime":890,"items_purged":[],"score":362,"play_id":"c9dc1800-5ca4-451f-bad1-7c93a89fe695","local_time":"20210214141229","is_ascension_mode":true,"campfire_choices":[{"data":"Uppercut","floor":6,"key":"SMITH"},{"data":"True Grit","floor":8,"key":"SMITH"},{"data":"Shockwave","floor":10,"key":"SMITH"},{"data":"Blood for Blood","floor":15,"key":"SMITH"}],"circlet_count":0,"master_deck":["AscendersBane","Strike_R","Strike_R","Strike_R","Strike_R","Strike_R","Defend_R","Defend_R","Defend_R","Defend_R","Bash","True Grit+1","Shockwave+1","Uppercut+1","Corruption","Blood for Blood+1","Berserk","Dark Embrace","Flash of Steel","Cleave","Combust","Offering","Iron Wave+1","Metallicize"],"relics":["Burning Blood","NeowsBlessing","Mummified Hand","Letter Opener","MawBank","Philosopher\u0027s Stone"],"acts_visited":["TheCity"],"potions_floor_usage":[12,16,16],"damage_taken":[{"damage":0,"enemies":"2 Louse","floor":1,"turns":1},{"damage":0,"enemies":"Cultist","floor":3,"turns":1},{"damage":0,"enemies":"Small Slimes","floor":4,"turns":1},{"damage":10,"enemies":"Blue Slaver","floor":5,"turns":5},{"damage":10,"enemies":"Gremlin Gang","floor":11,"turns":5},{"damage":11,"enemies":"Lagavulin","floor":12,"turns":7},{"damage":10,"enemies":"Exordium Wildlife","floor":14,"turns":5},{"damage":40,"enemies":"The Guardian","floor":16,"turns":9},{"damage":24,"enemies":"Spheric Guardian","floor":18,"turns":4},{"damage":23,"enemies":"Shell Parasite","floor":20,"turns":4},{"damage":27,"enemies":"Snake Plant","floor":21,"turns":4}],"seed_played":"4304856528933293649","potions_obtained":[{"floor":4,"key":"SteroidPotion"},{"floor":11,"key":"GamblersBrew"},{"floor":12,"key":"Dexterity Potion"},{"floor":14,"key":"Fire Potion"},{"floor":16,"key":"FearPotion"},{"floor":20,"key":"DuplicationPotion"}],"is_trial":false,"path_per_floor":["M","?","M","M","M","R","T","R","T","R","M","E","$","M","R","B",null,"M","?","M","M"],"character_chosen":"IRONCLAD","items_purchased":["Dark Embrace","Flash of Steel","Cleave"],"campfire_rested":0,"item_purchase_floors":[13,13,13],"current_hp_per_floor":[74,74,75,75,71,71,71,71,71,71,67,62,62,58,58,24,62,44,44,27,0,0],"gold":121,"neow_bonus":"THREE_ENEMY_KILL","is_daily":false,"chose_seed":false,"campfire_upgraded":4,"win_rate":0.0,"timestamp":1613329949,"path_taken":["M","?","M","?","M","R","?","R","T","R","M","E","$","M","R","BOSS","M","?","M","M"],"items_purchased_type":["Card","Card","Card"],"build_version":"2020-12-22","purchased_purges":0,"victory":false,"max_hp_per_floor":[75,75,75,75,75,75,75,75,75,75,75,75,75,75,75,75,75,75,75,75,75,75],"relic_stats":{"counters":[11,46],"Mummified Hand":[19],"Letter Opener":[10],"MawBank":12,"obtain_stats":[{"NeowsBlessing":0,"Mummified Hand":7,"Philosopher\u0027s Stone":17,"Letter Opener":9,"MawBank":12,"Burning Blood":0},{"NeowsBlessing":0,"Mummified Hand":4,"Philosopher\u0027s Stone":8,"Letter Opener":4,"MawBank":6,"Burning Blood":0},{"NeowsBlessing":0,"Mummified Hand":8,"Philosopher\u0027s Stone":34,"Letter Opener":8,"MawBank":20,"Burning Blood":0}],"Burning Blood":49},"card_choices":[{"not_picked":["Entrench","Body Slam"],"picked":"True Grit","floor":1},{"not_picked":["Armaments","Heavy Blade"],"picked":"Shockwave","floor":3},{"not_picked":["Thunderclap","Clash"],"picked":"Uppercut","floor":4},{"not_picked":["Twin Strike","Dark Embrace"],"picked":"Corruption","floor":5},{"not_picked":["Clash","Warcry"],"picked":"Blood for Blood","floor":11},{"not_picked":["Battle Trance","Shrug It Off"],"picked":"Berserk","floor":12},{"not_picked":["Warcry","Searing Blow"],"picked":"Combust","floor":14},{"not_picked":["Limit Break","Bludgeon"],"picked":"Offering","floor":16},{"not_picked":["Wild Strike","Blood for Blood"],"picked":"Iron Wave+1","floor":18},{"not_picked":["Sever Soul+1","Clash"],"picked":"Metallicize","floor":20}],"player_experience":5334161,"relics_obtained":[{"floor":7,"key":"Mummified Hand"},{"floor":9,"key":"Letter Opener"},{"floor":12,"key":"MawBank"}],"event_choices":[{"damage_healed":0,"gold_gain":0,"player_choice":"Ignored","damage_taken":0,"max_hp_gain":0,"max_hp_loss":0,"event_name":"WeMeetAgain","floor":2,"gold_loss":0},{"damage_healed":0,"gold_gain":0,"player_choice":"Ignored","damage_taken":0,"max_hp_gain":0,"max_hp_loss":0,"event_name":"The Mausoleum","floor":19,"gold_loss":0}],"is_beta":false,"boss_relics":[{"not_picked":["Fusion Hammer","Busted Crown"],"picked":"Philosopher\u0027s Stone"}],"items_purged_floors":[],"is_endless":false,"potions_floor_spawned":[4,11,12,14,16,20],"killed_by":"Snake Plant","ascension_level":20}}