{"host":"wo90phlywfjtsb40","time":1613289723,"event":{"mods":["BaseMod","Hermit","Minty Spire (QoL Compilation)","StSLib","The Cursed"],"gold_per_floor":[113,133,208,222,222,222,257,268,268,268,283,283,120,140,140,244,294,304,120,35,52,62,62,62,62],"floor_reached":24,"language":"ENG","playtime":1918,"items_purged":["Pain"],"score":198,"play_id":"7fd91e81-1cf5-491e-b2cc-ca42c7d1b235","local_time":"20210214090203","is_ascension_mode":false,"campfire_choices":[{"floor":6,"key":"REST"},{"floor":15,"key":"REST"},{"floor":23,"key":"DIG"}],"circlet_count":0,"master_deck":["Strike_G","Strike_G","Strike_G","Strike_G","Strike_G","Defend_G","Defend_G","Defend_G","Defend_G","Defend_G","Survivor","Neutralize","Phantasmal Killer","Dash","Dodge and Roll","Footwork","Deflect","Blade Dance","Noxious Fumes+1","Well Laid Plans","Sucker Punch","Infinite Blades","Die Die Die","Poisoned Stab","Deflect","Poisoned Stab","Infinite Blades","Bandage Up","Flying Knee+1","Catalyst"],"relics":["Ring of the Snake","WarpedTongs","Shovel","Bottled Tornado","Ornamental Fan","Tiny House","InkBottle","Boot"],"acts_visited":["Exordium","TheCity"],"potions_floor_usage":[7,16,24,24],"damage_taken":[{"damage":4,"enemies":"Jaw Worm","floor":1,"turns":6},{"damage":1,"enemies":"2 Louse","floor":2,"turns":5},{"damage":1,"enemies":"Cultist","floor":4,"turns":4},{"damage":12,"enemies":"Lagavulin","floor":7,"turns":7},{"damage":4,"enemies":"3 Louse","floor":8,"turns":2},{"damage":4,"enemies":"Blue Slaver","floor":11,"turns":4},{"damage":0,"enemies":"Exordium Wildlife","floor":14,"turns":4},{"damage":6,"enemies":"Hexaghost","floor":16,"turns":13},{"damage":12,"enemies":"Spheric Guardian","floor":18,"turns":4},{"damage":17,"enemies":"Shell Parasite","floor":21,"turns":6},{"damage":21,"enemies":"3 Cultists","floor":22,"turns":4},{"damage":50,"enemies":"Slavers","floor":24,"turns":5}],"seed_played":"-4820790758280165498","potions_obtained":[{"floor":1,"key":"Dexterity Potion"},{"floor":4,"key":"CultistPotion"},{"floor":7,"key":"GamblersBrew"},{"floor":16,"key":"Explosive Potion"},{"floor":17,"key":"Regen Potion"},{"floor":22,"key":"AttackPotion"}],"is_trial":false,"path_per_floor":["M","M","?","M","?","R","E","M","T","?","M","?","$","M","R","B",null,"M","$","?","M","M","R","E"],"character_chosen":"THE_SILENT","items_purchased":["Well Laid Plans","Sucker Punch","Poisoned Stab","Infinite Blades","Bandage Up"],"campfire_rested":2,"item_purchase_floors":[13,13,19,19,19],"current_hp_per_floor":[45,44,33,32,32,53,41,37,37,19,15,15,15,15,36,30,75,63,63,63,50,35,35,0,0],"gold":62,"neow_bonus":"THREE_RARE_CARDS","is_daily":false,"chose_seed":false,"campfire_upgraded":0,"win_rate":0.0,"timestamp":1613289723,"path_taken":["M","M","?","M","?","R","E","?","T","?","M","?","$","M","R","BOSS","M","$","?","M","M","R","E"],"items_purchased_type":["Card","Card","Card","Card","Card"],"build_version":"2020-12-22","purchased_purges":1,"victory":false,"max_hp_per_floor":[70,70,70,70,70,70,70,70,70,70,70,70,70,70,70,70,75,75,75,75,75,75,75,75,75],"card_choices":[{"not_picked":["Burst","A Thousand Cuts"],"picked":"Phantasmal Killer","floor":0},{"not_picked":["Noxious Fumes","Caltrops"],"picked":"Dash","floor":1},{"not_picked":["Outmaneuver","Eviscerate"],"picked":"Dodge and Roll","floor":2},{"not_picked":["Outmaneuver","Poisoned Stab"],"picked":"Footwork","floor":4},{"not_picked":["Slice","Endless Agony"],"picked":"Deflect","floor":7},{"not_picked":["Expertise","Predator"],"picked":"Blade Dance","floor":8},{"not_picked":["Backflip","Calculated Gamble"],"picked":"Noxious Fumes","floor":11},{"not_picked":["Underhanded Strike","Outmaneuver"],"picked":"Infinite Blades","floor":14},{"not_picked":["Glass Knife","Malaise"],"picked":"Die Die Die","floor":16},{"not_picked":["Tactician","Noxious Fumes"],"picked":"Poisoned Stab","floor":17},{"not_picked":["Dodge and Roll","Flying Knee"],"picked":"Deflect","floor":18},{"not_picked":["Finisher","PiercingWail"],"picked":"Flying Knee+1","floor":21},{"not_picked":["Backflip","Deadly Poison"],"picked":"Catalyst","floor":22}],"player_experience":30331,"relics_obtained":[{"floor":7,"key":"Shovel"},{"floor":9,"key":"Bottled Tornado"},{"floor":23,"key":"Boot"}],"event_choices":[{"damage_healed":0,"gold_gain":75,"player_choice":"Gather Gold","damage_taken":11,"max_hp_gain":0,"max_hp_loss":0,"event_name":"World of Goop","floor":3,"gold_loss":0},{"damage_healed":0,"gold_gain":0,"player_choice":"Rummage","damage_taken":0,"relics_obtained":["WarpedTongs"],"max_hp_gain":0,"max_hp_loss":0,"event_name":"Accursed Blacksmith","floor":5,"gold_loss":0,"cards_obtained":["Pain"]},{"damage_healed":0,"gold_gain":0,"player_choice":"Success","damage_taken":18,"relics_obtained":["Ornamental Fan"],"max_hp_gain":0,"max_hp_loss":0,"event_name":"Scrap Ooze","floor":10,"gold_loss":0},{"damage_healed":0,"gold_gain":0,"player_choice":"Ignored","damage_taken":0,"max_hp_gain":0,"max_hp_loss":0,"event_name":"Golden Idol","floor":12,"gold_loss":0},{"damage_healed":0,"gold_gain":0,"player_choice":"Obtained Relic","damage_taken":0,"relics_obtained":["InkBottle"],"max_hp_gain":0,"max_hp_loss":0,"event_name":"Addict","floor":20,"gold_loss":85}],"is_beta":false,"boss_relics":[{"not_picked":["Empty Cage","Cursed Key"],"picked":"Tiny House"}],"items_purged_floors":[13],"is_endless":false,"potions_floor_spawned":[1,4,7,16,22],"killed_by":"Slavers","ascension_level":0}}