{"host":"7wi4qgm5yw4j7oz0","time":1613308126,"event":{"mods":["AchievementEnabler","BaseMod","Block Reminder","Colored Map","Colored Powertips","Highlight Path","Minty Spire (QoL Compilation)","Permanent Neow","Random Character Button","Rare Cards Sparkle","StSLib","everything is the same but u backflip on backflip"],"gold_per_floor":[111,125,136,61,61,91,91,125,125,143,143,153,153,153,153,258,258,270,270,270],"floor_reached":19,"language":"KOR","playtime":808,"items_purged":["Strike_R"],"score":266,"play_id":"b48bfdd2-e793-493c-82bc-865e997a7ad1","local_time":"20210214220846","is_ascension_mode":true,"campfire_choices":[{"data":"Heavy Blade","floor":7.0,"key":"SMITH"},{"floor":11.0,"key":"REST"},{"data":"Demon Form","floor":13.0,"key":"SMITH"},{"data":"Battle Trance","floor":15.0,"key":"SMITH"}],"circlet_count":0,"master_deck":["AscendersBane","Strike_R","Strike_R","Strike_R","Defend_R","Defend_R","Defend_R","Defend_R","Bash","Flex","Ghostly Armor","Demon Form+1","Heavy Blade+1","Bloodletting","Battle Trance+1","Shrug It Off","Feed","Clothesline"],"relics":["Burning Blood","NeowsBlessing","Akabeko","Du-Vu Doll","Matryoshka","Snecko Eye"],"acts_visited":["Exordium","TheCity"],"potions_floor_usage":[],"damage_taken":[{"damage":0.0,"enemies":"2 Louse","floor":1.0,"turns":1.0},{"damage":0.0,"enemies":"Jaw Worm","floor":2.0,"turns":1.0},{"damage":0.0,"enemies":"Small Slimes","floor":3.0,"turns":1.0},{"damage":20.0,"enemies":"Lagavulin","floor":6.0,"turns":7.0},{"damage":32.0,"enemies":"Gremlin Nob","floor":8.0,"turns":4.0},{"damage":24.0,"enemies":"Gremlin Gang","floor":10.0,"turns":6.0},{"damage":6.0,"enemies":"2 Fungi Beasts","floor":12.0,"turns":3.0},{"damage":25.0,"enemies":"The Guardian","floor":16.0,"turns":7.0},{"damage":24.0,"enemies":"2 Thieves","floor":18.0,"turns":4.0},{"damage":53,"enemies":"3 Byrds","floor":19,"turns":5}],"seed_played":"-6522094564374678772","potions_obtained":[{"floor":10.0,"key":"Block Potion"},{"floor":16.0,"key":"Energy Potion"}],"is_trial":false,"path_per_floor":["M","M","M","$","?","E","R","E","T","M","R","M","R","?","R","B",null,"M","M"],"character_chosen":"IRONCLAD","items_purchased":[],"campfire_rested":1,"item_purchase_floors":[],"current_hp_per_floor":[78,80,80,80,80,66,66,40,40,22,46,46,46,46,46,27,67,52,0,0],"gold":270,"neow_bonus":"THREE_ENEMY_KILL","is_daily":false,"chose_seed":false,"campfire_upgraded":3,"win_rate":0.0,"timestamp":1613308126,"path_taken":["M","M","M","$","?","E","R","E","T","M","R","M","R","?","R","BOSS","M","M"],"items_purchased_type":[],"build_version":"2020-12-22","purchased_purges":1,"victory":false,"max_hp_per_floor":[80,80,80,80,80,80,80,80,80,80,80,80,80,80,80,80,80,83,83,83],"card_choices":[{"not_picked":["Wild Strike","Clash"],"picked":"Flex","floor":1.0},{"not_picked":["Flex","Warcry"],"picked":"Ghostly Armor","floor":2.0},{"not_picked":["Carnage","Iron Wave"],"picked":"Demon Form","floor":3.0},{"not_picked":["Searing Blow","Berserk"],"picked":"Heavy Blade","floor":6.0},{"not_picked":["Havoc","Body Slam"],"picked":"Bloodletting","floor":8.0},{"not_picked":["Pommel Strike","Headbutt"],"picked":"Battle Trance","floor":10.0},{"not_picked":["Sever Soul","Warcry"],"picked":"Shrug It Off","floor":12.0},{"not_picked":["Juggernaut","Berserk"],"picked":"Feed","floor":16.0},{"not_picked":["Rupture","Pommel Strike"],"picked":"Clothesline","floor":18.0}],"player_experience":301230,"relics_obtained":[{"floor":6.0,"key":"Akabeko"},{"floor":8.0,"key":"Du-Vu Doll"},{"floor":9.0,"key":"Matryoshka"}],"event_choices":[{"damage_healed":0.0,"max_hp_gain":0.0,"max_hp_loss":0.0,"gold_gain":0.0,"event_name":"Liars Game","player_choice":"Ignored","floor":5.0,"gold_loss":0.0,"damage_taken":0.0},{"cards_removed":["Strike_R"],"damage_healed":0.0,"max_hp_gain":0.0,"max_hp_loss":0.0,"gold_gain":0.0,"event_name":"Living Wall","player_choice":"Forget","floor":14.0,"gold_loss":0.0,"damage_taken":0.0}],"is_beta":false,"boss_relics":[{"not_picked":["Fusion Hammer","SlaversCollar"],"picked":"Snecko Eye"}],"items_purged_floors":[4],"is_endless":false,"potions_floor_spawned":[10,16],"killed_by":"3 Byrds","ascension_level":10}}