{"host":"aapp7ew3jk5k1bvd","time":1613308850,"event":{"mods":["AchievementEnabler","BaseMod","Colored Map","Custom Start","Keyboard Shortcuts","Minty Spire (QoL Compilation)","Permanent Neow","Quick Restart","StSLib","SuperFastMode"],"gold_per_floor":[119,119,138,63,77,77,77,77,77,77,93,43,72,72,72,72,72],"floor_reached":16,"language":"KOR","playtime":451,"items_purged":["Regret"],"score":162,"play_id":"018f57dc-b0e4-411f-a49f-86fbc25ec247","local_time":"20210214222050","is_ascension_mode":true,"campfire_choices":[{"data":"After Image","floor":6.0,"key":"SMITH"},{"data":"Tactician","floor":8.0,"key":"SMITH"},{"floor":15,"key":"REST"}],"circlet_count":0,"master_deck":["AscendersBane","Strike_G","Strike_G+1","Strike_G","Strike_G","Defend_G","Defend_G","Defend_G+1","Defend_G","Defend_G","Survivor","Neutralize","After Image+1","Acrobatics","Tactician+1","Well Laid Plans","Accuracy","Cloak And Dagger","Backflip"],"relics":["Ring of the Snake","Bag of Marbles","HornCleat","Pen Nib"],"acts_visited":["Exordium"],"potions_floor_usage":[],"damage_taken":[{"damage":0.0,"enemies":"Jaw Worm","floor":1.0,"turns":7.0},{"damage":4.0,"enemies":"2 Louse","floor":3.0,"turns":4.0},{"damage":0.0,"enemies":"Cultist","floor":5.0,"turns":5.0},{"damage":6,"enemies":"Large Slime","floor":11,"turns":7},{"damage":2,"enemies":"3 Sentries","floor":13,"turns":15},{"damage":0,"enemies":"Slime Boss","floor":16,"turns":2}],"seed_played":"3298521282917028127","potions_obtained":[{"floor":3.0,"key":"LiquidBronze"},{"floor":5.0,"key":"FairyPotion"}],"is_trial":false,"path_per_floor":["M","?","M","$","M","R","?","R","T","?","M","?","E","$","R","B"],"character_chosen":"THE_SILENT","items_purchased":[],"campfire_rested":1,"item_purchase_floors":[],"current_hp_per_floor":[63,63,59,59,59,59,46,46,46,46,40,40,38,38,56,56,56],"gold":72,"neow_bonus":"THREE_RARE_CARDS","is_daily":false,"chose_seed":false,"campfire_upgraded":2,"win_rate":0.0,"timestamp":1613308850,"path_taken":["M","?","M","$","M","R","?","R","T","?","?","?","E","?","R","BOSS"],"items_purchased_type":[],"build_version":"2020-12-22","purchased_purges":1,"victory":false,"max_hp_per_floor":[63,63,63,63,63,63,63,63,63,63,63,63,63,63,63,63,63],"card_choices":[{"not_picked":["Bullet Time","Storm of Steel"],"picked":"After Image","floor":0.0},{"not_picked":["Prepared","Underhanded Strike"],"picked":"Acrobatics","floor":1.0},{"not_picked":["Endless Agony","Blade Dance"],"picked":"Tactician","floor":3.0},{"not_picked":["Calculated Gamble","Distraction"],"picked":"Well Laid Plans","floor":5.0},{"not_picked":["Calculated Gamble","Dagger Throw"],"picked":"Backflip","floor":11},{"not_picked":["Outmaneuver","Acrobatics","Flying Knee"],"picked":"SKIP","floor":13}],"player_experience":1363795,"relics_obtained":[{"floor":9.0,"key":"HornCleat"},{"floor":13,"key":"Pen Nib"}],"event_choices":[{"damage_healed":0.0,"max_hp_gain":0.0,"max_hp_loss":0.0,"gold_gain":0.0,"event_name":"Big Fish","player_choice":"Box","floor":2.0,"gold_loss":0.0,"damage_taken":0.0,"relics_obtained":["Bag of Marbles"],"cards_obtained":["Regret"]},{"damage_healed":0.0,"max_hp_gain":0.0,"max_hp_loss":0.0,"gold_gain":0.0,"event_name":"Shining Light","player_choice":"Entered Light","floor":7.0,"gold_loss":0.0,"damage_taken":13.0,"cards_upgraded":["Strike_G","Defend_G"]},{"damage_healed":0,"gold_gain":0,"player_choice":"2 cards matched","damage_taken":0,"max_hp_gain":0,"max_hp_loss":0,"event_name":"Match and Keep!","floor":10,"gold_loss":0,"cards_obtained":["Accuracy","Cloak And Dagger"]},{"cards_removed":["Strike_G"],"damage_healed":0,"gold_gain":0,"player_choice":"Card Removal","damage_taken":0,"max_hp_gain":0,"max_hp_loss":0,"event_name":"The Cleric","floor":12,"gold_loss":50}],"is_beta":false,"boss_relics":[],"items_purged_floors":[4],"is_endless":false,"potions_floor_spawned":[3,5,11],"killed_by":"Slime Boss","ascension_level":13}}