{"host":"kv06jx36eid0zw4n","time":1613310986,"event":{"mods":["AchievementEnabler","Act Like it!","Aspiration","BaseMod","Beaked The Cultist","Better Note","Better Skull","Better Third Choice","BetterRewards","Block Reminder","CCEM2","Colored Map","Conspire","Curses Come First","Dota2Spire","Elementarium","Energized Spire","Friendly Minions","Gensokyo","GifTheSpireLib","Glutton Mod","GungeonMod","Halation","Hallownest","Hermit","Hubris","Infinite Spire","Key Reminder","KomeijiMod","Lobotomy","LobotomyExtend","Menagerie","Mimic Mod","Minty Spire (QoL Compilation)","MostiFishMod","Pale of the Ancients","Quarter Circle Forward PUNCH!","Rare Cards Sparkle","Replay The Spire","RumiaBox-????????","Small Relic Pack","Spicy Shops","StSLib","Stuff the Spire","The Blue Laboratory","The Cursed","Trackpad","Uncapped","Wandering Minibosses","[IsaacMod]????"],"gold_per_floor":[119,4,15,15,46,77,146,146,283,283,293,307,341,360,360,459,459,475,492,492,505,515,545,545,555,555,555,568,579,596,616,616,616,616,714,714,725,744,744,1044,1059,1059,1074,1074,1105,1105,1134,1184,1197,1214,1214,1214,1214],"floor_reached":52,"language":"ENG","playtime":4891,"items_purged":[],"score":870,"play_id":"75515982-c207-4f38-8e7e-28dec8c53c8f","local_time":"20210214145626","is_ascension_mode":false,"campfire_choices":[{"floor":8.0,"key":"RECALL"},{"data":"MostiFishMod:Dust","floor":15.0,"key":"SMITH"},{"data":"Devotion","floor":24.0,"key":"SMITH"},{"data":"Study","floor":27,"key":"SMITH"},{"data":"MostiFishMod:TalkingToTheRain","floor":33,"key":"SMITH"},{"data":"Echo Form","floor":42,"key":"SMITH"},{"data":"Discovery","floor":51,"key":"SMITH"}],"circlet_count":0,"master_deck":["Strike_P","Strike_P","Strike_P","Strike_P","Defend_P","Defend_P","Defend_P","Defend_P","Eruption","Vigilance","Prostrate","MostiFishMod:Nomercy","LikeWater","Swivel","Collect","Halt","Study+1","WheelKick","Replay:Battleflow","MostiFishMod:Dust+1","Devotion+1","Hologram","Consecrate+1","MostiFishMod:Unraveling","CarveReality","Prostrate+1","MostiFishMod:LegendTransform","White Noise+1","BootSequence+1","MostiFishMod:TalkingToTheRain+1","conspire:SharedLibrary","DemoMod:Elimentaler","Echo Form+1","Study","Fusion+1","Evaluate+1","JustLucky","Panic Button","ReplayTheSpireMod:System Scan","ReplayTheSpireMod:GoodbyeWorld","Discovery+1","Crescendo+1","StuffTheSpire:Plugnplay+1","Self Repair","Study+1","ReplayTheSpireMod:Calculation Training","Prostrate","Adaptation"],"relics":["PureWater","DaveBox","HushsDoor","BirthdayGift-Tetrahedron","SteamSale","aspiration:Nostalgia","KomeijisEye","SynthV:TestCard","LetterFromLob","hubris:Icosahedron","DemoMod:WhiteGuonStone","DemoMod:PartiallyEatenCheese","Toy Ornithopter","Dota2Spire:Dagon","aspiration:FrozenJewel","aspiration:DefectSkillbook","Pet Ghost","DemoMod:RatBoots","DemoMod:ResourcefulSack","halation:BottledLove","DemoMod:GlassGuonStoneRelic","MagicMushroom","aspiration:Lifesprig","hubris:NiceRug","Lizard Tail","qcfpunch:Chain_With_Nametags","CCEMRelics:GrindingGear","Gremlin Food","NineVolt","StuffTheSpire:PointBlank","halation:PinkSoulGem","halation:TwoAmDonut","hubris:DeckOfHolding","conspire:TopHat"],"acts_visited":["Exordium","Gensokyo:Gensokyoer","DemoMod:Maze","Gensokyo:Gensokyoest"],"potions_floor_usage":[28,29,31,35,40,48,48,52],"damage_taken":[{"damage":2.0,"enemies":"Jaw Worm","floor":1.0,"turns":2.0},{"damage":2.0,"enemies":"2 Louse","floor":3.0,"turns":2.0},{"damage":2.0,"enemies":"Small Slimes","floor":5.0,"turns":2.0},{"damage":2.0,"enemies":"Gremlin Nob","floor":6.0,"turns":2.0},{"damage":4.0,"enemies":"Small Slimes","floor":9.0,"turns":3.0},{"damage":3.0,"enemies":"Small Slimes","floor":11.0,"turns":2.0},{"damage":3.0,"enemies":"Blue Slaver","floor":12.0,"turns":2.0},{"damage":2.0,"enemies":"Lagavulin","floor":13.0,"turns":2.0},{"damage":4.0,"enemies":"Gremlin Gang","floor":14.0,"turns":2.0},{"damage":8.0,"enemies":"The Guardian","floor":16.0,"turns":5.0},{"damage":2.0,"enemies":"Gensokyo:CosmicMonolith","floor":18.0,"turns":2.0},{"damage":2.0,"enemies":"Gensokyo:AngelMirror","floor":19.0,"turns":2.0},{"damage":7.0,"enemies":"Gensokyo:Slime_Group","floor":21.0,"turns":3.0},{"damage":11.0,"enemies":"Gensokyo:Mirror_and_Dog","floor":22.0,"turns":2.0},{"damage":8.0,"enemies":"Nightmare","floor":23.0,"turns":5.0},{"damage":7.0,"enemies":"Gensokyo:Wraith","floor":25.0,"turns":3.0},{"damage":2,"enemies":"DemoMod:4_Bullet_Kins","floor":28,"turns":2},{"damage":0,"enemies":"DemoMod:Red_and_blue_shotgun_kin","floor":29,"turns":1},{"damage":2,"enemies":"DemoMod:Veteran_shot_gun_kin_and_blue_shotgun_kin_with_gunsinger","floor":30,"turns":2},{"damage":2,"enemies":"DemoMod:Red_and_blue_shotgun_kin_with_gunsinger","floor":31,"turns":2},{"damage":17,"enemies":"DemoMod:ResourcefulRat","floor":35,"turns":7},{"damage":4,"enemies":"Gensokyo:3_Boulders","floor":37,"turns":3},{"damage":4,"enemies":"Gensokyo:AncientGuardian","floor":38,"turns":3},{"damage":4,"enemies":"hubris:Merchant","floor":40,"turns":3},{"damage":0,"enemies":"Gensokyo:4_Bats","floor":41,"turns":3},{"damage":0,"enemies":"Gensokyo:AtlasGolem","floor":43,"turns":2},{"damage":0,"enemies":"Gensokyo:Rafflesia","floor":45,"turns":3},{"damage":0,"enemies":"Gensokyo:Marisa","floor":47,"turns":2},{"damage":0,"enemies":"Hiden Room Battle","floor":48,"turns":2},{"damage":0,"enemies":"Gensokyo:Rafflesia","floor":49,"turns":3},{"damage":0,"enemies":"Gensokyo:SeedOfUnknown","floor":50,"turns":3},{"damage":0,"enemies":"Gensokyo:Shinki","floor":52,"turns":6}],"seed_played":"-1178356452778758224","potions_obtained":[{"floor":1.0,"key":"Block Potion"},{"floor":7.0,"key":"Dota2Spire:HealingSalve"},{"floor":7.0,"key":"blueLaboratory:BottleOfVodka"},{"floor":11.0,"key":"blueLaboratory:AbyssPotion"},{"floor":14.0,"key":"blueLaboratory:HorrorPotion"},{"floor":19.0,"key":"Fire Potion"},{"floor":25.0,"key":"blueLaboratory:FruitPunch"},{"floor":28,"key":"blueLaboratory:HorrorPotion"},{"floor":29,"key":"Milkshake"},{"floor":31,"key":"blueLaboratory:BottleOfRum"},{"floor":37,"key":"blueLaboratory:SavagePotion"},{"floor":40,"key":"Dexterity Potion"},{"floor":40,"key":"AttackPotion"},{"floor":40,"key":"blueLaboratory:HorrorPotion"},{"floor":43,"key":"SkillPotion"},{"floor":48,"key":"blueLaboratory:EpiphanyPotion"},{"floor":50,"key":"blueLaboratory:RememoryPotion"}],"is_trial":false,"path_per_floor":["M","$","M","?","MIM","E","?","R","MIM","?","M","M","E","M","R","B",null,"M","M","?","M","M","NM","R","M","T","R","M","M","M","M","M","R","B","B",null,"M","M","AVR","$","M","R","M","$","MIM","?","E","?","M","M","R","B"],"character_chosen":"WATCHER","items_purchased":["DemoMod:GnawedKey"],"campfire_rested":0,"item_purchase_floors":[2],"current_hp_per_floor":[70,70,68,68,66,64,36,36,43,43,45,42,40,36,36,33,72,70,68,68,61,55,47,47,40,72,72,72,74,72,72,72,72,43,31,74,70,66,73,75,76,76,77,77,78,78,79,75,81,81,81,81,81],"gold":1214,"neow_bonus":"NOSTALGIA","is_daily":false,"chose_seed":false,"campfire_upgraded":6,"win_rate":0.0,"timestamp":1613310986,"path_taken":["M","$","M","?","?","E","?","R","MIM","?","?","M","E","M","R","BOSS","M","M","?","?","M","NM","R","M","T","R","M","M","M","M","M","R","BOSS","BOSS","M","M","AVR","?","M","R","M","$","MIM","?","E","?","M","M","R","BOSS"],"items_purchased_type":["Relic"],"build_version":"2020-12-22","purchased_purges":0,"victory":false,"max_hp_per_floor":[72,72,72,72,72,72,72,72,72,72,72,72,72,72,72,72,72,72,72,72,72,72,72,72,72,72,72,74,74,74,74,74,74,74,74,74,74,74,81,81,81,81,81,81,81,81,81,81,81,81,81,81,81],"card_choices":[{"not_picked":[],"picked":"ChaosCard","floor":0.0},{"not_picked":["TalkToTheHand","FlyingSleeves"],"picked":"Prostrate","floor":1.0},{"not_picked":["MostiFishMod:PathToVictory","WindmillStrike","Replay:Anticipation","EmptyMind"],"picked":"MostiFishMod:Nomercy","floor":3.0},{"not_picked":["FlyingSleeves","MasterReality","Replay:AtTheReady","ThirdEye"],"picked":"LikeWater","floor":5.0},{"not_picked":["MostiFishMod:Unraveling","CutThroughFate","EmptyFist","Protect"],"picked":"Swivel","floor":6.0},{"not_picked":["SashWhip","Indignation","FearNoEvil","Protect"],"picked":"Collect","floor":7.0},{"not_picked":["CarveReality","Collect","BowlingBash","Replay:ManipulateFuture"],"picked":"Halt","floor":9.0},{"not_picked":["DeceiveReality","ClearTheMind","Crescendo","Vengeance"],"picked":"Study","floor":11.0},{"not_picked":["Vault","Protect","EmptyBody","MostiFishMod:PathToVictory"],"picked":"WheelKick","floor":12.0},{"not_picked":["Replay:ManipulateFuture","Wallop","EmptyFist","WindmillStrike"],"picked":"Replay:Battleflow","floor":13.0},{"not_picked":["Meditate","BowlingBash","Replay:AtTheReady","FlurryOfBlows"],"picked":"MostiFishMod:Dust","floor":14.0},{"not_picked":["MostiFishMod:StarWish","Omniscience","MostiFishMod:KamiSmash","Vault"],"picked":"Devotion","floor":16.0},{"not_picked":["EmptyBody","MostiFishMod:PathToVictory","Recycle+1","ReplayTheSpireMod:Dual Polarity","StuffTheSpire:Synthwave"],"picked":"Hologram","floor":18.0},{"not_picked":["FlurryOfBlows+1","conspire:SharedLibrary+1","Halt+1","Tempest","ClearTheMind"],"picked":"Consecrate+1","floor":19.0},{"not_picked":["Darkness","BowlingBash","Auto Shields","StuffTheSpire:ShieldGenerator+1","Beam Cell"],"picked":"MostiFishMod:Unraveling","floor":21.0},{"not_picked":["PathToVictory","Replay:ManipulateFuture","Darkness","Coolheaded","Turbo"],"picked":"CarveReality","floor":22.0},{"not_picked":["Go for the Eyes","Compile Driver","JustLucky","Steam","Steam Power"],"picked":"Prostrate+1","floor":23.0},{"not_picked":["Ball Lightning","hubris:PowerSurge","Weave","ThirdEye","MostiFishMod:StarOceanB"],"picked":"MostiFishMod:LegendTransform","floor":25.0},{"not_picked":["Halt","ThirdEye+1","Redo+1","Melter","Collect+1"],"picked":"White Noise+1","floor":28},{"not_picked":["StuffTheSpire:Coldhearted+1","Compile Driver+1","Protect+1","MostiFishMod:Clarity","BowlingBash"],"picked":"BootSequence+1","floor":29},{"not_picked":["Prostrate+1","WindmillStrike","FlyingSleeves+1","Replay:BluntJabs","Conserve Battery+1"],"picked":"MostiFishMod:TalkingToTheRain","floor":30},{"not_picked":["Hologram+1","Redo+1","Evaluate","Turbo+1","MostiFishMod:PushDownKick+1"],"picked":"conspire:SharedLibrary","floor":31},{"not_picked":[],"picked":"DemoMod:Elimentaler","floor":35},{"not_picked":["MostiFishMod:DeathFromBelow","DevaForm","StuffTheSpire:LaunchingStrike","MostiFishMod:DustFall","MostiFishMod:Overload"],"picked":"Echo Form","floor":35},{"not_picked":["Steam+1","Ball Lightning+1","Go for the Eyes+1","Conserve Battery+1","Consecrate+1"],"picked":"Study","floor":36},{"not_picked":["ReplayTheSpireMod:Repulse","Rebound+1","Auto Shields","CutThroughFate+1","Replay:AtTheReady+1"],"picked":"Fusion+1","floor":37},{"not_picked":["Distribution","MostiFishMod:GatherIntelligence+1","BowlingBash","Streamline","FlyingSleeves"],"picked":"Evaluate+1","floor":38},{"not_picked":[],"picked":"JustLucky","floor":40},{"not_picked":[],"picked":"Panic Button","floor":40},{"not_picked":[],"picked":"ReplayTheSpireMod:System Scan","floor":40},{"not_picked":[],"picked":"ReplayTheSpireMod:GoodbyeWorld","floor":40},{"not_picked":[],"picked":"Discovery","floor":40},{"not_picked":["Barrage"],"picked":"SKIP","floor":40},{"not_picked":["StuffTheSpire:Recharge"],"picked":"SKIP","floor":40},{"not_picked":["ClearTheMind+1","FlurryOfBlows+1","Fasting2","hubris:Ukulele+1","Protect+1"],"picked":"Crescendo+1","floor":41},{"not_picked":["Cancel","Stack+1","Swivel+1","JustLucky","Sweeping Beam+1"],"picked":"StuffTheSpire:Plugnplay+1","floor":43},{"not_picked":["Biased Cognition","Genetic Algorithm+1","conspire:SharedLibrary+1","Crescendo","Wallop"],"picked":"Self Repair","floor":45},{"not_picked":["ReplayTheSpireMod:GoodbyeWorld+1","MostiFishMod:PathToVictory","Conserve Battery+1","StuffTheSpire:CleanHardDrive","Compile Driver+1"],"picked":"Study+1","floor":47},{"not_picked":["ReachHeaven","Replay:DivineShield+1","Go for the Eyes","Leap+1","Rebound"],"picked":"ReplayTheSpireMod:Calculation Training","floor":48},{"not_picked":["StuffTheSpire:LoadUp+1","EmptyBody","Auto Shields","WreathOfFlame","Collect"],"picked":"Prostrate","floor":49},{"not_picked":["Evaluate","Ball Lightning+1","Sunder+1","Gash","Barrage+1"],"picked":"Adaptation","floor":50}],"player_experience":1659960,"relics_obtained":[{"floor":1.0,"key":"SynthV:TestCard"},{"floor":1.0,"key":"LetterFromLob"},{"floor":5.0,"key":"DemoMod:WhiteGuonStone"},{"floor":6.0,"key":"DemoMod:PartiallyEatenCheese"},{"floor":7.0,"key":"Toy Ornithopter"},{"floor":10.0,"key":"Dota2Spire:Dagon"},{"floor":13.0,"key":"aspiration:FrozenJewel"},{"floor":23.0,"key":"Pet Ghost"},{"floor":36,"key":"DemoMod:RatBoots"},{"floor":36,"key":"DemoMod:ResourcefulSack"},{"floor":36,"key":"halation:BottledLove"},{"floor":40,"key":"Lizard Tail"},{"floor":40,"key":"qcfpunch:Chain_With_Nametags"},{"floor":40,"key":"CCEMRelics:GrindingGear"},{"floor":40,"key":"Gremlin Food"},{"floor":40,"key":"NineVolt"},{"floor":45,"key":"StuffTheSpire:PointBlank"},{"floor":47,"key":"halation:TwoAmDonut"},{"floor":48,"key":"hubris:DeckOfHolding"},{"floor":48,"key":"conspire:TopHat"}],"event_choices":[{"damage_healed":0,"gold_gain":0,"player_choice":"Fight","damage_taken":0,"max_hp_gain":0,"max_hp_loss":0,"event_name":"HidenRoomEvent","floor":48,"gold_loss":0}],"is_beta":false,"boss_relics":[{"not_picked":["aspiration:SilentSkillbook","aspiration:SecretTechniqueScroll"],"picked":"aspiration:DefectSkillbook"},{"not_picked":[]},{"not_picked":[]}],"items_purged_floors":[],"is_endless":false,"potions_floor_spawned":[1,11,13,14,19,25,28,29,31,37,43,48,50],"killed_by":"Gensokyo:Shinki","ascension_level":0}}