{"host":"1xo5g347e5o4auts","time":1613289388,"event":{"mods":["BaseMod","Minty Spire (QoL Compilation)","Permanent Neow","StSLib"],"gold_per_floor":[115,134,134,134,151,151,169,197,197,232,250,40,73,83,83,160,160,174,185,75,94,94,94,126,126,177,187,34,34,64,84,84,155,155,171,182,182,195,205,239,239,264,290,317,333,353,61,61,61,61,61,61],"floor_reached":51,"language":"ENG","playtime":1875,"items_purged":["Strike_G","Writhe","Doubt"],"score":1598,"play_id":"5ae316c1-051b-45b2-ba7d-fe90b12b9b71","local_time":"20210214095628","is_ascension_mode":true,"campfire_choices":[{"floor":6.0,"key":"REST"},{"data":"Wraith Form v2","floor":15.0,"key":"SMITH"},{"data":"Crippling Poison","floor":23.0,"key":"SMITH"},{"data":"Noxious Fumes","floor":25.0,"key":"SMITH"},{"data":"Malaise","floor":32.0,"key":"SMITH"},{"data":"Well Laid Plans","floor":41.0,"key":"SMITH"},{"floor":49.0,"key":"RECALL"}],"circlet_count":0,"master_deck":["AscendersBane","Strike_G","Defend_G","Defend_G+1","Defend_G","Defend_G","Defend_G","Survivor","Neutralize","Malaise+1","Dagger Spray","Skewer","Poisoned Stab","Terror","Dagger Throw","Wraith Form v2+1","Blade Dance","After Image","Heel Hook","Malaise","Leg Sweep+1","Crippling Poison+1","Noxious Fumes+1","PiercingWail","Crippling Poison+1","Burst","Catalyst","Well Laid Plans+1","Corpse Explosion","Predator+1","Blade Dance+1","Backflip","Finesse"],"relics":["Ring of the Snake","Dream Catcher","Pear","Paper Crane","Shuriken","Bronze Scales","Cursed Key","Letter Opener","Bag of Marbles","Mummified Hand","Philosopher\u0027s Stone","Ice Cream","Blood Vial","Oddly Smooth Stone","ClockworkSouvenir"],"acts_visited":["Exordium","TheCity","TheBeyond"],"potions_floor_usage":[],"damage_taken":[{"damage":2.0,"enemies":"Cultist","floor":1.0,"turns":4.0},{"damage":4.0,"enemies":"Jaw Worm","floor":2.0,"turns":5.0},{"damage":0.0,"enemies":"2 Louse","floor":5.0,"turns":3.0},{"damage":1.0,"enemies":"Exordium Thugs","floor":7.0,"turns":5.0},{"damage":17.0,"enemies":"3 Sentries","floor":8.0,"turns":6.0},{"damage":6.0,"enemies":"Lagavulin","floor":10.0,"turns":8.0},{"damage":13.0,"enemies":"Lots of Slimes","floor":11.0,"turns":3.0},{"damage":2.0,"enemies":"Gremlin Nob","floor":13.0,"turns":4.0},{"damage":0.0,"enemies":"Blue Slaver","floor":14.0,"turns":3.0},{"damage":8.0,"enemies":"Hexaghost","floor":16.0,"turns":9.0},{"damage":7.0,"enemies":"Shell Parasite","floor":18.0,"turns":6.0},{"damage":0.0,"enemies":"Chosen","floor":19.0,"turns":4.0},{"damage":7.0,"enemies":"3 Cultists","floor":21.0,"turns":5.0},{"damage":11.0,"enemies":"Slavers","floor":24.0,"turns":2.0},{"damage":12.0,"enemies":"Snecko","floor":27.0,"turns":4.0},{"damage":2.0,"enemies":"Gremlin Leader","floor":30.0,"turns":6.0},{"damage":1.0,"enemies":"Centurion and Healer","floor":31.0,"turns":6.0},{"damage":6.0,"enemies":"Champ","floor":33.0,"turns":13.0},{"damage":3.0,"enemies":"3 Darklings","floor":35.0,"turns":4.0},{"damage":0.0,"enemies":"Orb Walker","floor":36.0,"turns":4.0},{"damage":1.0,"enemies":"Writhing Mass","floor":38.0,"turns":6.0},{"damage":0.0,"enemies":"4 Shapes","floor":39.0,"turns":3.0},{"damage":14.0,"enemies":"Nemesis","floor":40.0,"turns":9.0},{"damage":1.0,"enemies":"Giant Head","floor":42.0,"turns":6.0},{"damage":0.0,"enemies":"Reptomancer","floor":44.0,"turns":6.0},{"damage":19.0,"enemies":"3 Darklings","floor":45.0,"turns":4.0},{"damage":1.0,"enemies":"Spire Growth","floor":46.0,"turns":6.0},{"damage":25,"enemies":"Donu and Deca","floor":50,"turns":8},{"damage":11,"enemies":"Time Eater","floor":51,"turns":2}],"seed_played":"-5149021094667721426","potions_obtained":[{"floor":1.0,"key":"Fire Potion"},{"floor":7.0,"key":"LiquidBronze"},{"floor":8.0,"key":"GamblersBrew"},{"floor":11.0,"key":"Fire Potion"},{"floor":13.0,"key":"DuplicationPotion"},{"floor":30.0,"key":"CunningPotion"},{"floor":39.0,"key":"FearPotion"},{"floor":40.0,"key":"Dexterity Potion"}],"is_trial":false,"path_per_floor":["M","M","?","?","M","R","M","E","T","E","M","$","E","M","R","B",null,"M","M","?","M","$","R","E","R","T","M","$","?","E","M","R","B",null,"M","M","?","M","M","E","R","E","T","E","M","M","$","?","R","B","B"],"character_chosen":"THE_SILENT","items_purchased":["Wraith Form v2","Blade Dance","Block Potion","ClockworkSouvenir"],"campfire_rested":1,"item_purchase_floors":[12,12,28,47],"current_hp_per_floor":[57,53,42,35,35,54,53,46,46,40,27,27,25,25,25,17,61,54,54,54,47,47,47,36,36,36,24,24,76,74,73,73,67,74,71,71,71,70,70,56,56,55,55,57,40,41,41,31,31,8,0,0],"gold":61,"neow_bonus":"ONE_RANDOM_RARE_CARD","is_daily":false,"chose_seed":false,"campfire_upgraded":5,"win_rate":0.0,"timestamp":1613289388,"path_taken":["M","M","?","?","M","R","M","E","T","E","M","$","E","M","R","BOSS","M","M","?","M","$","R","E","R","T","?","$","?","E","M","R","BOSS","M","M","?","M","?","E","R","E","T","E","M","M","$","?","R","BOSS","BOSS"],"items_purchased_type":["Card","Card","Potion","Relic"],"build_version":"2020-12-22","purchased_purges":3,"victory":false,"max_hp_per_floor":[66,66,66,66,66,66,66,76,76,76,76,76,76,76,76,76,76,76,76,76,76,76,76,76,76,76,76,76,76,76,76,76,76,76,76,76,76,76,76,76,76,76,76,76,76,76,76,76,76,76,76,76],"card_choices":[{"not_picked":["Slice","Sucker Punch"],"picked":"All Out Attack","floor":1.0},{"not_picked":["Flying Knee","Outmaneuver","Blur"],"picked":"SKIP","floor":2.0},{"not_picked":["Masterful Stab","Underhanded Strike"],"picked":"Dagger Spray","floor":5.0},{"not_picked":["Catalyst","Underhanded Strike"],"picked":"Skewer","floor":6.0},{"not_picked":["Quick Slash","Outmaneuver"],"picked":"Poisoned Stab","floor":7.0},{"not_picked":["Storm of Steel","Outmaneuver"],"picked":"Terror","floor":8.0},{"not_picked":["Tactician","Flying Knee"],"picked":"Dagger Throw","floor":10.0},{"not_picked":["Bane","Prepared","Underhanded Strike"],"picked":"SKIP","floor":11.0},{"not_picked":["Flying Knee","Deflect"],"picked":"After Image","floor":13.0},{"not_picked":["Flying Knee","Backflip"],"picked":"Heel Hook","floor":14.0},{"not_picked":["Die Die Die","Envenom"],"picked":"Malaise","floor":16.0},{"not_picked":["Bane","Deadly Poison"],"picked":"Leg Sweep+1","floor":18.0},{"not_picked":["Dagger Throw","Deadly Poison"],"picked":"Crippling Poison","floor":19.0},{"not_picked":["Setup","Outmaneuver","All Out Attack"],"picked":"SKIP","floor":21.0},{"not_picked":["Leg Sweep+1","Outmaneuver"],"picked":"Noxious Fumes","floor":24.0},{"not_picked":["Dagger Throw+1","Dagger Spray"],"picked":"PiercingWail","floor":27.0},{"not_picked":["Choke","Dagger Spray"],"picked":"Crippling Poison+1","floor":30.0},{"not_picked":["Dagger Spray+1","Flying Knee","PiercingWail"],"picked":"SKIP","floor":31.0},{"not_picked":["Phantasmal Killer","Malaise"],"picked":"Burst","floor":33.0},{"not_picked":["Eviscerate","Deflect"],"picked":"Catalyst","floor":35.0},{"not_picked":["Blade Dance","Terror"],"picked":"Well Laid Plans","floor":36.0},{"not_picked":["PiercingWail","Slice"],"picked":"Predator+1","floor":38.0},{"not_picked":["Accuracy+1","Slice","Sucker Punch"],"picked":"SKIP","floor":39.0},{"not_picked":["Dash","Dagger Spray"],"picked":"Blade Dance+1","floor":40.0},{"not_picked":["Blade Dance","Well Laid Plans","Phantasmal Killer"],"picked":"SKIP","floor":42.0},{"not_picked":["Flechettes","Distraction"],"picked":"Backflip","floor":44.0},{"not_picked":["Flechettes","Deflect+1","Dodge and Roll"],"picked":"SKIP","floor":45.0},{"not_picked":["Underhanded Strike+1","Blade Dance+1","Choke"],"picked":"SKIP","floor":46.0},{"not_picked":["Good Instincts","Blind"],"picked":"Finesse","floor":48.0}],"player_experience":1487360,"relics_obtained":[{"floor":8.0,"key":"Pear"},{"floor":9.0,"key":"Paper Crane"},{"floor":10.0,"key":"Shuriken"},{"floor":13.0,"key":"Bronze Scales"},{"floor":24.0,"key":"Letter Opener"},{"floor":26.0,"key":"Bag of Marbles"},{"floor":30.0,"key":"Mummified Hand"},{"floor":40.0,"key":"Ice Cream"},{"floor":42.0,"key":"Blood Vial"},{"floor":44.0,"key":"Oddly Smooth Stone"}],"event_choices":[{"damage_healed":0.0,"max_hp_gain":0.0,"max_hp_loss":0.0,"gold_gain":0.0,"event_name":"Scrap Ooze","player_choice":"Success","floor":3.0,"gold_loss":0.0,"damage_taken":11.0,"relics_obtained":["Dream Catcher"]},{"cards_removed":["Strike_G"],"damage_healed":0.0,"max_hp_gain":0.0,"max_hp_loss":0.0,"gold_gain":0.0,"event_name":"Golden Wing","player_choice":"Card Removal","floor":4.0,"gold_loss":0.0,"damage_taken":7.0},{"cards_removed":["Strike_G"],"damage_healed":0.0,"max_hp_gain":0.0,"max_hp_loss":0.0,"gold_gain":0.0,"event_name":"Designer","player_choice":"Upgrade and Remove","floor":20.0,"gold_loss":110.0,"damage_taken":0.0,"cards_upgraded":["Defend_G"]},{"cards_removed":["All Out Attack"],"damage_healed":52.0,"max_hp_gain":0.0,"max_hp_loss":0.0,"gold_gain":0.0,"event_name":"Bonfire Elementals","player_choice":"Offered Uncommon","floor":29.0,"gold_loss":0.0,"damage_taken":0.0},{"damage_healed":0.0,"max_hp_gain":0.0,"max_hp_loss":0.0,"gold_gain":0.0,"cards_transformed":["Strike_G"],"event_name":"Transmorgrifier","player_choice":"Transformed","floor":37.0,"gold_loss":0.0,"damage_taken":0.0,"cards_obtained":["Corpse Explosion"]},{"damage_healed":0.0,"max_hp_gain":0.0,"max_hp_loss":0.0,"gold_gain":0.0,"event_name":"SensoryStone","player_choice":"Memory 3","floor":48.0,"gold_loss":0.0,"damage_taken":10.0}],"is_beta":false,"boss_relics":[{"not_picked":["Sozu","Black Star"],"picked":"Cursed Key"},{"not_picked":["WristBlade","Fusion Hammer"],"picked":"Philosopher\u0027s Stone"}],"items_purged_floors":[12,28,47],"is_endless":false,"potions_floor_spawned":[1,7,8,11,13,21,30,35,36,39,40],"killed_by":"Time Eater","ascension_level":20}}