{"host":"21h5e52imz35vo8g","time":1613301383,"event":{"mods":["AchievementEnabler","BaseMod","Colored Map","Colored Powertips","Googly Eyes","Minty Spire (QoL Compilation)","Quick Restart","Rare Cards Sparkle","Replay The Spire","StSLib"],"gold_per_floor":[111,111,111,60,73,73,103,103,152,182,182,199,374,374,374,374,374],"floor_reached":16,"language":"ZHS","playtime":531,"items_purged":[],"score":144,"play_id":"933bd824-4d7e-4b6f-a9f2-11dcf5bea2ae","local_time":"20210214191623","is_ascension_mode":true,"campfire_choices":[{"data":"ForeignInfluence","floor":6,"key":"SMITH"}],"circlet_count":0,"master_deck":["Strike_P","Strike_P","Defend_P","Eruption","Vigilance","Weave","ForeignInfluence+1","ThirdEye","Replay:ManipulateFuture","CutThroughFate","Doubt","Perseverance"],"relics":["PureWater","NeowsBlessing","Bronze Scales","Juzu Bracelet","Pantograph","Bag of Marbles"],"acts_visited":["Exordium"],"potions_floor_usage":[],"damage_taken":[{"damage":0.0,"enemies":"Jaw Worm","floor":1.0,"turns":1.0},{"damage":0,"enemies":"2 Louse","floor":5,"turns":1},{"damage":0,"enemies":"Lagavulin","floor":7,"turns":1},{"damage":27,"enemies":"Gremlin Nob","floor":10,"turns":3},{"damage":0,"enemies":"Small Slimes","floor":12,"turns":2},{"damage":27,"enemies":"The Guardian","floor":16,"turns":6}],"seed_played":"-3696328260701157973","potions_obtained":[{"floor":12,"key":"FairyPotion"}],"is_trial":false,"path_per_floor":["M","?","?","$","M","R","E","?","T","E","?","M","?","T","R_BF","B"],"character_chosen":"WATCHER","items_purchased":["ThirdEye"],"campfire_rested":0,"item_purchase_floors":[4],"current_hp_per_floor":[72,72,72,72,72,72,72,65,65,38,38,38,38,38,38,36,36],"gold":374,"neow_bonus":"THREE_ENEMY_KILL","is_daily":false,"chose_seed":false,"campfire_upgraded":1,"win_rate":0.0,"timestamp":1613301383,"path_taken":["M","?","?","$","M","R","E","?","T","E","?","M","?","?","R_BF","BOSS"],"items_purchased_type":["Card"],"build_version":"2020-12-22","purchased_purges":0,"victory":false,"max_hp_per_floor":[72,72,72,72,72,72,72,72,72,72,72,72,72,72,72,72,72],"card_choices":[{"not_picked":["Crescendo","CutThroughFate"],"picked":"Weave","floor":1.0},{"not_picked":["Protect","PathToVictory","EmptyFist"],"picked":"SKIP","floor":5},{"not_picked":["Tantrum","EmptyFist"],"picked":"Replay:ManipulateFuture","floor":7},{"not_picked":["Replay:AtTheReady","Replay:DivineShield","ClearTheMind"],"picked":"SKIP","floor":10},{"not_picked":["Indignation","EmptyBody"],"picked":"CutThroughFate","floor":12}],"player_experience":376934,"relics_obtained":[{"floor":7,"key":"Bronze Scales"},{"floor":9,"key":"Juzu Bracelet"},{"floor":10,"key":"Pantograph"},{"floor":14,"key":"Bag of Marbles"}],"event_choices":[{"cards_removed":["Defend_P"],"damage_healed":0.0,"max_hp_gain":0.0,"max_hp_loss":0.0,"gold_gain":0.0,"event_name":"Living Wall","player_choice":"Forget","floor":2.0,"gold_loss":0.0,"damage_taken":0.0},{"cards_removed":["Defend_P"],"damage_healed":0,"gold_gain":0,"player_choice":"Card Removal","damage_taken":7,"max_hp_gain":0,"max_hp_loss":0,"event_name":"Golden Wing","floor":8,"gold_loss":0},{"damage_healed":0,"gold_gain":175,"player_choice":"AGREE","damage_taken":0,"max_hp_gain":0,"max_hp_loss":0,"event_name":"Liars Game","floor":13,"gold_loss":0,"cards_obtained":["Doubt"]}],"is_beta":false,"boss_relics":[],"items_purged_floors":[],"is_endless":false,"potions_floor_spawned":[12],"killed_by":"The Guardian","ascension_level":2}}