{"host":"tjq6rykv202u6iqx","time":1613327542,"event":{"mods":["AchievementEnabler","BaseMod","Minty Spire (QoL Compilation)","Rare Cards Sparkle","Relic Stats"],"gold_per_floor":[117,117,82,97,108,142,165,165,165,205,205,205,246,68,68,173,200,228,239,263,263,283,283,310,310,378,423,423,98,133,133,133,245,245,266,266,293,67,86,86,105,130,130,130,159,200,200,226,226,226,226,226,16,52,52],"floor_reached":56,"language":"ENG","playtime":18327,"items_purged":["Defend_G","Strike_G"],"score":2092,"play_id":"248eca05-3834-4c83-a4f7-714505eaca86","local_time":"20210214123222","is_ascension_mode":true,"campfire_choices":[{"data":"Bouncing Flask","floor":8.0,"key":"SMITH"},{"floor":11.0,"key":"DIG"},{"floor":15.0,"key":"DIG"},{"floor":23.0,"key":"DIG"},{"floor":25.0,"key":"DIG"},{"floor":28.0,"key":"DIG"},{"data":"Well Laid Plans","floor":32.0,"key":"SMITH"},{"data":"Wraith Form v2","floor":40,"key":"SMITH"},{"floor":47,"key":"RECALL"},{"data":"Ghostly","floor":49,"key":"SMITH"},{"floor":52,"key":"DIG"}],"circlet_count":0,"master_deck":["AscendersBane","Strike_G","Defend_G","Survivor","Neutralize+1","Sucker Punch","Corpse Explosion","Unload","Sucker Punch","Blur+1","Bouncing Flask+1","Outmaneuver","Die Die Die","Dash","Unload+1","PiercingWail+1","Adrenaline+1","Skewer+1","Cloak And Dagger","PiercingWail+1","Dagger Throw","Ghostly+1","Ghostly+1","Ghostly","Ghostly","Ghostly","Well Laid Plans+1","Prepared","Adrenaline+1","Footwork","Wraith Form v2+1","Terror+1","Leg Sweep","Tactician+1","Escape Plan","Calculated Gamble+1","Blade Dance","Backflip","Adrenaline"],"relics":["Ring of the Snake","CeramicFish","Matryoshka","Shovel","Nunchaku","Pen Nib","ClockworkSouvenir","Blue Candle","Astrolabe","StrikeDummy","Bag of Marbles","Tiny Chest","Paper Crane","InkBottle","Unceasing Top","Membership Card","Orichalcum","Boot","Coffee Dripper","War Paint","Art of War","Orrery","Bottled Lightning","Whetstone","Blood Vial","Omamori","Shuriken","Lizard Tail","Mercury Hourglass"],"acts_visited":["TheCity","TheBeyond","TheEnding"],"potions_floor_usage":[50,55,55,55,55],"damage_taken":[{"damage":2.0,"enemies":"Small Slimes","floor":1.0,"turns":4.0},{"damage":0.0,"enemies":"2 Louse","floor":4.0,"turns":2.0},{"damage":0.0,"enemies":"Cultist","floor":5.0,"turns":3.0},{"damage":18.0,"enemies":"Gremlin Nob","floor":6.0,"turns":4.0},{"damage":1.0,"enemies":"Red Slaver","floor":7.0,"turns":4.0},{"damage":15.0,"enemies":"3 Sentries","floor":10.0,"turns":3.0},{"damage":15.0,"enemies":"Gremlin Nob","floor":13.0,"turns":4.0},{"damage":22.0,"enemies":"The Guardian","floor":16.0,"turns":9.0},{"damage":0.0,"enemies":"Shell Parasite","floor":18.0,"turns":4.0},{"damage":2.0,"enemies":"3 Byrds","floor":19.0,"turns":4.0},{"damage":12.0,"enemies":"Snake Plant","floor":20.0,"turns":4.0},{"damage":0.0,"enemies":"3 Cultists","floor":22.0,"turns":2.0},{"damage":21.0,"enemies":"Slavers","floor":24.0,"turns":4.0},{"damage":0.0,"enemies":"Gremlin Leader","floor":30.0,"turns":9.0},{"damage":13.0,"enemies":"Champ","floor":33.0,"turns":12.0},{"damage":0,"enemies":"3 Shapes","floor":35,"turns":3},{"damage":0,"enemies":"Orb Walker","floor":39,"turns":1},{"damage":4,"enemies":"Maw","floor":41,"turns":7},{"damage":0,"enemies":"Reptomancer","floor":42,"turns":6},{"damage":0,"enemies":"Spire Growth","floor":45,"turns":3},{"damage":0,"enemies":"Nemesis","floor":46,"turns":3},{"damage":0,"enemies":"Reptomancer","floor":48,"turns":7},{"damage":11,"enemies":"Awakened One","floor":50,"turns":16},{"damage":0,"enemies":"Shield and Spear","floor":54,"turns":7},{"damage":21,"enemies":"The Heart","floor":55,"turns":15}],"seed_played":"-6706635323000303263","potions_obtained":[{"floor":4.0,"key":"FearPotion"},{"floor":6.0,"key":"Fruit Juice"},{"floor":7.0,"key":"CunningPotion"},{"floor":13.0,"key":"FearPotion"},{"floor":16.0,"key":"Poison Potion"},{"floor":19.0,"key":"Strength Potion"},{"floor":35,"key":"EntropicBrew"},{"floor":39,"key":"Strength Potion"}],"is_trial":false,"path_per_floor":["M","?","?","M","M","E","M","R","T","E","R","?","E","$","R","B",null,"M","M","M","?","M","R","E","R","T","?","R","$","E","?","R","B",null,"M","?","T","$","M","R","M","E","T","?","M","E","R","E","R","B",null,"R","$","E","B",null],"character_chosen":"THE_SILENT","items_purchased":["ClockworkSouvenir","Dash","Membership Card","Well Laid Plans","Orichalcum","Weak Potion","Orrery","Bottled Lightning","Blade Dance","Lizard Tail","Backflip","BlessingOfTheForge"],"campfire_rested":0,"item_purchase_floors":[14,14,29,29,29,29,38,38,53,53,53,53],"current_hp_per_floor":[57,57,78,78,78,60,59,59,59,44,44,37,22,22,22,5,68,68,66,54,54,54,54,33,33,33,33,33,33,33,27,27,14,40,40,40,40,40,40,40,36,36,36,36,36,36,36,38,38,29,44,44,44,46,40],"gold":52,"neow_bonus":"TWENTY_PERCENT_HP_BONUS","is_daily":false,"chose_seed":false,"campfire_upgraded":4,"win_rate":0.0,"timestamp":1613327542,"path_taken":["M","?","?","M","M","E","M","R","T","E","R","?","E","$","R","BOSS","M","M","M","?","M","R","E","R","T","?","R","$","E","?","R","BOSS","M","?","?","$","?","R","M","E","T","?","M","E","R","E","R","BOSS","R","$","E","BOSS"],"items_purchased_type":["Relic","Card","Relic","Card","Relic","Potion","Relic","Relic","Card","Relic","Card","Potion"],"build_version":"2020-12-22","purchased_purges":2,"victory":true,"max_hp_per_floor":[84,84,84,84,84,84,84,84,84,84,84,84,84,84,84,89,89,89,89,89,89,89,89,89,89,89,44,44,44,44,49,49,49,49,49,49,49,49,49,49,49,49,49,49,49,49,49,49,49,49,49,49,49,49,49],"relic_stats":{"counters":[25,140],"CeramicFish":270,"Blue Candle":[0],"Astrolabe":["PiercingWail","Adrenaline","Skewer"],"Pen Nib":[21],"Whetstone":["Unload","Neutralize"],"Orichalcum":[258],"War Paint":["Adrenaline","Blur"],"Boot":[14],"Mercury Hourglass":[45],"Blood Vial":8,"Nunchaku":[22],"Lizard Tail":0,"Shovel":6,"Shuriken":[6],"Tiny Chest":1,"Art of War":[8],"obtain_stats":[{"CeramicFish":6,"Whetstone":42,"Boot":30,"ClockworkSouvenir":14,"Blood Vial":46,"Nunchaku":11,"Lizard Tail":53,"Matryoshka":9,"Shovel":10,"Tiny Chest":25,"InkBottle":26,"Ring of the Snake":0,"Blue Candle":15,"Astrolabe":17,"Pen Nib":13,"Omamori":48,"Paper Crane":26,"Orichalcum":29,"War Paint":37,"Mercury Hourglass":54,"Shuriken":52,"Orrery":38,"Bag of Marbles":24,"Coffee Dripper":34,"Art of War":37,"Membership Card":29,"Bottled Lightning":38,"StrikeDummy":23,"Unceasing Top":28},{"CeramicFish":4,"Whetstone":19,"Boot":14,"ClockworkSouvenir":7,"Blood Vial":21,"Nunchaku":6,"Lizard Tail":23,"Matryoshka":5,"Shovel":6,"Tiny Chest":13,"InkBottle":13,"Ring of the Snake":0,"Blue Candle":7,"Astrolabe":8,"Pen Nib":7,"Omamori":22,"Paper Crane":13,"Orichalcum":13,"War Paint":16,"Mercury Hourglass":24,"Shuriken":23,"Orrery":16,"Bag of Marbles":13,"Coffee Dripper":15,"Art of War":16,"Membership Card":13,"Bottled Lightning":16,"StrikeDummy":12,"Unceasing Top":13},{"CeramicFish":13,"Whetstone":89,"Boot":60,"ClockworkSouvenir":24,"Blood Vial":95,"Nunchaku":20,"Lizard Tail":118,"Matryoshka":17,"Shovel":20,"Tiny Chest":51,"InkBottle":51,"Ring of the Snake":0,"Blue Candle":24,"Astrolabe":33,"Pen Nib":24,"Omamori":102,"Paper Crane":51,"Orichalcum":51,"War Paint":75,"Mercury Hourglass":125,"Shuriken":118,"Orrery":75,"Bag of Marbles":51,"Coffee Dripper":72,"Art of War":75,"Membership Card":51,"Bottled Lightning":75,"StrikeDummy":47,"Unceasing Top":51}],"InkBottle":[38],"Unceasing Top":[25],"Ring of the Snake":[50]},"card_choices":[{"not_picked":["Bane","Deflect"],"picked":"Sucker Punch","floor":1.0},{"not_picked":["Prepared","Calculated Gamble"],"picked":"Unload","floor":4.0},{"not_picked":["Catalyst","Outmaneuver"],"picked":"Sucker Punch","floor":5.0},{"not_picked":["Escape Plan","Endless Agony"],"picked":"Blur","floor":6.0},{"not_picked":["Blade Dance","Acrobatics"],"picked":"Bouncing Flask","floor":7.0},{"not_picked":["Quick Slash","Sucker Punch"],"picked":"Outmaneuver","floor":10.0},{"not_picked":["PiercingWail","Dagger Throw"],"picked":"Die Die Die","floor":13.0},{"not_picked":["Bullet Time","Grand Finale"],"picked":"Unload","floor":16.0},{"not_picked":["Quick Slash","Outmaneuver"],"picked":"Cloak And Dagger","floor":18.0},{"not_picked":["Bouncing Flask","Distraction","Slice+1"],"picked":"SKIP","floor":19.0},{"not_picked":["Storm of Steel","Sucker Punch"],"picked":"PiercingWail+1","floor":20.0},{"not_picked":["Bane","Tactician"],"picked":"Dagger Throw","floor":22.0},{"not_picked":["Flying Knee","Sucker Punch","Bane"],"picked":"SKIP","floor":24.0},{"not_picked":["Tactician","Dagger Spray"],"picked":"Prepared","floor":30.0},{"not_picked":["Bullet Time","A Thousand Cuts"],"picked":"Adrenaline","floor":33.0},{"not_picked":["Sucker Punch+1","Slice"],"picked":"Footwork","floor":35},{"not_picked":["Dodge and Roll","Bane"],"picked":"Wraith Form v2","floor":38},{"not_picked":["Backflip","Prepared"],"picked":"Terror+1","floor":38},{"not_picked":["Distraction","Quick Slash"],"picked":"Leg Sweep","floor":38},{"not_picked":["Catalyst","Poisoned Stab"],"picked":"Tactician+1","floor":39},{"not_picked":["Choke+1","Deflect","Outmaneuver"],"picked":"SKIP","floor":41},{"not_picked":["Dodge and Roll+1","Crippling Poison","Setup"],"picked":"SKIP","floor":42},{"not_picked":["Masterful Stab+1","Flechettes+1"],"picked":"Escape Plan","floor":45},{"not_picked":["Deadly Poison","Deflect"],"picked":"Calculated Gamble+1","floor":46},{"not_picked":["Setup","Endless Agony","Tactician"],"picked":"SKIP","floor":48},{"not_picked":["Underhanded Strike+1","Backstab"],"picked":"Adrenaline","floor":54}],"player_experience":956279,"relics_obtained":[{"floor":6.0,"key":"CeramicFish"},{"floor":9.0,"key":"Matryoshka"},{"floor":10.0,"key":"Shovel"},{"floor":11.0,"key":"Nunchaku"},{"floor":13.0,"key":"Pen Nib"},{"floor":15.0,"key":"Blue Candle"},{"floor":23.0,"key":"StrikeDummy"},{"floor":24.0,"key":"Bag of Marbles"},{"floor":25.0,"key":"Tiny Chest"},{"floor":26.0,"key":"Paper Crane"},{"floor":26.0,"key":"InkBottle"},{"floor":28.0,"key":"Unceasing Top"},{"floor":30.0,"key":"Boot"},{"floor":37,"key":"War Paint"},{"floor":37,"key":"Art of War"},{"floor":42,"key":"Whetstone"},{"floor":46,"key":"Blood Vial"},{"floor":48,"key":"Omamori"},{"floor":52,"key":"Shuriken"},{"floor":54,"key":"Mercury Hourglass"}],"event_choices":[{"damage_healed":0.0,"max_hp_gain":0.0,"max_hp_loss":0.0,"gold_gain":0.0,"cards_transformed":["Defend_G"],"event_name":"Living Wall","player_choice":"Change","floor":2.0,"gold_loss":0.0,"damage_taken":0.0,"cards_obtained":["Corpse Explosion"]},{"damage_healed":21.0,"max_hp_gain":0.0,"max_hp_loss":0.0,"gold_gain":0.0,"event_name":"The Cleric","player_choice":"Healed","floor":3.0,"gold_loss":35.0,"damage_taken":0.0},{"cards_removed":["Strike_G"],"damage_healed":0.0,"max_hp_gain":0.0,"max_hp_loss":0.0,"gold_gain":0.0,"event_name":"Golden Wing","player_choice":"Card Removal","floor":12.0,"gold_loss":0.0,"damage_taken":7.0},{"damage_healed":0.0,"max_hp_gain":0.0,"max_hp_loss":0.0,"gold_gain":0.0,"event_name":"The Mausoleum","player_choice":"Ignored","floor":21.0,"gold_loss":0.0,"damage_taken":0.0},{"damage_healed":0.0,"max_hp_gain":0.0,"max_hp_loss":45.0,"gold_gain":0.0,"event_name":"Ghosts","player_choice":"Became a Ghost","floor":27.0,"gold_loss":0.0,"damage_taken":0.0,"cards_obtained":["Ghostly","Ghostly","Ghostly","Ghostly","Ghostly"]},{"damage_healed":0.0,"max_hp_gain":5.0,"max_hp_loss":0.0,"gold_gain":0.0,"event_name":"Forgotten Altar","player_choice":"Shed Blood","floor":31.0,"gold_loss":0.0,"damage_taken":11.0},{"damage_healed":0,"gold_gain":0,"player_choice":"Upgraded","damage_taken":0,"max_hp_gain":0,"max_hp_loss":0,"event_name":"Upgrade Shrine","floor":36,"gold_loss":0,"cards_upgraded":["Ghostly"]},{"cards_removed":["Defend_G"],"damage_healed":0,"gold_gain":0,"player_choice":"Purged","damage_taken":0,"max_hp_gain":0,"max_hp_loss":0,"event_name":"Purifier","floor":44,"gold_loss":0}],"is_beta":false,"boss_relics":[{"not_picked":["Cursed Key","Black Star"],"picked":"Astrolabe"},{"not_picked":["Runic Pyramid","WristBlade"],"picked":"Coffee Dripper"}],"items_purged_floors":[29,38],"is_endless":false,"potions_floor_spawned":[4,6,7,13,16,19,30,35,39,42,45,54],"ascension_level":12}}