{"host":"is2s59edl8twrhoj","time":1613272330,"event":{"mods":["BaseMod","Colored Map","Colored Powertips","DeckTracker","Downfall","Minty Spire (QoL Compilation)","StSLib"],"gold_per_floor":[112,132,148,222,237,237,256,256,256,274,274,274,274,309,309,388,388,407,201,201,201],"floor_reached":20,"language":"ENG","playtime":629,"items_purged":["Strike_R"],"score":313,"play_id":"2f7ece4d-bec4-481c-abbc-155dc4cfe9b7","local_time":"20210214031210","is_ascension_mode":true,"campfire_choices":[{"data":"Rampage","floor":6.0,"key":"SMITH"},{"data":"Pommel Strike","floor":11.0,"key":"SMITH"},{"floor":13.0,"key":"REST"},{"floor":15.0,"key":"REST"}],"circlet_count":0,"master_deck":["AscendersBane","Defend_R","Defend_R","Defend_R","Defend_R","Dropkick","Flex","Pommel Strike+1","Rampage+1","Thunderclap","Metallicize","Thunderclap","Reaper","Dropkick"],"relics":["Burning Blood","Paper Frog","Bottled Flame","WingedGreaves","Empty Cage"],"acts_visited":["Exordium","TheCity"],"potions_floor_usage":[],"damage_taken":[{"damage":11.0,"enemies":"Cultist","floor":1.0,"turns":4.0},{"damage":13.0,"enemies":"Jaw Worm","floor":2.0,"turns":5.0},{"damage":10.0,"enemies":"2 Louse","floor":3.0,"turns":2.0},{"damage":12.0,"enemies":"Red Slaver","floor":5.0,"turns":4.0},{"damage":17.0,"enemies":"Exordium Thugs","floor":7.0,"turns":4.0},{"damage":13.0,"enemies":"Blue Slaver","floor":10.0,"turns":4.0},{"damage":21.0,"enemies":"Gremlin Nob","floor":14.0,"turns":4.0},{"damage":29.0,"enemies":"Hexaghost","floor":16.0,"turns":7.0},{"damage":48.0,"enemies":"Shell Parasite","floor":18.0,"turns":5.0},{"damage":34,"enemies":"Spheric Guardian","floor":20,"turns":5}],"seed_played":"-3146906875752681795","potions_obtained":[{"floor":3.0,"key":"EntropicBrew"},{"floor":14.0,"key":"Weak Potion"},{"floor":16.0,"key":"DuplicationPotion"},{"floor":18.0,"key":"Strength Potion"}],"is_trial":false,"path_per_floor":["M","M","M","T","M","R","M","?","T","M","R","?","R","E","R","B",null,"M","$","M"],"character_chosen":"IRONCLAD","items_purchased":["Dropkick","Fire Potion"],"campfire_rested":2,"item_purchase_floors":[19,19],"current_hp_per_floor":[63,56,52,52,46,46,35,28,28,21,21,21,43,28,50,27,63,30,30,0,0],"gold":201,"neow_bonus":"TRANSFORM_CARD","is_daily":false,"chose_seed":false,"campfire_upgraded":2,"win_rate":0.0,"timestamp":1613272330,"path_taken":["M","M","M","?","M","R","M","?","T","M","R","?","R","E","R","BOSS","M","$","M"],"items_purchased_type":["Card","Potion"],"build_version":"2020-12-22","purchased_purges":1,"victory":false,"max_hp_per_floor":[75,75,75,75,75,75,75,75,75,75,75,75,75,75,75,75,75,75,75,75,75],"card_choices":[{"not_picked":["Headbutt","Evolve"],"picked":"Flex","floor":1.0},{"not_picked":["Warcry","Iron Wave"],"picked":"Pommel Strike","floor":2.0},{"not_picked":["Anger","Havoc"],"picked":"Rampage","floor":3.0},{"not_picked":["Sword Boomerang","Searing Blow","Reckless Charge"],"picked":"SKIP","floor":5.0},{"not_picked":["Armaments","Pummel","Clash"],"picked":"SKIP","floor":7.0},{"not_picked":["Anger","Warcry"],"picked":"Thunderclap","floor":10.0},{"not_picked":["Fiend Fire","Burning Pact"],"picked":"Thunderclap","floor":14.0},{"not_picked":["Barricade","Impervious"],"picked":"Reaper","floor":16.0},{"not_picked":["Anger","Seeing Red","Blood for Blood"],"picked":"SKIP","floor":18.0}],"player_experience":697761,"relics_obtained":[{"floor":4.0,"key":"Paper Frog"},{"floor":9.0,"key":"Bottled Flame"},{"floor":14.0,"key":"WingedGreaves"}],"event_choices":[{"cards_removed":["Strike_R"],"damage_healed":0.0,"max_hp_gain":0.0,"max_hp_loss":0.0,"gold_gain":0.0,"event_name":"Golden Wing","player_choice":"Card Removal","floor":8.0,"gold_loss":0.0,"damage_taken":7.0},{"damage_healed":0.0,"max_hp_gain":0.0,"max_hp_loss":0.0,"gold_gain":0.0,"cards_transformed":["Strike_R"],"event_name":"Transmorgrifier","player_choice":"Transformed","floor":12.0,"gold_loss":0.0,"damage_taken":0.0,"cards_obtained":["Metallicize"]}],"is_beta":false,"boss_relics":[{"not_picked":["Black Star","Philosopher\u0027s Stone"],"picked":"Empty Cage"}],"items_purged_floors":[19],"is_endless":false,"potions_floor_spawned":[3,14,16,18],"killed_by":"Spheric Guardian","ascension_level":16}}