{"host":"nb0njn8rev1rbh86","time":1613264529,"event":{"mods":["100% Spire Juice","BaseMod","Colored Map","Colored Powertips","Minty Spire (QoL Compilation)","Reliquary","StSLib"],"gold_per_floor":[112,125,24,34,34,34,59,76,129,145,56,56,56,66,66,161,91,103,28,42,21,21,21,21],"floor_reached":23,"language":"ENG","playtime":1138,"items_purged":["Moonworks:Strike"],"score":228,"play_id":"a8d9586c-fa40-4110-b9d8-4d5afd5ba806","local_time":"20210214020209","is_ascension_mode":false,"campfire_choices":[{"data":"Moonworks:EvilSpyWorkPreparation","floor":6,"key":"SMITH"},{"data":"Moonworks:Heat300Percent","floor":12,"key":"SMITH"},{"data":"Moonworks:CloudOfSeagulls","floor":15,"key":"SMITH"}],"circlet_count":0,"master_deck":["Moonworks:Strike","Moonworks:Strike","Moonworks:Strike","Moonworks:Defend","Moonworks:Defend","Moonworks:Defend","Moonworks:Defend","Moonworks:Ambush+1","Moonworks:LongDistanceShot","Moonworks:NicePresent+1","Moonworks:EvilSpyWorkPreparation+1","Moonworks:Poppoformation","Moonworks:Heat300Percent+1","Moonworks:CookingTime+1","Moonworks:MiracleWalker","Moonworks:SakisCookie","Moonworks:CloudOfSeagulls+1","Moonworks:Encore","Moonworks:NicePresent","Moonworks:JonathanRush"],"relics":["Moonworks:BrokenBomb","Moonworks:Homemark","NeowsBlessing","Centennial Puzzle","reliquary:Boomerang","Darkstone Periapt","Gremlin Horn","Tiny House"],"acts_visited":["Exordium","TheCity"],"potions_floor_usage":[7,10,11,11,18],"damage_taken":[{"damage":0,"enemies":"Jaw Worm","floor":1,"turns":1},{"damage":0,"enemies":"Cultist","floor":2,"turns":1},{"damage":0,"enemies":"Small Slimes","floor":3,"turns":1},{"damage":4,"enemies":"Looter","floor":4,"turns":4},{"damage":0,"enemies":"Gremlin Nob","floor":7,"turns":2},{"damage":5,"enemies":"Exordium Wildlife","floor":8,"turns":3},{"damage":8,"enemies":"Large Slime","floor":10,"turns":5},{"damage":3,"enemies":"3 Sentries","floor":11,"turns":5},{"damage":0,"enemies":"2 Fungi Beasts","floor":14,"turns":3},{"damage":12,"enemies":"Hexaghost","floor":16,"turns":8},{"damage":19,"enemies":"2 Thieves","floor":18,"turns":3},{"damage":0,"enemies":"Spheric Guardian","floor":20,"turns":3},{"damage":69,"enemies":"Book of Stabbing","floor":23,"turns":5}],"seed_played":"-5103742269791798185","potions_obtained":[{"floor":2,"key":"ColorlessPotion"},{"floor":4,"key":"DistilledChaos"},{"floor":8,"key":"Block Potion"},{"floor":10,"key":"Explosive Potion"},{"floor":17,"key":"Strength Potion"}],"is_trial":false,"path_per_floor":["M","M","M","M","?","R","E","M","T","M","E","R","T","M","R","B",null,"M","$","M","?","?","E"],"character_chosen":"THE_STARBREAKER","items_purchased":[],"campfire_rested":0,"item_purchase_floors":[],"current_hp_per_floor":[60,60,60,56,44,44,44,39,39,34,34,34,34,37,37,28,65,46,46,54,54,54,0,0],"gold":21,"neow_bonus":"THREE_ENEMY_KILL","is_daily":false,"chose_seed":false,"campfire_upgraded":3,"win_rate":0.0,"timestamp":1613264529,"path_taken":["M","M","M","M","?","R","E","M","T","M","E","R","?","?","R","BOSS","M","$","M","?","?","E"],"items_purchased_type":[],"build_version":"2020-12-22","purchased_purges":1,"victory":false,"max_hp_per_floor":[60,60,60,60,60,60,60,60,60,60,60,60,60,60,60,60,65,65,65,65,65,65,65,65],"card_choices":[{"not_picked":["Moonworks:Assault","Moonworks:DeployBits"],"picked":"Moonworks:NicePresent","floor":1},{"not_picked":["Moonworks:IndiscriminateFireSupport","Moonworks:LulusLuckyEgg"],"picked":"Moonworks:EvilSpyWorkPreparation","floor":2},{"not_picked":["Moonworks:LulusLuckyEgg","Moonworks:IndiscriminateFireSupport","Moonworks:FinalSurgery"],"picked":"SKIP","floor":3},{"not_picked":["Moonworks:WindyEnchantment","Moonworks:ImmovableObject"],"picked":"Moonworks:Poppoformation","floor":4},{"not_picked":["Moonworks:ImOnFire","Moonworks:CastOff"],"picked":"Moonworks:Heat300Percent","floor":7},{"not_picked":["Moonworks:BeyondHell","Moonworks:BigMagnum"],"picked":"Moonworks:CookingTime","floor":8},{"not_picked":["Moonworks:UnpaidWork","Moonworks:Wanted"],"picked":"Moonworks:MiracleWalker","floor":10},{"not_picked":["Moonworks:x16BigRocket","Moonworks:BigMagnum"],"picked":"Moonworks:SakisCookie","floor":11},{"not_picked":["Moonworks:ScrambledEve","Moonworks:CookingTime"],"picked":"Moonworks:CloudOfSeagulls","floor":14},{"not_picked":["Moonworks:StarBlastingFuse","Moonworks:Blazing"],"picked":"Moonworks:Encore","floor":16},{"not_picked":["Moonworks:ImOnFire","Moonworks:CompletionReward"],"picked":"Moonworks:NicePresent","floor":17},{"not_picked":["Moonworks:EvilSpyWorkPreparation","Moonworks:BigMagnum","Moonworks:LulusLuckyEgg"],"picked":"SKIP","floor":18},{"not_picked":["Moonworks:IndiscriminateFireSupport+1","Moonworks:CompletionReward+1"],"picked":"Moonworks:JonathanRush","floor":20}],"player_experience":395295,"relics_obtained":[{"floor":7,"key":"Centennial Puzzle"},{"floor":9,"key":"reliquary:Boomerang"},{"floor":11,"key":"Darkstone Periapt"},{"floor":13,"key":"Gremlin Horn"}],"event_choices":[{"damage_healed":0,"gold_gain":0,"player_choice":"Entered Light","damage_taken":12,"max_hp_gain":0,"max_hp_loss":0,"event_name":"Shining Light","floor":5,"gold_loss":0,"cards_upgraded":["Moonworks:NicePresent","Moonworks:Ambush"]},{"damage_healed":0,"gold_gain":99,"player_choice":"Stole From Cult","damage_taken":0,"max_hp_gain":0,"max_hp_loss":0,"event_name":"Nest","floor":21,"gold_loss":0},{"damage_healed":0,"gold_gain":0,"player_choice":"Ignored","damage_taken":0,"max_hp_gain":0,"max_hp_loss":0,"event_name":"Cursed Tome","floor":22,"gold_loss":0}],"is_beta":false,"boss_relics":[{"not_picked":["Coffee Dripper","Runic Pyramid"],"picked":"Tiny House"}],"items_purged_floors":[19],"is_endless":false,"potions_floor_spawned":[2,4,8,10],"killed_by":"Book of Stabbing","ascension_level":0}}