{"host":"sav7uxregyirlf69","time":1613309170,"event":{"mods":["AchievementEnabler","BaseMod","Colored Map","DeckTracker","Keyboard Shortcuts","Minty Spire (QoL Compilation)","READ ME - Guardian Mod","StSLib","SuperFastMode"],"gold_per_floor":[117,117,117,137,54,82,82,101,101,126,140,140,150,150,150,150,150],"floor_reached":16,"language":"KOR","playtime":208,"items_purged":[],"score":270,"play_id":"fb8a2cd8-7bbd-43ec-bc76-538c6e66ce74","local_time":"20210214222610","is_ascension_mode":true,"campfire_choices":[{"data":"Blizzard","floor":7,"key":"SMITH"},{"data":"Zap","floor":12,"key":"SMITH"},{"data":"Dualcast","floor":15,"key":"SMITH"}],"circlet_count":0,"master_deck":["AscendersBane","Strike_B","Strike_B","Strike_B","Defend_B","Defend_B","Defend_B","Defend_B","Zap+1","Dualcast+1","Cold Snap","Redo","Glacier","Blizzard+1","BootSequence","Ball Lightning","Cold Snap","Hologram","Compile Driver","Decay"],"relics":["Cracked Core","NeowsBlessing","The Courier","Akabeko"],"acts_visited":["Exordium"],"potions_floor_usage":[16],"damage_taken":[{"damage":0,"enemies":"2 Louse","floor":1,"turns":1},{"damage":0,"enemies":"Cultist","floor":4,"turns":1},{"damage":0,"enemies":"3 Sentries","floor":6,"turns":1},{"damage":5,"enemies":"Jaw Worm","floor":8,"turns":4},{"damage":16,"enemies":"Lagavulin","floor":10,"turns":7},{"damage":15,"enemies":"Gremlin Gang","floor":11,"turns":3},{"damage":1,"enemies":"Blue Slaver","floor":13,"turns":3},{"damage":33,"enemies":"Slime Boss","floor":16,"turns":8}],"seed_played":"-2054521884028928850","potions_obtained":[{"floor":1,"key":"Ancient Potion"},{"floor":6,"key":"Explosive Potion"}],"is_trial":false,"path_per_floor":["M","?","?","M","$","E","R","M","T","E","M","R","M","?","R","B"],"character_chosen":"DEFECT","items_purchased":["Blizzard"],"campfire_rested":0,"item_purchase_floors":[5],"current_hp_per_floor":[64,69,69,69,69,69,69,64,64,48,33,33,32,32,32,0,0],"gold":150,"neow_bonus":"THREE_ENEMY_KILL","is_daily":false,"chose_seed":false,"campfire_upgraded":3,"win_rate":0.0,"timestamp":1613309170,"path_taken":["M","?","?","?","?","E","R","M","T","E","M","R","?","?","R","BOSS"],"items_purchased_type":["Card"],"build_version":"2020-12-22","purchased_purges":0,"victory":false,"max_hp_per_floor":[71,76,76,76,76,76,76,76,76,76,76,76,76,76,76,76,76],"card_choices":[{"not_picked":["Reprogram","Gash"],"picked":"Cold Snap","floor":1},{"not_picked":["Coolheaded","Compile Driver"],"picked":"Glacier","floor":4},{"not_picked":["Turbo","Hologram"],"picked":"BootSequence","floor":6},{"not_picked":["Gash","Streamline"],"picked":"Ball Lightning","floor":8},{"not_picked":["Steam","Go for the Eyes"],"picked":"Cold Snap","floor":10},{"not_picked":["Chaos","Heatsinks"],"picked":"Hologram","floor":11},{"not_picked":["Hologram","Sweeping Beam"],"picked":"Compile Driver","floor":13}],"player_experience":1571988,"relics_obtained":[{"floor":6,"key":"The Courier"},{"floor":9,"key":"Akabeko"}],"event_choices":[{"damage_healed":0,"gold_gain":0,"player_choice":"Donut","damage_taken":0,"max_hp_gain":5,"max_hp_loss":0,"event_name":"Big Fish","floor":2,"gold_loss":0},{"damage_healed":0,"gold_gain":0,"cards_transformed":["Strike_B"],"player_choice":"Transformed","damage_taken":0,"max_hp_gain":0,"max_hp_loss":0,"event_name":"Transmorgrifier","floor":3,"gold_loss":0,"cards_obtained":["Redo"]},{"damage_healed":0,"gold_gain":0,"player_choice":"Cursed","damage_taken":0,"max_hp_gain":0,"max_hp_loss":0,"event_name":"Wheel of Change","floor":14,"gold_loss":0,"cards_obtained":["Decay"]}],"is_beta":false,"boss_relics":[],"items_purged_floors":[],"is_endless":false,"potions_floor_spawned":[1,6,11],"killed_by":"Slime Boss","ascension_level":20}}