{"host":"8is2j71l4wmybkoi","time":1613289043,"event":{"mods":["AchievementEnabler","BaseMod","Colored Map","DeckTracker","Minty Spire (QoL Compilation)","Rare Cards Sparkle","Relic Stats","StSLib","SuperFastMode"],"gold_per_floor":[116,191,341,266,16,41,41,41,41,41,82,82,106,125,125,223,286,307,332,332,345,365,365,14,47,47,47,66,66,89,102,102,192,192,216,216,35,60,60,60,98,113,113,127,127,152,33,73,73,73,73,73,14,48,48],"floor_reached":56,"language":"KOR","playtime":2346,"items_purged":["Defend_G"],"score":2205,"play_id":"ca7f9a8e-b8cb-455d-af62-c2c9445c527c","local_time":"20210214165043","is_ascension_mode":true,"campfire_choices":[{"data":"Crippling Poison","floor":7.0,"key":"SMITH"},{"data":"Well Laid Plans","floor":12.0,"key":"SMITH"},{"data":"Dash","floor":15.0,"key":"SMITH"},{"data":"Outmaneuver","floor":23.0,"key":"SMITH"},{"data":"Catalyst","floor":29.0,"key":"SMITH"},{"data":"Noxious Fumes","floor":32.0,"key":"SMITH"},{"data":"Burst","floor":40.0,"key":"SMITH"},{"floor":49.0,"key":"RECALL"},{"data":"Night Terror","floor":52.0,"key":"SMITH"}],"circlet_count":0,"master_deck":["AscendersBane","Strike_G","Strike_G","Strike_G+1","Defend_G","Defend_G","Defend_G","Defend_G","Survivor","Neutralize","Crippling Poison+1","Die Die Die","Unload","Well Laid Plans+1","Dash+1","Tools of the Trade+1","Backflip","Outmaneuver+1","Catalyst+1","Burst+1","Ghostly","Ghostly","Ghostly","Tactician","Noxious Fumes+1","Setup+1","Blade Dance","PiercingWail","Night Terror+1","Blade Dance+1","Dodge and Roll+1","Acrobatics","Malaise","Reflex","Catalyst+1","Deadly Poison+1","Calculated Gamble","Bouncing Flask+1","Acrobatics"],"relics":["Ring of the Snake","NeowsBlessing","HornCleat","Eternal Feather","Mercury Hourglass","Golden Idol","The Courier","Tiny House","Prayer Wheel","Oddly Smooth Stone","Mango","Kunai","SlaversCollar","TwistedFunnel","Shuriken","Frozen Egg 2","Lee\u0027s Waffle","Darkstone Periapt","Lizard Tail"],"acts_visited":["Exordium","TheCity","TheBeyond","TheEnding"],"potions_floor_usage":[55],"damage_taken":[{"damage":0.0,"enemies":"Jaw Worm","floor":1.0,"turns":1.0},{"damage":0.0,"enemies":"3 Sentries","floor":6.0,"turns":1.0},{"damage":0.0,"enemies":"Lagavulin","floor":11.0,"turns":1.0},{"damage":0.0,"enemies":"Small Slimes","floor":13.0,"turns":2.0},{"damage":0.0,"enemies":"2 Louse","floor":14.0,"turns":1.0},{"damage":2.0,"enemies":"The Guardian","floor":16.0,"turns":11.0},{"damage":1.0,"enemies":"3 Byrds","floor":18.0,"turns":3.0},{"damage":13.0,"enemies":"2 Thieves","floor":19.0,"turns":4.0},{"damage":19.0,"enemies":"Cultist and Chosen","floor":21.0,"turns":7.0},{"damage":5.0,"enemies":"Centurion and Healer","floor":22.0,"turns":4.0},{"damage":30.0,"enemies":"Slavers","floor":25.0,"turns":6.0},{"damage":4.0,"enemies":"Snecko","floor":28.0,"turns":7.0},{"damage":4.0,"enemies":"Shelled Parasite and Fungi","floor":30.0,"turns":4.0},{"damage":36.0,"enemies":"Chosen and Byrds","floor":31.0,"turns":6.0},{"damage":0.0,"enemies":"Collector","floor":33.0,"turns":7.0},{"damage":3.0,"enemies":"3 Darklings","floor":35.0,"turns":7.0},{"damage":6.0,"enemies":"Orb Walker","floor":38.0,"turns":6.0},{"damage":9.0,"enemies":"Reptomancer","floor":41.0,"turns":7.0},{"damage":12.0,"enemies":"Sphere and 2 Shapes","floor":42.0,"turns":5.0},{"damage":9.0,"enemies":"3 Darklings","floor":44.0,"turns":5.0},{"damage":1.0,"enemies":"Maw","floor":46.0,"turns":8.0},{"damage":0.0,"enemies":"Giant Head","floor":48.0,"turns":5.0},{"damage":48.0,"enemies":"Donu and Deca","floor":50.0,"turns":11.0},{"damage":13.0,"enemies":"Shield and Spear","floor":54.0,"turns":6.0},{"damage":66,"enemies":"The Heart","floor":55,"turns":9}],"seed_played":"-1635706805845385638","potions_obtained":[{"floor":1.0,"key":"AttackPotion"},{"floor":16.0,"key":"Swift Potion"},{"floor":17.0,"key":"Regen Potion"},{"floor":18.0,"key":"Block Potion"},{"floor":21.0,"key":"SkillPotion"},{"floor":22.0,"key":"Explosive Potion"},{"floor":31.0,"key":"Poison Potion"},{"floor":33.0,"key":"DuplicationPotion"},{"floor":38.0,"key":"Swift Potion"},{"floor":44.0,"key":"SmokeBomb"},{"floor":46.0,"key":"CunningPotion"}],"is_trial":false,"path_per_floor":["M","?","?","?","$","E","R","T","T","?","E","R","M","M","R","B",null,"M","M","?","M","M","R","$","E","T","?","M","R","M","M","R","B",null,"M","?","$","M","T","R","E","M","T","M","?","M","$","E","R","B",null,"R","$","E","B",null],"character_chosen":"THE_SILENT","items_purchased":["Die Die Die","CultistPotion","Prayer Wheel","Oddly Smooth Stone","TwistedFunnel","Lee\u0027s Waffle","LiquidBronze"],"campfire_rested":0,"item_purchase_floors":[5,5,24,24,37,47,53],"current_hp_per_floor":[59,48,48,48,48,48,48,48,48,25,25,34,34,34,43,41,65,64,51,51,32,41,53,53,37,37,37,33,42,38,2,20,20,37,34,34,34,28,28,42,33,21,21,12,12,11,49,49,49,1,37,49,49,36,3],"gold":48,"neow_bonus":"THREE_ENEMY_KILL","is_daily":false,"chose_seed":false,"campfire_upgraded":8,"win_rate":0.0,"timestamp":1613289043,"path_taken":["M","?","?","?","?","E","R","?","T","?","E","R","M","M","R","BOSS","M","M","?","M","?","R","$","E","T","?","M","R","M","M","R","BOSS","M","?","$","?","?","R","E","M","T","M","?","?","$","E","R","BOSS","R","$","E","BOSS"],"items_purchased_type":["Card","Potion","Relic","Relic","Relic","Relic","Potion"],"build_version":"2020-12-22","purchased_purges":1,"victory":true,"max_hp_per_floor":[66,66,66,66,66,66,66,66,66,66,66,66,66,66,66,66,71,71,71,71,71,71,71,71,85,85,42,42,42,42,42,42,42,42,42,42,42,42,42,42,42,42,42,42,42,42,49,49,49,49,49,49,49,49,49],"relic_stats":{"Darkstone Periapt":0,"Lee\u0027s Waffle":38,"Lizard Tail":24,"counters":[25,134],"Golden Idol":188,"Shuriken":[23],"Eternal Feather":83,"Prayer Wheel":8,"Kunai":[33],"obtain_stats":[{"TwistedFunnel":37,"Darkstone Periapt":48,"Lee\u0027s Waffle":47,"Tiny House":17,"NeowsBlessing":0,"Golden Idol":10,"Oddly Smooth Stone":24,"Eternal Feather":8,"Mango":25,"The Courier":11,"Frozen Egg 2":43,"Mercury Hourglass":9,"SlaversCollar":34,"Lizard Tail":54,"HornCleat":6,"Shuriken":41,"Prayer Wheel":24,"Kunai":26,"Ring of the Snake":0},{"TwistedFunnel":16,"Darkstone Periapt":22,"Lee\u0027s Waffle":21,"Tiny House":6,"NeowsBlessing":0,"Golden Idol":2,"Oddly Smooth Stone":10,"Eternal Feather":2,"Mango":11,"The Courier":3,"Frozen Egg 2":19,"Mercury Hourglass":2,"SlaversCollar":15,"Lizard Tail":24,"HornCleat":2,"Shuriken":18,"Prayer Wheel":10,"Kunai":11,"Ring of the Snake":0},{"TwistedFunnel":72,"Darkstone Periapt":108,"Lee\u0027s Waffle":103,"Tiny House":17,"NeowsBlessing":0,"Golden Idol":2,"Oddly Smooth Stone":35,"Eternal Feather":2,"Mango":41,"The Courier":3,"Frozen Egg 2":90,"Mercury Hourglass":2,"SlaversCollar":65,"Lizard Tail":125,"HornCleat":2,"Shuriken":85,"Prayer Wheel":35,"Kunai":41,"Ring of the Snake":0}],"Ring of the Snake":[50],"Mercury Hourglass":[538]},"card_choices":[{"not_picked":["Poisoned Stab","Flying Knee"],"picked":"Crippling Poison","floor":1.0},{"not_picked":["Bouncing Flask","Footwork"],"picked":"Unload","floor":6.0},{"not_picked":["Escape Plan","All Out Attack"],"picked":"Well Laid Plans","floor":11.0},{"not_picked":["Concentrate","Masterful Stab","Dodge and Roll"],"picked":"SKIP","floor":13.0},{"not_picked":["Prepared","Predator"],"picked":"Dash","floor":14.0},{"not_picked":["Glass Knife","Night Terror"],"picked":"Tools of the Trade","floor":16.0},{"not_picked":["Sucker Punch","Concentrate"],"picked":"Backflip","floor":17.0},{"not_picked":["Underhanded Strike","Choke","Quick Slash"],"picked":"SKIP","floor":18.0},{"not_picked":["Sucker Punch","Predator","Setup"],"picked":"SKIP","floor":19.0},{"not_picked":["Acrobatics","Leg Sweep"],"picked":"Outmaneuver","floor":21.0},{"not_picked":["Underhanded Strike","Sucker Punch"],"picked":"Catalyst","floor":22.0},{"not_picked":["Flying Knee","Unload"],"picked":"Burst","floor":25.0},{"not_picked":["Bane","Prepared"],"picked":"Tactician","floor":28.0},{"not_picked":["Accuracy","Footwork"],"picked":"Noxious Fumes","floor":28.0},{"not_picked":["Poisoned Stab","Dagger Throw"],"picked":"Setup+1","floor":30.0},{"not_picked":["Setup","Unload"],"picked":"Blade Dance","floor":30.0},{"not_picked":["Crippling Poison","Bane"],"picked":"PiercingWail","floor":31.0},{"not_picked":["Dagger Throw","PiercingWail","Deadly Poison"],"picked":"SKIP","floor":31.0},{"not_picked":["Die Die Die","A Thousand Cuts"],"picked":"Night Terror","floor":33.0},{"not_picked":["Finisher","Deflect"],"picked":"Blade Dance+1","floor":35.0},{"not_picked":["All Out Attack","Predator"],"picked":"Dodge and Roll+1","floor":35.0},{"not_picked":["Calculated Gamble","Cloak And Dagger"],"picked":"Acrobatics","floor":38.0},{"not_picked":["Bane","Flying Knee","Slice"],"picked":"SKIP","floor":38.0},{"not_picked":["Poisoned Stab+1","Flying Knee"],"picked":"Malaise","floor":41.0},{"not_picked":["PiercingWail","Accuracy"],"picked":"Reflex","floor":42.0},{"not_picked":["Dagger Spray","Poisoned Stab","Dagger Throw+1"],"picked":"SKIP","floor":42.0},{"not_picked":["Setup+1","Blade Dance+1"],"picked":"Catalyst+1","floor":44.0},{"not_picked":["Underhanded Strike+1","Dagger Throw"],"picked":"Deadly Poison+1","floor":44.0},{"not_picked":["Masterful Stab","Footwork+1"],"picked":"Bouncing Flask+1","floor":46.0},{"not_picked":["Underhanded Strike","PiercingWail+1","Backflip"],"picked":"SKIP","floor":46.0},{"not_picked":["Endless Agony","Choke+1","Catalyst"],"picked":"SKIP","floor":48.0},{"not_picked":["Deadly Poison","Bane+1"],"picked":"Acrobatics","floor":54.0}],"player_experience":1188801,"relics_obtained":[{"floor":6.0,"key":"HornCleat"},{"floor":8.0,"key":"Eternal Feather"},{"floor":9.0,"key":"Mercury Hourglass"},{"floor":11.0,"key":"The Courier"},{"floor":25.0,"key":"Mango"},{"floor":26.0,"key":"Kunai"},{"floor":41.0,"key":"Shuriken"},{"floor":43.0,"key":"Frozen Egg 2"},{"floor":48.0,"key":"Darkstone Periapt"},{"floor":54.0,"key":"Lizard Tail"}],"event_choices":[{"damage_healed":0.0,"max_hp_gain":0.0,"max_hp_loss":0.0,"gold_gain":75.0,"event_name":"World of Goop","player_choice":"Gather Gold","floor":2.0,"gold_loss":0.0,"damage_taken":11.0},{"damage_healed":0.0,"max_hp_gain":0.0,"max_hp_loss":0.0,"gold_gain":150.0,"event_name":"Liars Game","player_choice":"AGREE","floor":3.0,"gold_loss":0.0,"damage_taken":0.0,"cards_obtained":["Doubt"]},{"cards_removed":["Doubt"],"damage_healed":0.0,"max_hp_gain":0.0,"max_hp_loss":0.0,"gold_gain":0.0,"event_name":"The Cleric","player_choice":"Card Removal","floor":4.0,"gold_loss":75.0,"damage_taken":0.0},{"damage_healed":0.0,"max_hp_gain":0.0,"max_hp_loss":0.0,"gold_gain":0.0,"event_name":"Golden Idol","player_choice":"Take Damage","floor":10.0,"gold_loss":0.0,"damage_taken":23.0,"relics_obtained":["Golden Idol"]},{"damage_healed":0.0,"max_hp_gain":0.0,"max_hp_loss":0.0,"gold_gain":0.0,"event_name":"Upgrade Shrine","player_choice":"Upgraded","floor":20.0,"gold_loss":0.0,"damage_taken":0.0,"cards_upgraded":["Tools of the Trade"]},{"damage_healed":0.0,"max_hp_gain":0.0,"max_hp_loss":43.0,"gold_gain":0.0,"event_name":"Ghosts","player_choice":"Became a Ghost","floor":27.0,"gold_loss":0.0,"damage_taken":0.0,"cards_obtained":["Ghostly","Ghostly","Ghostly"]},{"cards_removed":["Strike_G"],"damage_healed":0.0,"max_hp_gain":0.0,"max_hp_loss":0.0,"gold_gain":0.0,"event_name":"Purifier","player_choice":"Purged","floor":36.0,"gold_loss":0.0,"damage_taken":0.0},{"damage_healed":0.0,"max_hp_gain":0.0,"max_hp_loss":0.0,"gold_gain":0.0,"cards_transformed":["Strike_G"],"event_name":"Transmorgrifier","player_choice":"Transformed","floor":45.0,"gold_loss":0.0,"damage_taken":0.0,"cards_obtained":["Calculated Gamble"]}],"is_beta":false,"boss_relics":[{"not_picked":["Runic Pyramid","Cursed Key"],"picked":"Tiny House"},{"not_picked":["Astrolabe","Black Star"],"picked":"SlaversCollar"}],"items_purged_floors":[37],"is_endless":false,"potions_floor_spawned":[1,6,16,18,21,22,31,33,38,44,46],"ascension_level":15}}