{"host":"36t3qd3wjvajtu1z","time":1613284234,"event":{"mods":["2.2 Compatiblity","AchievementEnabler","BaseMod","Bestiary","Block Reminder","Colored Powertips","Curses Come First","Highlight Path","Minty Spire (QoL Compilation)","Permanent Neow","Quick Restart","Random Character Button","Rare Cards Sparkle","Relic Stats","Slay-I","StSLib","Unknown Chances"],"gold_per_floor":[117,117,128,146,160,191,191,220,220,220,220,235,251,264,264,264,264],"floor_reached":16,"language":"ENG","playtime":639,"items_purged":[],"score":177,"play_id":"a932c034-d33a-4b2d-8d57-c4024b37be70","local_time":"20210213223034","is_ascension_mode":true,"campfire_choices":[{"data":"Streamline","floor":7.0,"key":"SMITH"},{"floor":11.0,"key":"REST"},{"data":"Biased Cognition","floor":15.0,"key":"SMITH"}],"circlet_count":0,"master_deck":["AscendersBane","Strike_B","Strike_B","Strike_B","Strike_B","Defend_B","Defend_B","Defend_B","Defend_B","Zap","Dualcast","Streamline+1","Rip and Tear","Beam Cell","Biased Cognition+1","Hologram","Steam+1","Fusion+1","Core Surge","Rebound"],"relics":["Cracked Core","Calipers","Eternal Feather","Sundial","Toxic Egg 2","The Courier","FaceOfCleric"],"acts_visited":["Exordium"],"potions_floor_usage":[16],"damage_taken":[{"damage":1.0,"enemies":"Cultist","floor":1.0,"turns":3.0},{"damage":0.0,"enemies":"Small Slimes","floor":3.0,"turns":3.0},{"damage":0.0,"enemies":"Jaw Worm","floor":4.0,"turns":3.0},{"damage":4.0,"enemies":"Red Slaver","floor":5.0,"turns":3.0},{"damage":8.0,"enemies":"Gremlin Nob","floor":6.0,"turns":3.0},{"damage":32.0,"enemies":"3 Sentries","floor":8.0,"turns":5.0},{"damage":11.0,"enemies":"3 Louse","floor":12.0,"turns":3.0},{"damage":3.0,"enemies":"Blue Slaver","floor":13.0,"turns":3.0},{"damage":11.0,"enemies":"Exordium Thugs","floor":14.0,"turns":3.0},{"damage":27,"enemies":"Slime Boss","floor":16,"turns":6}],"seed_played":"4676791010786142843","potions_obtained":[{"floor":3.0,"key":"LiquidMemories"},{"floor":13.0,"key":"Weak Potion"},{"floor":14.0,"key":"BlessingOfTheForge"}],"is_trial":false,"path_per_floor":["M","?","M","M","M","E","R","E","T","?","R","M","M","M","R","B"],"character_chosen":"DEFECT","items_purchased":[],"campfire_rested":1,"item_purchase_floors":[],"current_hp_per_floor":[67,42,42,42,38,30,39,7,7,7,36,26,24,14,26,0,0],"gold":264,"neow_bonus":"ONE_RARE_RELIC","is_daily":false,"chose_seed":false,"campfire_upgraded":2,"win_rate":0.0,"timestamp":1613284234,"path_taken":["M","?","M","M","M","E","R","E","T","?","R","?","M","M","R","BOSS"],"items_purchased_type":[],"build_version":"2020-12-22","purchased_purges":0,"victory":false,"max_hp_per_floor":[68,68,68,68,68,68,68,68,68,68,68,69,70,71,71,71,71],"relic_stats":{"FaceOfCleric":3,"counters":[10,35],"Sundial":[0],"Eternal Feather":30,"obtain_stats":[{"Calipers":0,"FaceOfCleric":10,"Sundial":6,"Eternal Feather":2,"The Courier":9,"Toxic Egg 2":8,"Cracked Core":0},{"Calipers":0,"FaceOfCleric":6,"Sundial":5,"Eternal Feather":1,"The Courier":6,"Toxic Egg 2":6,"Cracked Core":0},{"Calipers":0,"FaceOfCleric":20,"Sundial":15,"Eternal Feather":3,"The Courier":20,"Toxic Egg 2":20,"Cracked Core":0}]},"card_choices":[{"not_picked":["Redo","Leap"],"picked":"Streamline","floor":1.0},{"not_picked":["Genetic Algorithm","Redo"],"picked":"Rip and Tear","floor":3.0},{"not_picked":["Recycle","Undo"],"picked":"Beam Cell","floor":4.0},{"not_picked":["Sweeping Beam","Turbo"],"picked":"Biased Cognition","floor":5.0},{"not_picked":["Steam","Redo"],"picked":"Hologram","floor":6.0},{"not_picked":["Stack+1","Melter"],"picked":"Steam+1","floor":8.0},{"not_picked":["Consume+1","Heatsinks"],"picked":"Fusion+1","floor":12.0},{"not_picked":["Heatsinks","Streamline"],"picked":"Core Surge","floor":13.0},{"not_picked":["Go for the Eyes","Heatsinks"],"picked":"Rebound","floor":14.0}],"player_experience":526718,"relics_obtained":[{"floor":6.0,"key":"Sundial"},{"floor":8.0,"key":"Toxic Egg 2"},{"floor":9.0,"key":"The Courier"}],"event_choices":[{"damage_healed":0.0,"max_hp_gain":0.0,"max_hp_loss":0.0,"gold_gain":0.0,"event_name":"Scrap Ooze","player_choice":"Success","floor":2.0,"gold_loss":0.0,"damage_taken":25.0,"relics_obtained":["Eternal Feather"]},{"damage_healed":0.0,"max_hp_gain":0.0,"max_hp_loss":0.0,"gold_gain":0.0,"event_name":"FaceTrader","player_choice":"Trade","floor":10.0,"gold_loss":0.0,"damage_taken":0.0,"relics_obtained":["FaceOfCleric"]}],"is_beta":false,"boss_relics":[],"items_purged_floors":[],"is_endless":false,"potions_floor_spawned":[3,13,14],"killed_by":"Slime Boss","ascension_level":11}}