{"host":"1qpqdhcm6rajo15h","time":1613322261,"event":{"mods":["BaseMod","Colored Powertips","Downfall","Gremlin Mod","Hermit","Highlight Path","Infinite Spire","Jorbs\u0027s Wanderer Trilogy","Mimic Mod","Minty Spire (QoL Compilation)","Potionbrewer","Relic Stats","Replay The Spire","StSLib","Td1madao Mod","The Marked","The Poker Player","The Runesmith","The Sage","TheBandit"],"gold_per_floor":[110,108,108,121,138,138,154,186,231,242,242,283,283,303,303,423,423,446,446,446,446,446,477,477,496,496,510,525,544,72,92,92,213,213,227,242,242,262,262,262,296,296,296,296,421,421],"floor_reached":45,"language":"ENG","playtime":4462,"items_purged":["Regret","potionbrewer:PotionbrewerStrike","potionbrewer:PotionbrewerDefend","potionbrewer:ExothermicReaction"],"score":550,"play_id":"04e966e8-cb05-4cff-a00d-663a35d934ec","local_time":"20210214120421","is_ascension_mode":false,"campfire_choices":[{"data":"potionbrewer:Collect","floor":6.0,"key":"SMITH"},{"data":"potionbrewer:QuickStep","floor":13.0,"key":"SMITH"},{"floor":15.0,"key":"DIG"},{"data":"infinitespire:TheBestDefense","floor":24,"key":"SMITH"},{"data":"1","floor":32,"key":"LIFT"},{"data":"2","floor":40,"key":"LIFT"},{"data":"3","floor":42,"key":"LIFT"},{"data":"potionbrewer:TestFormula","floor":44,"key":"SMITH"}],"circlet_count":0,"master_deck":["potionbrewer:PotionbrewerDefend","potionbrewer:PotionbrewerDefend+1","potionbrewer:PotionbrewerDefend","potionbrewer:Collect+1","potionbrewer:ChemicalSpill","potionbrewer:EmptyBottle+1","potionbrewer:TimeBomb","potionbrewer:Contingency","potionbrewer:CausticBarrier","potionbrewer:QuickStep+1","potionbrewer:EmptyBottle","potionbrewer:PrivateReserves","potionbrewer:ChoosePotion","potionbrewer:Smack","infinitespire:TheBestDefense+1","Slimebound:Tackle+1","Slimebound:Tackle+1","Slimebound:Tackle+1","J.A.X.","potionbrewer:RefinedProcess","potionbrewer:TestFormula+1","potionbrewer:FortifiedSerum","potionbrewer:ChoosePotion","potionbrewer:Biohazard","potionbrewer:PrivateReserves","potionbrewer:Hoarder","potionbrewer:Discombobulate+1","potionbrewer:Brandish+1","Decay","Replay:Fractal Strike"],"relics":["potionbrewer:PotionKit","NeowsBlessing","ReplayTheSpireMod:CursedCoin","Pear","Orichalcum","Golden Idol","Anchor","Replay:Mystery Machine","Black Star","Replay:Kaleidoscope","Girya","Gremlin Horn","Bottled Lightning","sagemod:Creepy_Carousel","Cursed Key","Regal Pillow","Replay:Towering Pillar of Hats","Sundial","Mercury Hourglass","infinitespire:Magic Flask"],"acts_visited":["Exordium","TheCity","TheBeyond"],"potions_floor_usage":[25,27,27,27,27,28,29,29,31,33,33,33,33,36,36,38,38,41,41,45,45,45,45,45],"damage_taken":[{"damage":0.0,"enemies":"2 Louse","floor":1.0,"turns":5.0},{"damage":0.0,"enemies":"Jaw Worm","floor":4.0,"turns":1.0},{"damage":0.0,"enemies":"Small Slimes","floor":5.0,"turns":2.0},{"damage":9.0,"enemies":"Blue Slaver","floor":7.0,"turns":3.0},{"damage":8.0,"enemies":"Gremlin Nob","floor":8.0,"turns":4.0},{"damage":0.0,"enemies":"Exordium Wildlife","floor":10.0,"turns":4.0},{"damage":8.0,"enemies":"3 Sentries","floor":12.0,"turns":4.0},{"damage":0.0,"enemies":"Exordium Thugs","floor":14.0,"turns":3.0},{"damage":3.0,"enemies":"Slime Boss","floor":16.0,"turns":9.0},{"damage":0.0,"enemies":"2 Thieves","floor":18.0,"turns":4.0},{"damage":10.0,"enemies":"Slavers","floor":23.0,"turns":5.0},{"damage":7,"enemies":"Shell Parasite","floor":25,"turns":3},{"damage":6,"enemies":"Shelled Parasite and Fungi","floor":27,"turns":4},{"damage":0,"enemies":"Snake Plant","floor":28,"turns":2},{"damage":0,"enemies":"Cultist and Chosen","floor":29,"turns":5},{"damage":0,"enemies":"3 Cultists","floor":31,"turns":4},{"damage":3,"enemies":"Collector","floor":33,"turns":1},{"damage":11,"enemies":"3 Shapes","floor":35,"turns":4},{"damage":8,"enemies":"Orb Walker","floor":36,"turns":3},{"damage":3,"enemies":"Jaw Worm Horde","floor":38,"turns":1},{"damage":1,"enemies":"Nemesis","floor":41,"turns":5},{"damage":18,"enemies":"infinitespire:Three Voidlings","floor":45,"turns":3},{"damage":23,"enemies":"Nightmare_Alpha","floor":45,"turns":13}],"seed_played":"-7427977592829487436","potions_obtained":[{"floor":8.0,"key":"AttackPotion"},{"floor":10.0,"key":"potionbrewer:StunPotion"},{"floor":12.0,"key":"FearPotion"},{"floor":14.0,"key":"Regen Potion"},{"floor":25,"key":"Dexterity Potion"},{"floor":28,"key":"BlessingOfTheForge"},{"floor":31,"key":"Adrenaline Potion"},{"floor":33,"key":"AttackPotion"}],"is_trial":false,"path_per_floor":["M","$","?","M","M","R","M","E","T","M","?","E","R","M","R","B",null,"M","?","AVR","?","?","E","R","M","T","M","M","M","$","M","R","B",null,"M","M","AVR","M","?","R","E","R","T","R","?"],"character_chosen":"POTIONBREWER","items_purchased":["ReplayTheSpireMod:CursedCoin","potionbrewer:EmptyBottle","sagemod:Creepy_Carousel","potionbrewer:PrivateReserves"],"campfire_rested":0,"item_purchase_floors":[2,2,30,30],"current_hp_per_floor":[75,75,60,60,60,60,51,53,53,53,53,45,45,45,45,57,79,79,79,79,79,79,69,69,62,62,56,56,56,56,56,56,53,79,68,60,60,57,57,57,56,56,56,56,19,19],"gold":421,"neow_bonus":"THREE_ENEMY_KILL","is_daily":false,"chose_seed":false,"campfire_upgraded":4,"win_rate":0.0,"timestamp":1613322261,"path_taken":["M","$","?","M","M","R","M","E","T","M","?","E","R","M","R","BOSS","M","?","AVR","?","?","E","R","M","T","?","M","M","?","?","R","BOSS","M","M","AVR","M","?","R","E","R","T","R","?"],"items_purchased_type":["Relic","Card","Relic","Card"],"build_version":"2020-12-22","purchased_purges":4,"victory":false,"max_hp_per_floor":[75,75,75,75,75,75,75,85,85,85,79,79,79,79,79,79,79,79,79,79,79,79,79,79,79,79,79,79,79,79,79,79,79,79,79,79,79,79,75,75,75,75,75,75,75,75],"relic_stats":{"Regal Pillow":0,"Gremlin Horn":[10,10],"counters":[23,91],"Golden Idol":131,"Sundial":[2],"Black Star":2,"Orichalcum":[84],"Cursed Key":1,"obtain_stats":[{"Girya":23,"Regal Pillow":37,"Pear":8,"NeowsBlessing":0,"Gremlin Horn":23,"Replay:Towering Pillar of Hats":41,"ReplayTheSpireMod:CursedCoin":2,"Golden Idol":11,"Replay:Kaleidoscope":20,"infinitespire:Magic Flask":45,"Orichalcum":9,"Replay:Mystery Machine":15,"Cursed Key":34,"potionbrewer:PotionKit":0,"Mercury Hourglass":43,"Anchor":12,"Sundial":41,"sagemod:Creepy_Carousel":30,"Black Star":17,"Bottled Lightning":26},{"Girya":11,"Regal Pillow":19,"Pear":5,"NeowsBlessing":0,"Gremlin Horn":11,"Replay:Towering Pillar of Hats":21,"ReplayTheSpireMod:CursedCoin":1,"Golden Idol":6,"Replay:Kaleidoscope":10,"infinitespire:Magic Flask":23,"Orichalcum":5,"Replay:Mystery Machine":8,"Cursed Key":17,"potionbrewer:PotionKit":0,"Mercury Hourglass":21,"Anchor":7,"Sundial":21,"sagemod:Creepy_Carousel":15,"Black Star":9,"Bottled Lightning":12},{"Girya":43,"Regal Pillow":69,"Pear":14,"NeowsBlessing":0,"Gremlin Horn":43,"Replay:Towering Pillar of Hats":75,"ReplayTheSpireMod:CursedCoin":5,"Golden Idol":18,"Replay:Kaleidoscope":38,"infinitespire:Magic Flask":91,"Orichalcum":14,"Replay:Mystery Machine":25,"Cursed Key":62,"potionbrewer:PotionKit":0,"Mercury Hourglass":75,"Anchor":22,"Sundial":75,"sagemod:Creepy_Carousel":57,"Black Star":34,"Bottled Lightning":46}],"Mercury Hourglass":[48]},"card_choices":[{"not_picked":["potionbrewer:Refill","potionbrewer:IronFist"],"picked":"potionbrewer:ExothermicReaction","floor":1.0},{"not_picked":["potionbrewer:FlareUp","potionbrewer:Brandish"],"picked":"potionbrewer:TimeBomb","floor":4.0},{"not_picked":["potionbrewer:Refill","potionbrewer:UnstableFormula"],"picked":"potionbrewer:Contingency","floor":5.0},{"not_picked":["potionbrewer:TimeBomb","potionbrewer:FlashPowder","potionbrewer:PotentialEnergy"],"picked":"SKIP","floor":7.0},{"not_picked":["potionbrewer:Smokescreen","potionbrewer:UnstableFormula"],"picked":"potionbrewer:CausticBarrier","floor":8.0},{"not_picked":["potionbrewer:BlindingSpray","potionbrewer:PrivateReserves"],"picked":"potionbrewer:QuickStep","floor":10.0},{"not_picked":["potionbrewer:Refill","potionbrewer:IronFist"],"picked":"potionbrewer:EmptyBottle","floor":12.0},{"not_picked":["potionbrewer:Refill","potionbrewer:Brandish"],"picked":"potionbrewer:PrivateReserves","floor":14.0},{"not_picked":["potionbrewer:TwoForOne","potionbrewer:ResearchResults"],"picked":"potionbrewer:BottomlessFlask","floor":16.0},{"not_picked":["potionbrewer:UnstableFormula","potionbrewer:Brandish"],"picked":"potionbrewer:Smack","floor":18.0},{"not_picked":["potionbrewer:Contingency","potionbrewer:LabJournal"],"picked":"potionbrewer:RefinedProcess","floor":23.0},{"not_picked":["potionbrewer:VolatileSolution","potionbrewer:FlashPowder"],"picked":"potionbrewer:TestFormula","floor":25},{"not_picked":["potionbrewer:UnstableFormula","potionbrewer:AnotherRound"],"picked":"potionbrewer:FortifiedSerum","floor":27},{"not_picked":["potionbrewer:ExplosiveReaction+1","potionbrewer:Toxicity"],"picked":"potionbrewer:BottomlessFlask","floor":28},{"not_picked":["potionbrewer:CrossReference","potionbrewer:VolatileSolution"],"picked":"potionbrewer:Biohazard","floor":29},{"not_picked":["potionbrewer:Toxicity","potionbrewer:Contingency","potionbrewer:IronFist"],"picked":"SKIP","floor":31},{"not_picked":["potionbrewer:TwoForOne","potionbrewer:Accelerant"],"picked":"potionbrewer:Hoarder","floor":33},{"not_picked":["potionbrewer:VolatileSolution","potionbrewer:FortifiedSerum+1","potionbrewer:UnstableFormula+1"],"picked":"SKIP","floor":35},{"not_picked":["potionbrewer:FlareUp","potionbrewer:HazardousMaterials+1"],"picked":"potionbrewer:Discombobulate+1","floor":36},{"not_picked":["potionbrewer:TimeBomb","potionbrewer:MicrobeSpray+1"],"picked":"potionbrewer:Brandish+1","floor":38},{"not_picked":["potionbrewer:ChokingPowder+1","potionbrewer:WizBang","potionbrewer:FlareUp+1","potionbrewer:Prototype"],"picked":"SKIP","floor":41},{"not_picked":["infinitespire:FinalStrike","infinitespire:Menacing"],"picked":"Replay:Fractal Strike","floor":45}],"player_experience":25269,"relics_obtained":[{"floor":8.0,"key":"Pear"},{"floor":9.0,"key":"Orichalcum"},{"floor":12.0,"key":"Anchor"},{"floor":15.0,"key":"Replay:Mystery Machine"},{"floor":23.0,"key":"Girya"},{"floor":23.0,"key":"Gremlin Horn"},{"floor":26,"key":"Bottled Lightning"},{"floor":41,"key":"Replay:Towering Pillar of Hats"},{"floor":41,"key":"Sundial"},{"floor":43,"key":"Mercury Hourglass"},{"floor":45,"key":"infinitespire:Magic Flask"}],"event_choices":[{"damage_healed":0.0,"max_hp_gain":0.0,"max_hp_loss":0.0,"gold_gain":0.0,"event_name":"Shining Light","player_choice":"Entered Light","floor":3.0,"gold_loss":0.0,"damage_taken":15.0,"cards_upgraded":["potionbrewer:PotionbrewerDefend","potionbrewer:EmptyBottle"]},{"damage_healed":0.0,"max_hp_gain":0.0,"max_hp_loss":6.0,"gold_gain":0.0,"event_name":"Golden Idol","player_choice":"Lose Max HP","floor":11.0,"gold_loss":0.0,"damage_taken":0.0,"relics_obtained":["Golden Idol"]},{"damage_healed":0.0,"max_hp_gain":0.0,"max_hp_loss":0.0,"gold_gain":0.0,"event_name":"Vampires","player_choice":"Ignored","floor":19.0,"gold_loss":0.0,"damage_taken":0.0},{"damage_healed":0.0,"max_hp_gain":0.0,"max_hp_loss":0.0,"gold_gain":0.0,"event_name":"Drug Dealer","player_choice":"Obtain J.A.X.","floor":22.0,"gold_loss":0.0,"damage_taken":0.0,"cards_obtained":["J.A.X."]},{"damage_healed":0,"gold_gain":0,"player_choice":"Max HP","damage_taken":0,"max_hp_gain":0,"max_hp_loss":4,"event_name":"Winding Halls","floor":39,"gold_loss":0}],"is_beta":false,"boss_relics":[{"not_picked":["ReplayTheSpireMod:DimensionalGlitch","Fusion Hammer"],"picked":"Black Star"},{"not_picked":["ChewingGum","Honey Jar"],"picked":"Cursed Key"}],"items_purged_floors":[2,20,30,37],"is_endless":true,"potions_floor_spawned":[8,10,12,14,25,28,31,33,36,45],"killed_by":"Nightmare_Alpha","ascension_level":0}}