{"host":"e4wnmsyty9uvvtwf","time":1613306312,"event":{"mods":["Act Like it!","BaseMod","Colored Map","Colored Powertips","Gensokyo","KomeijiMod","Minty Spire (QoL Compilation)","StSLib"],"gold_per_floor":[272,286,286,58,83,108,126,126,126,226,78,98,98,427,427,525,525,545,557,573,573],"floor_reached":20,"language":"ZHS","playtime":993,"items_purged":[],"score":192,"play_id":"aaf33a12-b2ed-4068-b580-21c1066d2778","local_time":"20210214203832","is_ascension_mode":true,"campfire_choices":[{"data":"Apotheosis","floor":8,"key":"SMITH"},{"data":"Absorbed","floor":13,"key":"SMITH"},{"data":"CombatMeter","floor":15,"key":"SMITH"}],"circlet_count":0,"master_deck":["Strike_Remiria","Strike_Remiria","Strike_Remiria","Defend_Remirira","Defend_Remirira","Defend_Remirira","Defend_Remirira","Absorbed+1","Warpath","CombatMeter+1","Apotheosis+1","BombardNight","Warpath","HeartBreak_Remiria","StigmaNizer+1","TricksterDevil+1","FateMeister+1","FastHealing"],"relics":["ThirstyCrossSpe","Gensokyo:OccultBall","Nunchaku","Boot","Pocketwatch","Juzu Bracelet","Pantograph","Astrolabe","Gambling Chip"],"acts_visited":["Exordium","Gensokyo:Gensokyo"],"potions_floor_usage":[],"damage_taken":[{"damage":4,"enemies":"Gensokyo:3_Fairies","floor":1,"turns":3},{"damage":0,"enemies":"Gensokyo:2_Kodama","floor":2,"turns":3},{"damage":8,"enemies":"Gensokyo:Mamizou","floor":6,"turns":5},{"damage":6,"enemies":"Gensokyo:Gryphon","floor":7,"turns":3},{"damage":13,"enemies":"Gensokyo:VengefulSpirit","floor":12,"turns":5},{"damage":7,"enemies":"Gensokyo:Aya","floor":14,"turns":6},{"damage":20,"enemies":"Gensokyo:Reimu","floor":16,"turns":7},{"damage":9,"enemies":"Gensokyo:AngelMirror","floor":18,"turns":5},{"damage":16,"enemies":"Gensokyo:3_Dogs","floor":19,"turns":3},{"damage":12,"enemies":"Gensokyo:Chomper_and_Gloop","floor":20,"turns":4}],"seed_played":"-4998085325875464756","potions_obtained":[{"floor":6,"key":"Dexterity Potion"},{"floor":7,"key":"Strength Potion"},{"floor":18,"key":"SteroidPotion"}],"is_trial":false,"path_per_floor":["M","M","?","$","T","E","M","R","T","?","COS","M","R","E","R","B",null,"M","M","M"],"character_chosen":"RemiriaScarlet","items_purchased":["CombatMeter","Apotheosis"],"campfire_rested":0,"item_purchase_floors":[4,4],"current_hp_per_floor":[96,96,96,96,96,88,82,82,82,82,82,69,69,62,62,47,100,91,75,63,63],"gold":573,"neow_bonus":"HUNDRED_GOLD","is_daily":false,"chose_seed":false,"campfire_upgraded":3,"win_rate":0.0,"timestamp":1613306312,"path_taken":["M","?","?","$","?","E","M","R","T","?","COS","M","R","E","R","BOSS","M","M","M"],"items_purchased_type":["Card","Card"],"build_version":"2020-12-22","purchased_purges":0,"victory":false,"max_hp_per_floor":[100,100,100,100,100,100,100,100,100,100,100,100,100,100,100,100,100,100,100,100,100],"card_choices":[{"not_picked":["BodyStrengthen","DamonLordCradle_Remiria"],"picked":"Tepes","floor":1},{"not_picked":["Feint","BloodySuit"],"picked":"Warpath","floor":2},{"not_picked":["Exsanguinate","RocketKickup"],"picked":"BombardNight","floor":6},{"not_picked":["Cripple","StigmaNizer","PainBurst"],"picked":"SKIP","floor":7},{"not_picked":["StigmaNizer","ServantFlier"],"picked":"Warpath","floor":12},{"not_picked":["DamonLordCradle_Remiria","Feint"],"picked":"BathedInBlood","floor":14},{"not_picked":["StarOfDavid","FitfulNightmare"],"picked":"HeartBreak_Remiria","floor":16},{"not_picked":["DamonLordCradle_Remiria+1","Impregnable","Rewrite+1"],"picked":"SKIP","floor":18},{"not_picked":["VampirishNight","Warpath"],"picked":"FastHealing","floor":19}],"player_experience":537273,"relics_obtained":[{"floor":5,"key":"Nunchaku"},{"floor":6,"key":"Gensokyo:OccultBall"},{"floor":6,"key":"Boot"},{"floor":9,"key":"Pocketwatch"},{"floor":14,"key":"Juzu Bracelet"},{"floor":16,"key":"Gensokyo:OccultBall"},{"floor":19,"key":"Gensokyo:OccultBall"}],"event_choices":[],"is_beta":false,"boss_relics":[{"not_picked":["Pandora\u0027s Box","Ectoplasm"],"picked":"Astrolabe"}],"items_purged_floors":[],"is_endless":false,"potions_floor_spawned":[6,7,18],"killed_by":"Gensokyo:Chomper_and_Gloop","ascension_level":1}}