{"host":"Alvar","time":1613307879,"event":{"mods":["AchievementEnabler","BaseMod","Minty Spire (QoL Compilation)","Relic Stats","StSLib","The Animator"],"gold_per_floor":[99,99,99,99,24,24,24,24,24,24,24,24,24,24,24,24,24],"floor_reached":16,"language":"ENG","playtime":418,"items_purged":[],"score":283,"play_id":"a85417cf-bca2-4556-a99b-0a2164aa1f46","local_time":"20210214200439","is_ascension_mode":true,"campfire_choices":[{"data":"CrushJoints","floor":6.0,"key":"SMITH"},{"data":"TalkToTheHand","floor":13,"key":"SMITH"},{"data":"Adaptation","floor":15,"key":"SMITH"}],"circlet_count":0,"master_deck":["AscendersBane","Strike_P","Strike_P","Strike_P","Strike_P","Defend_P","Defend_P","Defend_P","Eruption","Vigilance","CrushJoints+1","BowlingBash+1","FlurryOfBlows","Protect","LikeWater","TalkToTheHand+1","Adaptation+1"],"relics":["Ectoplasm","White Beast Statue","HornCleat","The Courier","Kunai","Thread and Needle"],"acts_visited":["Exordium"],"potions_floor_usage":[],"damage_taken":[{"damage":0.0,"enemies":"Cultist","floor":1.0,"turns":3.0},{"damage":0.0,"enemies":"2 Louse","floor":2.0,"turns":1.0},{"damage":0.0,"enemies":"Small Slimes","floor":3.0,"turns":2.0},{"damage":8.0,"enemies":"Blue Slaver","floor":4.0,"turns":3.0},{"damage":0,"enemies":"Lagavulin","floor":7,"turns":4},{"damage":1,"enemies":"Lots of Slimes","floor":11,"turns":3},{"damage":8,"enemies":"3 Sentries","floor":12,"turns":7},{"damage":26,"enemies":"Gremlin Nob","floor":14,"turns":5},{"damage":32,"enemies":"Slime Boss","floor":16,"turns":5}],"seed_played":"-1239481144361808027","potions_obtained":[{"floor":3.0,"key":"Regen Potion"},{"floor":4.0,"key":"SpeedPotion"},{"floor":11,"key":"EssenceOfSteel"},{"floor":14,"key":"LiquidBronze"}],"is_trial":false,"path_per_floor":["M","M","M","M","?","R","E","?","T","T","M","E","R","E","R","B"],"character_chosen":"WATCHER","items_purchased":[],"campfire_rested":0,"item_purchase_floors":[],"current_hp_per_floor":[61,61,61,53,53,53,53,53,53,53,52,44,44,18,18,0,0],"gold":24,"neow_bonus":"BOSS_RELIC","is_daily":false,"chose_seed":false,"campfire_upgraded":3,"win_rate":0.0,"timestamp":1613307879,"path_taken":["M","M","?","M","?","R","E","?","T","?","M","E","R","E","R","BOSS"],"items_purchased_type":[],"build_version":"2020-12-18","purchased_purges":0,"victory":false,"max_hp_per_floor":[68,68,68,68,68,68,68,68,68,68,68,68,68,68,68,68,68],"relic_stats":{"counters":[9,33],"Ectoplasm":231,"Kunai":[4],"obtain_stats":[{"HornCleat":9,"Thread and Needle":14,"Ectoplasm":0,"The Courier":10,"Kunai":12,"PureWater":0,"White Beast Statue":7},{"HornCleat":5,"Thread and Needle":8,"Ectoplasm":0,"The Courier":5,"Kunai":7,"PureWater":0,"White Beast Statue":5},{"HornCleat":13,"Thread and Needle":28,"Ectoplasm":0,"The Courier":13,"Kunai":23,"PureWater":0,"White Beast Statue":13}]},"card_choices":[{"not_picked":["SashWhip","Halt"],"picked":"CrushJoints","floor":1.0},{"not_picked":["Crescendo","ClearTheMind"],"picked":"BowlingBash","floor":2.0},{"not_picked":["InnerPeace","EmptyBody"],"picked":"FlurryOfBlows","floor":3.0},{"not_picked":["Evaluate","ThirdEye","CrushJoints"],"picked":"SKIP","floor":4.0},{"not_picked":["ClearTheMind","Devotion"],"picked":"Protect","floor":7},{"not_picked":["Halt","Indignation"],"picked":"LikeWater","floor":11},{"not_picked":["FlurryOfBlows","BattleHymn"],"picked":"TalkToTheHand","floor":12},{"not_picked":["JustLucky","WaveOfTheHand"],"picked":"Adaptation","floor":14}],"player_experience":830486,"relics_obtained":[{"floor":7,"key":"White Beast Statue"},{"floor":9,"key":"HornCleat"},{"floor":10,"key":"The Courier"},{"floor":12,"key":"Kunai"},{"floor":14,"key":"Thread and Needle"}],"event_choices":[{"cards_removed":["Defend_P"],"damage_healed":0.0,"max_hp_gain":0.0,"max_hp_loss":0.0,"gold_gain":0.0,"event_name":"The Cleric","player_choice":"Card Removal","floor":5.0,"gold_loss":75.0,"damage_taken":0.0},{"damage_healed":0,"gold_gain":0,"player_choice":"Grow","damage_taken":0,"max_hp_gain":0,"max_hp_loss":0,"event_name":"Living Wall","floor":8,"gold_loss":0,"cards_upgraded":["BowlingBash"]}],"is_beta":true,"boss_relics":[],"items_purged_floors":[],"is_endless":false,"potions_floor_spawned":[3,4,11,12,14],"killed_by":"Slime Boss","ascension_level":19}}