{"host":"y36bp6mnm73x3iob","time":1613333093,"event":{"mods":["2.2 Compatiblity","BaseMod","Bossed Relics","GifTheSpireLib","Hermit","Minty Spire (QoL Compilation)","Reliquary","StSLib"],"gold_per_floor":[119,119,119,6,26,26,55,55,55,55,90,90,100,126,126,204,204,222,22,22,22,22,22],"floor_reached":22,"language":"ENG","playtime":15761,"items_purged":["Injury"],"score":377,"play_id":"ef578544-9007-4fc6-997a-6a54e78e68ba","local_time":"20210214220453","is_ascension_mode":true,"campfire_choices":[{"data":"Feed","floor":6.0,"key":"SMITH"},{"floor":8.0,"key":"REST"},{"data":"Bash","floor":12,"key":"SMITH"},{"data":"Armaments","floor":15,"key":"SMITH"}],"circlet_count":0,"master_deck":["AscendersBane","Defend_R","Defend_R","Defend_R","Defend_R","Bash+1","Feed+1","Thunderclap+1","Battle Trance","Headbutt","Carnage","Disarm","Shrug It Off","Armaments+1","Exhume","Blood for Blood+1","Bite+1","Bite+1","Bite+1","Bite+1","Bite+1","Ghostly","Ghostly","Ghostly","Ghostly","Ghostly"],"relics":["Burning Blood","Meat on the Bone","PreservedInsect","reliquary:Knoch","Molten Egg 2","Velvet Choker","reliquary:TatteredRug"],"acts_visited":["Exordium","TheCity"],"potions_floor_usage":[16,16],"damage_taken":[{"damage":28.0,"enemies":"Cultist","floor":1.0,"turns":6.0},{"damage":6.0,"enemies":"2 Louse","floor":5.0,"turns":2.0},{"damage":40.0,"enemies":"Lagavulin","floor":7.0,"turns":5.0},{"damage":20,"enemies":"3 Sentries","floor":11,"turns":5},{"damage":12,"enemies":"Jaw Worm","floor":13,"turns":2},{"damage":18,"enemies":"Lagavulin","floor":14,"turns":4},{"damage":21,"enemies":"Hexaghost","floor":16,"turns":11},{"damage":27,"enemies":"Spheric Guardian","floor":18,"turns":5},{"damage":0,"enemies":"Shell Parasite","floor":22,"turns":1}],"seed_played":"-6137782469537636906","potions_obtained":[{"floor":1.0,"key":"FearPotion"},{"floor":14,"key":"DuplicationPotion"}],"is_trial":false,"path_per_floor":["M","?","?","$","M","R","E","R","T","$","E","R","M","E","R","B",null,"M","$","?","?","M"],"character_chosen":"IRONCLAD","items_purchased":["Battle Trance","reliquary:TatteredRug","BloodPotion"],"campfire_rested":1,"item_purchase_floors":[4,19,19],"current_hp_per_floor":[53,36,41,41,44,44,10,37,37,37,39,39,49,49,49,46,86,65,65,65,34,34,34],"gold":22,"neow_bonus":"THREE_RARE_CARDS","is_daily":false,"chose_seed":false,"campfire_upgraded":3,"win_rate":0.0,"timestamp":1613333093,"path_taken":["M","?","?","$","M","R","E","R","T","?","E","R","M","E","R","BOSS","M","$","?","?","M"],"items_purchased_type":["Card","Relic","Potion"],"build_version":"2020-12-22","purchased_purges":1,"victory":false,"max_hp_per_floor":[83,83,88,88,91,91,91,91,91,91,95,95,99,99,99,99,99,99,99,69,34,34,34],"card_choices":[{"not_picked":["Impervious","Juggernaut"],"picked":"Feed","floor":0.0},{"not_picked":["Rage","Fire Breathing"],"picked":"Thunderclap","floor":1.0},{"not_picked":["Warcry","Armaments"],"picked":"Headbutt","floor":5.0},{"not_picked":["Sword Boomerang","Burning Pact"],"picked":"Carnage","floor":7.0},{"not_picked":["Entrench","Ghostly Armor"],"picked":"Disarm","floor":11},{"not_picked":["Rage","Seeing Red"],"picked":"Shrug It Off","floor":13},{"not_picked":["Infernal Blade","Ghostly Armor"],"picked":"Armaments","floor":14},{"not_picked":["Limit Break","Bludgeon+1"],"picked":"Exhume","floor":16},{"not_picked":["Entrench","Wild Strike+1"],"picked":"Blood for Blood+1","floor":18}],"player_experience":532105,"relics_obtained":[{"floor":7.0,"key":"Meat on the Bone"},{"floor":9.0,"key":"PreservedInsect"},{"floor":11,"key":"reliquary:Knoch"},{"floor":14,"key":"Molten Egg 2"}],"event_choices":[{"damage_healed":0.0,"max_hp_gain":0.0,"max_hp_loss":0.0,"gold_gain":0.0,"event_name":"Shining Light","player_choice":"Entered Light","floor":2.0,"gold_loss":0.0,"damage_taken":17.0,"cards_upgraded":["Strike_R","Thunderclap"]},{"damage_healed":0.0,"max_hp_gain":5.0,"max_hp_loss":0.0,"gold_gain":0.0,"event_name":"Big Fish","player_choice":"Donut","floor":3.0,"gold_loss":0.0,"damage_taken":0.0},{"damage_healed":0,"gold_gain":0,"player_choice":"Became a vampire","damage_taken":0,"max_hp_gain":0,"max_hp_loss":30,"event_name":"Vampires","floor":20,"gold_loss":0,"cards_obtained":["Bite","Bite","Bite","Bite","Bite"]},{"damage_healed":0,"gold_gain":0,"player_choice":"Became a Ghost","damage_taken":0,"max_hp_gain":0,"max_hp_loss":35,"event_name":"Ghosts","floor":21,"gold_loss":0,"cards_obtained":["Ghostly","Ghostly","Ghostly","Ghostly","Ghostly"]}],"is_beta":false,"boss_relics":[{"not_picked":["Busted Crown","SacredBark"],"picked":"Velvet Choker"}],"items_purged_floors":[4],"is_endless":false,"potions_floor_spawned":[1,14],"killed_by":"Shell Parasite","ascension_level":13}}