{"host":"wuernuywc9gl215o","time":1613289101,"event":{"mods":["2.2 Compatiblity","AchievementEnabler","BaseMod","Bestiary","Block Reminder","Displayed Cursed Tome","Highlight Path","Key Reminder","Minty Spire (QoL Compilation)","Permanent Neow","Potion Indicator Mod","Quick Restart","Rare Cards Sparkle","Relic Stats","ojb\u0027s Info Mod"],"gold_per_floor":[111,125,143,162,172,172,195,221,221,250,305,305,322,340,340,443,443,457,532,545,562,572,572,596,596,596,596,628,543,543,574,574,674,674,684,696,370,386,399,399,449,473,497,497,542,542,558,558,558],"floor_reached":48,"language":"ENG","playtime":3618,"items_purged":["Strike_B"],"score":675,"play_id":"946be8d3-337a-4c2c-9bf5-cb18a481544f","local_time":"20210214075141","is_ascension_mode":true,"campfire_choices":[{"floor":6.0,"key":"REST"},{"floor":12.0,"key":"REST"},{"data":"Fusion","floor":15.0,"key":"SMITH"},{"floor":23.0,"key":"REST"},{"floor":25.0,"key":"REST"},{"data":"Defragment","floor":27.0,"key":"SMITH"},{"floor":30.0,"key":"REST"},{"floor":32,"key":"REST"},{"data":"Capacitor","floor":44,"key":"SMITH"},{"data":"Redo","floor":46,"key":"SMITH"}],"circlet_count":0,"master_deck":["Strike_B","Strike_B","Strike_B","Defend_B","Defend_B","Defend_B","Defend_B","Zap","Dualcast","CurseOfTheBell","Glacier","Steam","Fusion+1","Beam Cell","Static Discharge","Meteor Strike","Seek","Undo","Capacitor+1","Buffer","Streamline+1","Consume","Defragment+1","Multi-Cast","Ball Lightning","Electrodynamics","Turbo+1","BootSequence","Hologram","Redo+1","Tempest+1"],"relics":["Calling Bell","Tiny Chest","Question Card","Du-Vu Doll","Odd Mushroom","Singing Bowl","Kunai","Blue Candle","Runic Pyramid","Oddly Smooth Stone","Toy Ornithopter","Letter Opener","Incense Burner","Ancient Tea Set","Sozu","HornCleat","Emotion Chip","Juzu Bracelet","keyreminder:keyreminder","Turnip"],"acts_visited":["Exordium","TheCity","TheBeyond"],"potions_floor_usage":[38,48],"damage_taken":[{"damage":1.0,"enemies":"2 Louse","floor":1.0,"turns":2.0},{"damage":2.0,"enemies":"Jaw Worm","floor":2.0,"turns":3.0},{"damage":0.0,"enemies":"Cultist","floor":3.0,"turns":3.0},{"damage":11.0,"enemies":"Blue Slaver","floor":4.0,"turns":3.0},{"damage":17.0,"enemies":"3 Louse","floor":5.0,"turns":4.0},{"damage":4.0,"enemies":"The Mushroom Lair","floor":7.0,"turns":3.0},{"damage":38.0,"enemies":"Gremlin Nob","floor":8.0,"turns":6.0},{"damage":11.0,"enemies":"Lagavulin","floor":10.0,"turns":8.0},{"damage":0.0,"enemies":"2 Fungi Beasts","floor":13.0,"turns":2.0},{"damage":9.0,"enemies":"Exordium Thugs","floor":14.0,"turns":5.0},{"damage":27.0,"enemies":"Hexaghost","floor":16.0,"turns":13.0},{"damage":8.0,"enemies":"3 Byrds","floor":18.0,"turns":6.0},{"damage":16.0,"enemies":"Chosen","floor":20.0,"turns":5.0},{"damage":15.0,"enemies":"Snecko","floor":21.0,"turns":5.0},{"damage":14.0,"enemies":"Snake Plant","floor":22.0,"turns":7.0},{"damage":30.0,"enemies":"Slavers","floor":28.0,"turns":10.0},{"damage":38,"enemies":"Gremlin Leader","floor":31,"turns":10},{"damage":25,"enemies":"Automaton","floor":33,"turns":13},{"damage":1,"enemies":"Orb Walker","floor":35,"turns":4},{"damage":1,"enemies":"3 Shapes","floor":36,"turns":5},{"damage":8,"enemies":"Sphere and 2 Shapes","floor":38,"turns":5},{"damage":0,"enemies":"Maw","floor":39,"turns":7},{"damage":2,"enemies":"Mind Bloom Boss Battle","floor":41,"turns":7},{"damage":14,"enemies":"2 Orb Walkers","floor":45,"turns":5},{"damage":7,"enemies":"Writhing Mass","floor":47,"turns":5},{"damage":54,"enemies":"Transient","floor":48,"turns":4}],"seed_played":"-3067441188168186190","potions_obtained":[{"floor":1.0,"key":"FairyPotion"},{"floor":5.0,"key":"LiquidMemories"},{"floor":7.0,"key":"ColorlessPotion"},{"floor":8.0,"key":"SpeedPotion"},{"floor":13.0,"key":"Explosive Potion"},{"floor":14.0,"key":"Ancient Potion"},{"floor":20.0,"key":"AttackPotion"},{"floor":21.0,"key":"FocusPotion"},{"floor":22.0,"key":"Dexterity Potion"},{"floor":33,"key":"LiquidMemories"}],"is_trial":false,"path_per_floor":["M","M","M","M","M","R","?","E","T","E","?","R","M","M","R","B",null,"M","?","M","M","M","R","T","R","T","R","E","?","R","E","R","B",null,"M","M","$","M","M","?","?","T","T","R","?","R","M","M"],"character_chosen":"DEFECT","items_purchased":["HornCleat"],"campfire_rested":6,"item_purchase_floors":[37],"current_hp_per_floor":[67,65,65,54,37,59,55,17,17,6,6,28,28,19,19,14,60,52,45,29,16,2,25,25,48,48,48,28,28,51,13,36,11,61,60,59,59,56,56,56,54,54,54,54,42,42,37,0,0],"gold":558,"neow_bonus":"BOSS_RELIC","is_daily":false,"chose_seed":false,"campfire_upgraded":4,"win_rate":0.0,"timestamp":1613289101,"path_taken":["M","M","M","M","M","R","?","E","T","E","?","R","M","M","R","BOSS","M","?","M","M","M","R","?","R","T","R","E","?","R","E","R","BOSS","M","M","$","M","M","?","?","?","T","R","?","R","M","M"],"items_purchased_type":["Relic"],"build_version":"2020-12-22","purchased_purges":1,"victory":false,"max_hp_per_floor":[75,75,75,75,75,75,75,75,75,75,75,75,75,75,75,75,75,75,75,75,77,77,77,77,77,77,77,77,77,77,77,77,77,77,77,77,77,77,77,77,77,77,77,77,79,79,81,81,81],"relic_stats":{"Singing Bowl":6,"counters":[26,150],"Blue Candle":[7],"Juzu Bracelet":1,"Letter Opener":[156],"Question Card":25,"Sozu":4,"Emotion Chip":[15,15,0,0,0],"Tiny Chest":2,"Turnip":[0],"Kunai":[14],"obtain_stats":[{"Singing Bowl":8,"Blue Candle":10,"Oddly Smooth Stone":24,"Incense Burner":29,"Juzu Bracelet":42,"Letter Opener":28,"Odd Mushroom":7,"Question Card":0,"Ancient Tea Set":31,"Calling Bell":0,"Du-Vu Doll":0,"Sozu":34,"keyreminder:keyreminder":43,"Emotion Chip":41,"HornCleat":37,"Tiny Chest":0,"Turnip":45,"Kunai":9,"Cracked Core":0,"Toy Ornithopter":26,"Runic Pyramid":17},{"Singing Bowl":7,"Blue Candle":8,"Oddly Smooth Stone":15,"Incense Burner":16,"Juzu Bracelet":23,"Letter Opener":16,"Odd Mushroom":6,"Question Card":0,"Ancient Tea Set":17,"Calling Bell":0,"Du-Vu Doll":0,"Sozu":18,"keyreminder:keyreminder":23,"Emotion Chip":23,"HornCleat":20,"Tiny Chest":0,"Turnip":24,"Kunai":7,"Cracked Core":0,"Toy Ornithopter":15,"Runic Pyramid":11},{"Singing Bowl":24,"Blue Candle":32,"Oddly Smooth Stone":75,"Incense Burner":85,"Juzu Bracelet":136,"Letter Opener":85,"Odd Mushroom":18,"Question Card":0,"Ancient Tea Set":95,"Calling Bell":0,"Du-Vu Doll":0,"Sozu":108,"keyreminder:keyreminder":136,"Emotion Chip":136,"HornCleat":117,"Tiny Chest":0,"Turnip":141,"Kunai":24,"Cracked Core":0,"Toy Ornithopter":75,"Runic Pyramid":52}],"Toy Ornithopter":20},"card_choices":[{"not_picked":["Static Discharge","Undo","Heatsinks"],"picked":"Sunder","floor":1.0},{"not_picked":["Redo","Conserve Battery","Doom and Gloom"],"picked":"Glacier","floor":2.0},{"not_picked":["Stack","Sunder","Rebound"],"picked":"Steam","floor":3.0},{"not_picked":["Consume","Melter","Reinforced Body"],"picked":"Fusion","floor":4.0},{"not_picked":["Reinforced Body","Blizzard","Sunder"],"picked":"Beam Cell","floor":5.0},{"not_picked":["Blizzard","Doom and Gloom","Sweeping Beam"],"picked":"Static Discharge","floor":7.0},{"not_picked":["FTL","Auto Shields","Thunder Strike"],"picked":"Meteor Strike","floor":8.0},{"not_picked":["Turbo","Streamline","Storm"],"picked":"Seek","floor":10.0},{"not_picked":["Barrage","Beam Cell","White Noise"],"picked":"Undo","floor":13.0},{"not_picked":["Scrape","Tempest","Darkness"],"picked":"Capacitor","floor":14.0},{"not_picked":["Core Surge","Creative AI","Amplify"],"picked":"Buffer","floor":16.0},{"not_picked":["BootSequence","Turbo","Recycle"],"picked":"Streamline+1","floor":18.0},{"not_picked":["Lockon+1","Glacier+1","Compile Driver+1"],"picked":"Consume","floor":20.0},{"not_picked":["Turbo","Storm","Rebound+1","Beam Cell"],"picked":"Singing Bowl","floor":21.0},{"not_picked":["Barrage","Gash+1","Consume"],"picked":"Defragment","floor":22.0},{"not_picked":["Cold Snap","Sunder+1","Chill"],"picked":"Multi-Cast","floor":28.0},{"not_picked":["Sweeping Beam","Rebound","Consume"],"picked":"Ball Lightning","floor":31},{"not_picked":["Fission","Reboot","Creative AI"],"picked":"Electrodynamics","floor":33},{"not_picked":["Conserve Battery+1","Tempest","Beam Cell+1"],"picked":"Turbo+1","floor":35},{"not_picked":["Hologram","Sweeping Beam","Fission"],"picked":"BootSequence","floor":36},{"not_picked":["Ball Lightning","Sweeping Beam+1","Coolheaded+1"],"picked":"Hologram","floor":38},{"not_picked":["Hologram+1","BootSequence+1","Beam Cell+1"],"picked":"Redo","floor":39},{"not_picked":["Heatsinks","Go for the Eyes+1","Chill"],"picked":"Tempest+1","floor":41},{"not_picked":["Ball Lightning","Reprogram+1","Rebound","Fusion+1"],"picked":"Singing Bowl","floor":45},{"not_picked":["Fusion+1","Genetic Algorithm+1","Chaos+1","Undo+1"],"picked":"Singing Bowl","floor":47}],"player_experience":958316,"relics_obtained":[{"floor":0.0,"key":"Tiny Chest"},{"floor":0.0,"key":"Question Card"},{"floor":0.0,"key":"Du-Vu Doll"},{"floor":7.0,"key":"Odd Mushroom"},{"floor":8.0,"key":"Singing Bowl"},{"floor":9.0,"key":"Kunai"},{"floor":10.0,"key":"Blue Candle"},{"floor":24.0,"key":"Oddly Smooth Stone"},{"floor":26.0,"key":"Toy Ornithopter"},{"floor":28.0,"key":"Letter Opener"},{"floor":31,"key":"Ancient Tea Set"},{"floor":41,"key":"Emotion Chip"},{"floor":42,"key":"Juzu Bracelet"},{"floor":45,"key":"Turnip"}],"event_choices":[{"damage_healed":0.0,"max_hp_gain":0.0,"max_hp_loss":0.0,"gold_gain":0.0,"event_name":"Mushrooms","player_choice":"Fought Mushrooms","floor":7.0,"gold_loss":0.0,"damage_taken":0.0},{"damage_healed":0.0,"max_hp_gain":0.0,"max_hp_loss":0.0,"gold_gain":55.0,"event_name":"Golden Wing","player_choice":"Gained Gold","floor":11.0,"gold_loss":0.0,"damage_taken":0.0},{"damage_healed":0.0,"max_hp_gain":0.0,"max_hp_loss":0.0,"gold_gain":75.0,"event_name":"FaceTrader","player_choice":"Touch","floor":19.0,"gold_loss":0.0,"damage_taken":7.0},{"damage_healed":0.0,"max_hp_gain":0.0,"max_hp_loss":0.0,"gold_gain":0.0,"event_name":"Addict","player_choice":"Obtained Relic","floor":29.0,"gold_loss":85.0,"damage_taken":0.0,"relics_obtained":["Incense Burner"]},{"cards_removed":["Sunder"],"damage_healed":0,"gold_gain":0,"player_choice":"Removed Attack","damage_taken":0,"max_hp_gain":0,"max_hp_loss":0,"event_name":"Falling","floor":40,"gold_loss":0},{"damage_healed":0,"gold_gain":0,"player_choice":"Fight","damage_taken":0,"max_hp_gain":0,"max_hp_loss":0,"event_name":"MindBloom","floor":41,"gold_loss":0},{"damage_healed":0,"gold_gain":0,"player_choice":"Fight","damage_taken":0,"max_hp_gain":0,"max_hp_loss":0,"event_name":"Mysterious Sphere","floor":45,"gold_loss":0}],"is_beta":false,"boss_relics":[{"not_picked":["Coffee Dripper","Tiny House"],"picked":"Runic Pyramid"},{"not_picked":["Inserter","Black Star"],"picked":"Sozu"}],"items_purged_floors":[37],"is_endless":false,"potions_floor_spawned":[1,5,7,8,13,14,20,21,22,33,35,38,41,47],"killed_by":"Transient","ascension_level":8}}