{"host":"jwpp8hxpigr0nknu","time":1613275990,"event":{"mods":["BaseMod","BetterRewards","Colored Map","Colored Powertips","Minty Spire (QoL Compilation)","Rare Cards Sparkle","Shop Mod","StSLib"],"gold_per_floor":[109,59,59,134,152,152,180,206,230,265,265,298,310,326,326,427,427,443,358,373,373,373,373,407,407,407,439,50,50,79,89,89,192,192,212,212,230,240,240,271,171,189,189,189,206,233,233,267,267,267],"floor_reached":51,"language":"ENG","playtime":3491,"items_purged":["Riddle With Holes","Writhe"],"score":1356,"play_id":"c6bdf787-9019-4d30-8a42-5064a3354a94","local_time":"20210213221310","daily_mods":["Draft"],"is_ascension_mode":true,"campfire_choices":[{"data":"Tactician","floor":6.0,"key":"SMITH"},{"data":"Backflip","floor":11.0,"key":"SMITH"},{"data":"Calculated Gamble","floor":15.0,"key":"SMITH"},{"data":"Adrenaline","floor":23.0,"key":"SMITH"},{"data":"Burst","floor":25.0,"key":"SMITH"},{"data":"Night Terror","floor":32.0,"key":"SMITH"},{"data":"Venomology","floor":47,"key":"SMITH"},{"data":"Acrobatics","floor":49,"key":"SMITH"}],"circlet_count":0,"master_deck":["Bouncing Flask","Tactician+1","Flying Knee+1","Prepared","Acrobatics","Dodge and Roll+1","Bouncing Flask","Slice","Leg Sweep","Bouncing Flask","Deadly Poison","Acrobatics+1","Expertise","Backflip+1","Backflip+1","Flying Knee+1","Prepared","Calculated Gamble+1","Adrenaline+1","Outmaneuver+1","Burst+1","Night Terror+1","Venomology+1","Blur","Footwork","The Bomb","Catalyst+1","Night Terror+1","Prepared"],"relics":["Ring of the Serpent","Oddly Smooth Stone","Odd Mushroom","Bronze Scales","Bottled Flame","War Paint","Lantern","Mummified Hand","Mercury Hourglass","Snake Skull","Bag of Preparation","Matryoshka","Darkstone Periapt","SacredBark","Whetstone","Ancient Tea Set","Juzu Bracelet","Unceasing Top","PreservedInsect"],"acts_visited":["Exordium","TheCity","TheBeyond"],"potions_floor_usage":[37,37,38,38,38,38,38,38,38,38,42,42,45,45,45,45,45,46,46,46,46,46,48,48,50],"damage_taken":[{"damage":0.0,"enemies":"Small Slimes","floor":1.0,"turns":2.0},{"damage":0.0,"enemies":"Jaw Worm","floor":5.0,"turns":2.0},{"damage":31.0,"enemies":"3 Sentries","floor":7.0,"turns":10.0},{"damage":4.0,"enemies":"The Mushroom Lair","floor":8.0,"turns":4.0},{"damage":18.0,"enemies":"Gremlin Nob","floor":10.0,"turns":4.0},{"damage":0.0,"enemies":"Lagavulin","floor":12.0,"turns":5.0},{"damage":0.0,"enemies":"2 Louse","floor":13.0,"turns":2.0},{"damage":0.0,"enemies":"2 Fungi Beasts","floor":14.0,"turns":2.0},{"damage":0.0,"enemies":"Slime Boss","floor":16.0,"turns":6.0},{"damage":10.0,"enemies":"Shell Parasite","floor":18.0,"turns":4.0},{"damage":0.0,"enemies":"Spheric Guardian","floor":20.0,"turns":2.0},{"damage":37.0,"enemies":"Slavers","floor":24.0,"turns":4.0},{"damage":0.0,"enemies":"Book of Stabbing","floor":27.0,"turns":5.0},{"damage":0.0,"enemies":"Gremlin Leader","floor":30.0,"turns":6.0},{"damage":0.0,"enemies":"Snecko","floor":31.0,"turns":3.0},{"damage":0.0,"enemies":"Automaton","floor":33.0,"turns":7.0},{"damage":4.0,"enemies":"3 Shapes","floor":35.0,"turns":4.0},{"damage":0,"enemies":"3 Darklings","floor":37,"turns":3},{"damage":4,"enemies":"Writhing Mass","floor":38,"turns":5},{"damage":10,"enemies":"Giant Head","floor":40,"turns":7},{"damage":0,"enemies":"Sphere and 2 Shapes","floor":42,"turns":3},{"damage":0,"enemies":"3 Darklings","floor":45,"turns":3},{"damage":27,"enemies":"Nemesis","floor":46,"turns":3},{"damage":0,"enemies":"Giant Head","floor":48,"turns":4},{"damage":0,"enemies":"Time Eater","floor":50,"turns":2}],"seed_played":"2139809968029274690","potions_obtained":[{"floor":1.0,"key":"PowerPotion"},{"floor":7.0,"key":"DuplicationPotion"},{"floor":10.0,"key":"Regen Potion"},{"floor":13.0,"key":"Strength Potion"},{"floor":18.0,"key":"Strength Potion"},{"floor":20.0,"key":"Strength Potion"},{"floor":24.0,"key":"GamblersBrew"},{"floor":30.0,"key":"LiquidMemories"},{"floor":33.0,"key":"ColorlessPotion"},{"floor":37,"key":"Ancient Potion"},{"floor":40,"key":"SpeedPotion"}],"is_trial":true,"path_per_floor":["M","?","?","?","M","R","E","?","T","E","R","E","M","M","R","B",null,"M","?","M","?","?","R","E","R","T","E","$","?","E","M","R","B",null,"M","?","M","M","?","E","$","M","T","?","M","E","R","E","R","B",null],"character_chosen":"THE_SILENT","items_purchased":["Blur","Footwork","Bag of Preparation"],"campfire_rested":0,"item_purchase_floors":[28,28,28],"current_hp_per_floor":[70,70,75,64,64,64,33,29,29,11,11,26,26,26,26,26,75,65,65,65,65,51,51,14,14,14,14,14,14,14,14,14,14,80,76,76,76,72,72,62,62,62,62,62,62,35,35,35,35,35],"gold":267,"neow_bonus":"","is_daily":false,"chose_seed":true,"campfire_upgraded":8,"win_rate":0.0,"timestamp":1613275990,"path_taken":["M","?","?","?","M","R","E","?","T","E","R","E","M","M","R","BOSS","M","?","M","?","?","R","E","R","T","E","?","?","E","?","R","BOSS","M","?","M","M","?","E","$","M","T","?","M","E","R","E","R","BOSS"],"items_purchased_type":["Card","Card","Relic"],"build_version":"2020-12-22","purchased_purges":2,"victory":true,"max_hp_per_floor":[70,70,75,75,75,75,75,75,75,75,75,75,75,75,75,75,75,75,75,75,75,80,80,80,80,80,80,80,80,80,80,80,80,80,80,80,80,80,76,76,76,76,76,76,76,76,76,76,76,76],"card_choices":[{"not_picked":["Eviscerate","Blur"],"picked":"Bouncing Flask","floor":0.0},{"not_picked":["Underhanded Strike","Deflect"],"picked":"Tactician","floor":0.0},{"not_picked":["Quick Slash","Dagger Spray"],"picked":"Flying Knee","floor":0.0},{"not_picked":["Expertise","Sucker Punch"],"picked":"Prepared","floor":0.0},{"not_picked":["Masterful Stab","Blade Dance"],"picked":"Acrobatics","floor":0.0},{"not_picked":["Cloak And Dagger","Accuracy"],"picked":"Riddle With Holes","floor":0.0},{"not_picked":["Outmaneuver","Dagger Spray"],"picked":"Dodge and Roll","floor":0.0},{"not_picked":["Dagger Throw","Bane"],"picked":"Bouncing Flask","floor":0.0},{"not_picked":["Dagger Throw","Concentrate"],"picked":"Slice","floor":0.0},{"not_picked":["Dodge and Roll","Blur"],"picked":"Leg Sweep","floor":0.0},{"not_picked":["All Out Attack","PiercingWail"],"picked":"Bouncing Flask","floor":0.0},{"not_picked":["Blade Dance","Underhanded Strike"],"picked":"Riddle With Holes","floor":0.0},{"not_picked":["Bane","Blade Dance"],"picked":"Deadly Poison","floor":0.0},{"not_picked":["Cloak And Dagger","Caltrops"],"picked":"Acrobatics","floor":0.0},{"not_picked":["Dagger Spray","Underhanded Strike"],"picked":"Expertise","floor":0.0},{"not_picked":["Blur","Prepared"],"picked":"Backflip","floor":1.0},{"not_picked":["Terror","Quick Slash","Flying Knee"],"picked":"SKIP","floor":5.0},{"not_picked":["Poisoned Stab","Quick Slash","Acrobatics"],"picked":"SKIP","floor":7.0},{"not_picked":["Backstab","Choke"],"picked":"Backflip","floor":8.0},{"not_picked":["A Thousand Cuts","Quick Slash"],"picked":"Flying Knee","floor":10.0},{"not_picked":["Underhanded Strike","Glass Knife"],"picked":"Prepared","floor":12.0},{"not_picked":["Poisoned Stab","Quick Slash"],"picked":"Calculated Gamble","floor":13.0},{"not_picked":["Sucker Punch","Heel Hook","Prepared"],"picked":"SKIP","floor":14.0},{"not_picked":["Corpse Explosion","Die Die Die"],"picked":"Adrenaline","floor":16.0},{"not_picked":["Cloak And Dagger","Caltrops"],"picked":"Outmaneuver+1","floor":18.0},{"not_picked":["Blade Dance","Cloak And Dagger","Deadly Poison+1"],"picked":"SKIP","floor":20.0},{"not_picked":["Sucker Punch","Quick Slash"],"picked":"Night Terror","floor":24.0},{"not_picked":["Doppelganger","Flying Knee"],"picked":"Venomology","floor":27.0},{"not_picked":["Outmaneuver","Underhanded Strike+1","Deadly Poison"],"picked":"SKIP","floor":30.0},{"not_picked":["Crippling Poison","Riddle With Holes+1","PiercingWail"],"picked":"SKIP","floor":31.0},{"not_picked":["Backstab","Deflect+1","Dagger Spray"],"picked":"SKIP","floor":35.0},{"not_picked":["Transmutation","Discovery"],"picked":"The Bomb","floor":36.0},{"not_picked":["Accuracy","Slice+1","Setup"],"picked":"SKIP","floor":37},{"not_picked":["PiercingWail","Dagger Throw","Flying Knee+1"],"picked":"SKIP","floor":38},{"not_picked":["Malaise","Slice+1"],"picked":"Catalyst+1","floor":40},{"not_picked":["Dodge and Roll","Endless Agony+1","Poisoned Stab+1"],"picked":"SKIP","floor":42},{"not_picked":["Poisoned Stab+1","Backflip","Distraction"],"picked":"SKIP","floor":45},{"not_picked":["Flying Knee","Cloak And Dagger+1"],"picked":"Prepared","floor":46},{"not_picked":["Prepared","Underhanded Strike","Accuracy"],"picked":"SKIP","floor":48}],"player_experience":345089,"relics_obtained":[{"floor":7.0,"key":"Oddly Smooth Stone"},{"floor":8.0,"key":"Odd Mushroom"},{"floor":9.0,"key":"Bronze Scales"},{"floor":10.0,"key":"Bottled Flame"},{"floor":12.0,"key":"War Paint"},{"floor":24.0,"key":"Mummified Hand"},{"floor":26.0,"key":"Mercury Hourglass"},{"floor":27.0,"key":"Snake Skull"},{"floor":30.0,"key":"Darkstone Periapt"},{"floor":40,"key":"Whetstone"},{"floor":43,"key":"Ancient Tea Set"},{"floor":43,"key":"Juzu Bracelet"},{"floor":46,"key":"Unceasing Top"},{"floor":48,"key":"PreservedInsect"}],"event_choices":[{"cards_removed":["Riddle With Holes"],"damage_healed":0.0,"max_hp_gain":0.0,"max_hp_loss":0.0,"gold_gain":0.0,"event_name":"The Cleric","player_choice":"Card Removal","floor":2.0,"gold_loss":50.0,"damage_taken":0.0},{"damage_healed":0.0,"max_hp_gain":5.0,"max_hp_loss":0.0,"gold_gain":0.0,"event_name":"Big Fish","player_choice":"Donut","floor":3.0,"gold_loss":0.0,"damage_taken":0.0},{"damage_healed":0.0,"max_hp_gain":0.0,"max_hp_loss":0.0,"gold_gain":75.0,"event_name":"World of Goop","player_choice":"Gather Gold","floor":4.0,"gold_loss":0.0,"damage_taken":11.0},{"damage_healed":0.0,"max_hp_gain":0.0,"max_hp_loss":0.0,"gold_gain":0.0,"event_name":"Mushrooms","player_choice":"Fought Mushrooms","floor":8.0,"gold_loss":0.0,"damage_taken":0.0},{"damage_healed":0.0,"max_hp_gain":0.0,"max_hp_loss":0.0,"gold_gain":0.0,"event_name":"Addict","player_choice":"Obtained Relic","floor":19.0,"gold_loss":85.0,"damage_taken":0.0,"relics_obtained":["Lantern"]},{"damage_healed":0.0,"max_hp_gain":0.0,"max_hp_loss":0.0,"gold_gain":0.0,"event_name":"The Library","player_choice":"Read","floor":21.0,"gold_loss":0.0,"damage_taken":0.0,"cards_obtained":["Burst"]},{"damage_healed":0.0,"max_hp_gain":5.0,"max_hp_loss":0.0,"gold_gain":0.0,"event_name":"Forgotten Altar","player_choice":"Shed Blood","floor":22.0,"gold_loss":0.0,"damage_taken":19.0},{"damage_healed":0.0,"max_hp_gain":0.0,"max_hp_loss":0.0,"gold_gain":0.0,"event_name":"The Mausoleum","player_choice":"Opened","floor":29.0,"gold_loss":0.0,"damage_taken":0.0,"relics_obtained":["Matryoshka"],"cards_obtained":["Writhe"]},{"damage_healed":0.0,"max_hp_gain":0.0,"max_hp_loss":0.0,"gold_gain":0.0,"event_name":"SensoryStone","player_choice":"Memory 1","floor":36.0,"gold_loss":0.0,"damage_taken":0.0},{"damage_healed":0,"gold_gain":0,"player_choice":"Max HP","damage_taken":0,"max_hp_gain":0,"max_hp_loss":4,"event_name":"Winding Halls","floor":39,"gold_loss":0},{"damage_healed":0,"gold_gain":0,"player_choice":"Copied","damage_taken":0,"max_hp_gain":0,"max_hp_loss":0,"event_name":"Duplicator","floor":44,"gold_loss":0,"cards_obtained":["Night Terror"]}],"is_beta":false,"boss_relics":[{"not_picked":["WristBlade","Tiny House"],"picked":"Ring of the Serpent"},{"not_picked":["SlaversCollar","Empty Cage"],"picked":"SacredBark"}],"items_purged_floors":[28,41],"is_endless":false,"potions_floor_spawned":[1,7,10,13,18,20,24,30,33,37,40],"ascension_level":4}}