{"host":"3y2rtlgteqp2nuo3","time":1613270991,"event":{"mods":["2.2 Compatiblity","AchievementEnabler","BaseMod","Colored Map","DeckTracker","Highlight Path","Keyboard Shortcuts","Minty Spire (QoL Compilation)","Permanent Neow","Quick Restart","StSLib","SuperFastMode","everything is the same but u backflip on backflip"],"gold_per_floor":[18,37,53,53,65,65,95,95,122,138,158,221,146,166,166,245,245,259,259,273,128,128,128,144,154,154,198,198,113,132,132,132],"floor_reached":31,"language":"KOR","playtime":624,"items_purged":["Strike_G","Strike_G"],"score":479,"play_id":"0cc793e4-f1c6-4454-b4cd-19aec075724b","local_time":"20210214114951","is_ascension_mode":true,"campfire_choices":[{"data":"Storm of Steel","floor":6.0,"key":"SMITH"},{"data":"Cloak And Dagger","floor":8.0,"key":"SMITH"},{"data":"Accuracy","floor":15.0,"key":"SMITH"},{"data":"Terror","floor":23.0,"key":"SMITH"},{"data":"Calculated Gamble","floor":28,"key":"SMITH"}],"circlet_count":0,"master_deck":["AscendersBane","Strike_G","Strike_G+1","Defend_G","Defend_G","Defend_G","Defend_G","Survivor","Neutralize","Unload","Storm of Steel+1","Cloak And Dagger+1","Finisher+1","Reflex","After Image","PiercingWail","Terror+1","Accuracy+1","Infinite Blades","Wraith Form v2","Calculated Gamble+1","Footwork","Tools of the Trade"],"relics":["Ring of the Snake","Dream Catcher","PreservedInsect","Whetstone","Akabeko","WristBlade","CeramicFish","Torii","Mango","Question Card"],"acts_visited":["Exordium","TheCity"],"potions_floor_usage":[27,27],"damage_taken":[{"damage":3.0,"enemies":"Small Slimes","floor":1.0,"turns":4.0},{"damage":1.0,"enemies":"2 Louse","floor":2.0,"turns":3.0},{"damage":0.0,"enemies":"Cultist","floor":3.0,"turns":3.0},{"damage":0.0,"enemies":"3 Louse","floor":5.0,"turns":4.0},{"damage":17.0,"enemies":"Lagavulin","floor":7.0,"turns":8.0},{"damage":4.0,"enemies":"Exordium Wildlife","floor":10.0,"turns":4.0},{"damage":5.0,"enemies":"Blue Slaver","floor":11.0,"turns":3.0},{"damage":10.0,"enemies":"3 Sentries","floor":12.0,"turns":6.0},{"damage":0.0,"enemies":"2 Fungi Beasts","floor":14.0,"turns":2.0},{"damage":5.0,"enemies":"Hexaghost","floor":16.0,"turns":7.0},{"damage":1.0,"enemies":"2 Thieves","floor":18.0,"turns":3.0},{"damage":0.0,"enemies":"Shell Parasite","floor":20.0,"turns":1.0},{"damage":9.0,"enemies":"Snake Plant","floor":24.0,"turns":5.0},{"damage":12.0,"enemies":"Snecko","floor":25.0,"turns":3.0},{"damage":16,"enemies":"Slavers","floor":27,"turns":6},{"damage":31,"enemies":"Chosen and Byrds","floor":30,"turns":6},{"damage":12,"enemies":"Snake Plant","floor":31,"turns":2}],"seed_played":"6807434579788567439","potions_obtained":[{"floor":3.0,"key":"Energy Potion"},{"floor":5.0,"key":"EntropicBrew"},{"floor":18.0,"key":"AttackPotion"}],"is_trial":false,"path_per_floor":["M","M","M","?","M","R","E","R","T","M","M","?","$","M","R","B",null,"M","?","M","$","T","R","M","M","T","E","R","?","M","M"],"character_chosen":"THE_SILENT","items_purchased":["Footwork"],"campfire_rested":0,"item_purchase_floors":[21],"current_hp_per_floor":[56,55,55,50,50,50,33,33,33,29,24,14,14,14,14,9,52,51,66,66,66,66,66,57,45,45,43,43,43,12,0,0],"gold":132,"neow_bonus":"TRANSFORM_TWO_CARDS","is_daily":false,"chose_seed":false,"campfire_upgraded":5,"win_rate":0.0,"timestamp":1613270991,"path_taken":["M","M","M","?","M","R","E","R","T","M","M","?","$","M","R","BOSS","M","?","M","$","?","R","M","M","T","E","R","?","?","M"],"items_purchased_type":["Card"],"build_version":"2020-12-22","purchased_purges":2,"victory":false,"max_hp_per_floor":[66,66,66,66,66,66,66,66,66,66,66,66,66,66,66,66,66,66,66,66,66,66,66,66,66,66,80,80,80,80,80,80],"card_choices":[{"not_picked":["Quick Slash","Acrobatics"],"picked":"Cloak And Dagger","floor":1.0},{"not_picked":["Deadly Poison","Dash"],"picked":"Finisher","floor":2.0},{"not_picked":["Blur","Sucker Punch"],"picked":"Reflex","floor":3.0},{"not_picked":["Choke","Poisoned Stab"],"picked":"After Image","floor":5.0},{"not_picked":["Quick Slash","Venomology"],"picked":"PiercingWail","floor":7.0},{"not_picked":["Deflect","Underhanded Strike"],"picked":"Terror","floor":10.0},{"not_picked":["Blade Dance","Dagger Spray"],"picked":"Accuracy","floor":11.0},{"not_picked":["Quick Slash","Dagger Spray"],"picked":"Infinite Blades","floor":14.0},{"not_picked":["Night Terror","Corpse Explosion"],"picked":"Wraith Form v2","floor":16.0},{"not_picked":["Poisoned Stab","Acrobatics","Backflip"],"picked":"SKIP","floor":18.0},{"not_picked":["Escape Plan","PiercingWail+1"],"picked":"Calculated Gamble","floor":20.0},{"not_picked":["Acrobatics","Flying Knee","All Out Attack+1"],"picked":"SKIP","floor":24.0},{"not_picked":["Bane","Deflect","Slice"],"picked":"SKIP","floor":25.0},{"not_picked":["Deflect","Outmaneuver+1"],"picked":"Tools of the Trade","floor":27},{"not_picked":["Dodge and Roll","Deflect+1","Dash","PiercingWail"],"picked":"SKIP","floor":30}],"player_experience":783854,"relics_obtained":[{"floor":7.0,"key":"PreservedInsect"},{"floor":9.0,"key":"Whetstone"},{"floor":12.0,"key":"Akabeko"},{"floor":22.0,"key":"CeramicFish"},{"floor":26.0,"key":"Torii"},{"floor":27,"key":"Mango"}],"event_choices":[{"damage_healed":0.0,"max_hp_gain":0.0,"max_hp_loss":0.0,"gold_gain":0.0,"event_name":"Scrap Ooze","player_choice":"Success","floor":4.0,"gold_loss":0.0,"damage_taken":5.0,"relics_obtained":["Dream Catcher"]},{"damage_healed":0.0,"max_hp_gain":0.0,"max_hp_loss":0.0,"gold_gain":30.0,"event_name":"Dead Adventurer","player_choice":"Searched \u00273\u0027 times","floor":12.0,"gold_loss":0.0,"damage_taken":0.0},{"damage_healed":15.0,"max_hp_gain":0.0,"max_hp_loss":0.0,"gold_gain":0.0,"event_name":"Wheel of Change","player_choice":"Full Heal","floor":19.0,"gold_loss":0.0,"damage_taken":0.0},{"damage_healed":0,"gold_gain":0,"player_choice":"Obtained Relic","damage_taken":0,"relics_obtained":["Question Card"],"max_hp_gain":0,"max_hp_loss":0,"event_name":"Addict","floor":29,"gold_loss":85}],"is_beta":false,"boss_relics":[{"not_picked":["Runic Dome","Calling Bell"],"picked":"WristBlade"}],"items_purged_floors":[13,21],"is_endless":false,"potions_floor_spawned":[3,5,10,12,14,18,24],"killed_by":"Snake Plant","ascension_level":17}}