{"host":"ydg0vn0pu4pubmdt","time":1613338101,"event":{"mods":["AchievementEnabler","BaseMod","Colored Map","Gold Saver","Minty Spire (QoL Compilation)","Quick Restart","SuperFastMode"],"gold_per_floor":[278,289,289,303,9,9,21,21,21,21,21,39,39,39,39,114,114,128,104,124,124,135,135,146,146,146,160,160,3,3,17,17,89,89,106,123,23,36,47,76,86,116,140,140,172,191,225,238,238,238,238,238],"floor_reached":51,"language":"KOR","playtime":1883,"items_purged":["Strike_G","Strike_G"],"score":1601,"play_id":"4efe57a4-2b7f-449a-84c5-a5dde533da11","local_time":"20210215062821","is_ascension_mode":true,"campfire_choices":[{"data":"Poisoned Stab","floor":6.0,"key":"SMITH"},{"floor":10.0,"key":"REST"},{"data":"Blade Dance","floor":13.0,"key":"SMITH"},{"data":"Neutralize","floor":15.0,"key":"SMITH"},{"floor":23.0,"key":"REST"},{"data":"Catalyst","floor":25.0,"key":"SMITH"},{"data":"Wraith Form v2","floor":32.0,"key":"SMITH"},{"data":"Well Laid Plans","floor":44.0,"key":"SMITH"},{"floor":49.0,"key":"RECALL"}],"circlet_count":0,"master_deck":["AscendersBane","Defend_G","Defend_G","Survivor","Neutralize+1","Catalyst+1","Poisoned Stab+1","Blade Dance+1","After Image","Corpse Explosion+1","Noxious Fumes+1","Blade Dance+1","PiercingWail","Well Laid Plans+1","Crippling Poison+1","Concentrate","Wraith Form v2+1","Prepared+1","Calculated Gamble","Bouncing Flask+1"],"relics":["Ring of the Snake","The Specimen","Strange Spoon","HornCleat","CaptainsWheel","Astrolabe","Singing Bowl","TwistedFunnel","HoveringKite","Kunai","Gremlin Horn","Centennial Puzzle","Dream Catcher"],"acts_visited":["Exordium","TheCity","TheBeyond"],"potions_floor_usage":[50],"damage_taken":[{"damage":4.0,"enemies":"2 Louse","floor":1.0,"turns":2.0},{"damage":8.0,"enemies":"Jaw Worm","floor":2.0,"turns":7.0},{"damage":9.0,"enemies":"Small Slimes","floor":4.0,"turns":4.0},{"damage":16.0,"enemies":"Red Slaver","floor":7.0,"turns":5.0},{"damage":2.0,"enemies":"3 Louse","floor":12.0,"turns":4.0},{"damage":67.0,"enemies":"Hexaghost","floor":16.0,"turns":12.0},{"damage":0.0,"enemies":"3 Byrds","floor":18.0,"turns":2.0},{"damage":15.0,"enemies":"2 Thieves","floor":19.0,"turns":4.0},{"damage":8.0,"enemies":"Snecko","floor":20.0,"turns":6.0},{"damage":16.0,"enemies":"Cultist and Chosen","floor":22.0,"turns":6.0},{"damage":0.0,"enemies":"3 Cultists","floor":24.0,"turns":3.0},{"damage":0.0,"enemies":"Chosen and Byrds","floor":27.0,"turns":4.0},{"damage":4.0,"enemies":"Snake Plant","floor":31.0,"turns":4.0},{"damage":20.0,"enemies":"Automaton","floor":33.0,"turns":7.0},{"damage":0.0,"enemies":"3 Darklings","floor":35.0,"turns":4.0},{"damage":0.0,"enemies":"Orb Walker","floor":36.0,"turns":3.0},{"damage":8.0,"enemies":"Transient","floor":38.0,"turns":6.0},{"damage":0.0,"enemies":"4 Shapes","floor":39.0,"turns":3.0},{"damage":3.0,"enemies":"Nemesis","floor":40.0,"turns":5.0},{"damage":4.0,"enemies":"Sphere and 2 Shapes","floor":41.0,"turns":4.0},{"damage":0.0,"enemies":"Reptomancer","floor":42.0,"turns":4.0},{"damage":21.0,"enemies":"Nemesis","floor":45.0,"turns":7.0},{"damage":12.0,"enemies":"Writhing Mass","floor":46.0,"turns":4.0},{"damage":0.0,"enemies":"Reptomancer","floor":47.0,"turns":5.0},{"damage":2.0,"enemies":"Jaw Worm Horde","floor":48.0,"turns":2.0},{"damage":12,"enemies":"Donu and Deca","floor":50,"turns":7},{"damage":37,"enemies":"Time Eater","floor":51,"turns":5}],"seed_played":"-1169543561971027699","potions_obtained":[{"floor":1.0,"key":"ColorlessPotion"},{"floor":4.0,"key":"FairyPotion"},{"floor":12.0,"key":"Regen Potion"},{"floor":19.0,"key":"LiquidMemories"},{"floor":22.0,"key":"AttackPotion"},{"floor":42.0,"key":"Fruit Juice"},{"floor":45.0,"key":"Block Potion"},{"floor":46.0,"key":"Explosive Potion"},{"floor":48.0,"key":"DistilledChaos"}],"is_trial":false,"path_per_floor":["M","M","?","M","$","R","M","?","T","R","$","M","R","?","R","B",null,"M","M","M","?","M","R","M","R","T","M","?","$","$","M","R","B",null,"M","M","$","M","M","E","M","E","T","R","E","M","E","M","R","B","B"],"character_chosen":"THE_SILENT","items_purchased":["ColorlessPotion","Strange Spoon","TwistedFunnel"],"campfire_rested":2,"item_purchase_floors":[5,5,29],"current_hp_per_floor":[55,47,52,43,43,43,27,20,20,39,39,37,37,37,37,6,50,50,35,27,27,11,30,30,30,30,32,32,32,32,30,30,12,56,58,58,58,52,54,51,49,54,54,54,35,25,27,27,27,15,0,0],"gold":238,"neow_bonus":"ONE_RARE_RELIC","is_daily":false,"chose_seed":false,"campfire_upgraded":6,"win_rate":0.0,"timestamp":1613338101,"path_taken":["M","M","?","M","$","R","M","?","T","R","?","M","R","?","R","BOSS","M","M","M","?","M","R","M","R","T","M","?","$","?","M","R","BOSS","M","M","$","M","M","E","M","E","T","R","E","M","E","M","R","BOSS","BOSS"],"items_purchased_type":["Potion","Relic","Relic"],"build_version":"2020-12-22","purchased_purges":2,"victory":false,"max_hp_per_floor":[60,60,65,65,65,65,65,65,65,65,65,65,65,65,65,65,65,65,65,65,65,65,65,65,65,65,67,67,67,67,69,69,71,71,73,73,73,75,77,77,79,84,84,84,86,88,90,92,92,92,92,92],"card_choices":[{"not_picked":["Calculated Gamble","Choke"],"picked":"Catalyst","floor":1.0},{"not_picked":["PiercingWail","Slice"],"picked":"Poisoned Stab","floor":2.0},{"not_picked":["PiercingWail","Dodge and Roll","Finisher"],"picked":"SKIP","floor":4.0},{"not_picked":["Acrobatics","Dagger Throw"],"picked":"Blade Dance","floor":7.0},{"not_picked":["PiercingWail","Expertise","A Thousand Cuts"],"picked":"SKIP","floor":12.0},{"not_picked":["Venomology","Die Die Die"],"picked":"After Image","floor":16.0},{"not_picked":["Expertise","Blade Dance","PiercingWail"],"picked":"SKIP","floor":18.0},{"not_picked":["Expertise","Blade Dance"],"picked":"PiercingWail","floor":18.0},{"not_picked":["Acrobatics+1","Infinite Blades"],"picked":"Well Laid Plans","floor":19.0},{"not_picked":["Blade Dance","Poisoned Stab"],"picked":"Crippling Poison+1","floor":20.0},{"not_picked":["Acrobatics","Prepared","Distraction"],"picked":"SKIP","floor":22.0},{"not_picked":["Setup","Dagger Spray+1","Bane+1"],"picked":"SKIP","floor":24.0},{"not_picked":["Dodge and Roll","A Thousand Cuts","Prepared"],"picked":"Singing Bowl","floor":27.0},{"not_picked":["Choke","Cloak And Dagger","Prepared"],"picked":"Singing Bowl","floor":31.0},{"not_picked":["Grand Finale","Unload","Doppelganger"],"picked":"Singing Bowl","floor":33.0},{"not_picked":["Deadly Poison","Quick Slash","Dagger Spray"],"picked":"Singing Bowl","floor":35.0},{"not_picked":["Dagger Throw","Sucker Punch+1"],"picked":"Prepared+1","floor":36.0},{"not_picked":["Catalyst","Deflect","Dagger Spray+1"],"picked":"Singing Bowl","floor":38.0},{"not_picked":["Predator","Dagger Throw","Slice"],"picked":"Singing Bowl","floor":39.0},{"not_picked":["Bane+1","Choke+1"],"picked":"Calculated Gamble","floor":40.0},{"not_picked":["Deflect+1","Sucker Punch+1","Quick Slash"],"picked":"Singing Bowl","floor":41.0},{"not_picked":["Acrobatics","Endless Agony+1"],"picked":"Bouncing Flask+1","floor":42.0},{"not_picked":["Dodge and Roll","Venomology","Leg Sweep"],"picked":"Singing Bowl","floor":45.0},{"not_picked":["Skewer","Deadly Poison+1","Dodge and Roll"],"picked":"Singing Bowl","floor":46.0},{"not_picked":["Caltrops+1","Concentrate","Riddle With Holes"],"picked":"Singing Bowl","floor":47.0},{"not_picked":["Catalyst","Tactician","PiercingWail"],"picked":"Singing Bowl","floor":48.0}],"player_experience":558639,"relics_obtained":[{"floor":9.0,"key":"HornCleat"},{"floor":14.0,"key":"CaptainsWheel"},{"floor":26.0,"key":"Singing Bowl"},{"floor":40.0,"key":"Kunai"},{"floor":42.0,"key":"Gremlin Horn"},{"floor":45.0,"key":"Centennial Puzzle"},{"floor":47.0,"key":"Dream Catcher"}],"event_choices":[{"damage_healed":0.0,"max_hp_gain":5.0,"max_hp_loss":0.0,"gold_gain":0.0,"event_name":"Big Fish","player_choice":"Donut","floor":3.0,"gold_loss":0.0,"damage_taken":0.0},{"cards_removed":["Strike_G"],"damage_healed":0.0,"max_hp_gain":0.0,"max_hp_loss":0.0,"gold_gain":0.0,"event_name":"Golden Wing","player_choice":"Card Removal","floor":8.0,"gold_loss":0.0,"damage_taken":7.0},{"damage_healed":0.0,"max_hp_gain":0.0,"max_hp_loss":0.0,"gold_gain":0.0,"event_name":"Wheel of Change","player_choice":"Relic","floor":14.0,"gold_loss":0.0,"damage_taken":0.0},{"damage_healed":0.0,"max_hp_gain":0.0,"max_hp_loss":0.0,"gold_gain":0.0,"event_name":"Cursed Tome","player_choice":"Ignored","floor":21.0,"gold_loss":0.0,"damage_taken":0.0},{"damage_healed":0.0,"max_hp_gain":0.0,"max_hp_loss":0.0,"gold_gain":0.0,"cards_transformed":["Strike_G","Defend_G"],"event_name":"Drug Dealer","player_choice":"Became Test Subject","floor":28.0,"gold_loss":0.0,"damage_taken":0.0,"cards_obtained":["Concentrate","Wraith Form v2"]}],"is_beta":false,"boss_relics":[{"not_picked":["SlaversCollar","Snecko Eye"],"picked":"Astrolabe"},{"not_picked":["Busted Crown","Pandora\u0027s Box"],"picked":"HoveringKite"}],"items_purged_floors":[5,37],"is_endless":false,"potions_floor_spawned":[1,4,12,19,22,27,33,36,39,42,45,46,48],"killed_by":"Time Eater","ascension_level":20}}