{"host":"zlmf7uudqr1sj8t0","time":1613284021,"event":{"mods":["BaseMod","Colored Map","DeckTracker","Highlight Path","Minty Spire (QoL Compilation)","Practice Mode"],"gold_per_floor":[111,111,131,131,146,146,146,171,194,251,286,266,285,133,133,233,233,245,245,96,96,96,125,143,175,175,175,202,214,214,232,232,336,336,355,44,62,89,101,101,101,101],"floor_reached":41,"language":"ENG","playtime":3122,"items_purged":["Coolheaded+1"],"score":583,"play_id":"31e34077-fd9f-4618-8385-09d2a3f13139","local_time":"20210213222701","is_ascension_mode":true,"campfire_choices":[{"data":"Sunder","floor":6,"key":"SMITH"},{"floor":15,"key":"REST"},{"data":"Echo Form","floor":30,"key":"SMITH"},{"data":"White Noise","floor":32,"key":"SMITH"}],"circlet_count":0,"master_deck":["Strike_B","Strike_B+1","Defend_B","Defend_B","Defend_B+1","Zap+1","Dualcast+1","Streamline+1","Ball Lightning","Glacier","Sunder+1","Skim","White Noise+1","Chaos","Leap","Ball Lightning","Sweeping Beam+1","Echo Form+1","Self Repair","Ghostly","Ghostly","Ghostly","Ghostly","Ghostly","Steam Power+1","Creative AI","Conserve Battery+1","Undo+1","Ball Lightning+1","Madness","Madness"],"relics":["Cracked Core","Centennial Puzzle","Tiny Chest","Smiling Mask","Orrery","Velvet Choker","Pen Nib","Anchor","Enchiridion","Whetstone","Lantern","Strawberry","Astrolabe","Pantograph","Bag of Preparation"],"acts_visited":["Exordium","TheCity","TheBeyond"],"potions_floor_usage":[13,23],"damage_taken":[{"damage":0,"enemies":"Small Slimes","floor":1,"turns":2},{"damage":2,"enemies":"2 Louse","floor":3,"turns":2},{"damage":0,"enemies":"Cultist","floor":5,"turns":2},{"damage":12,"enemies":"Lagavulin","floor":8,"turns":4},{"damage":13,"enemies":"Gremlin Nob","floor":11,"turns":3},{"damage":0,"enemies":"Exordium Wildlife","floor":13,"turns":3},{"damage":10,"enemies":"The Guardian","floor":16,"turns":10},{"damage":6,"enemies":"Shell Parasite","floor":18,"turns":5},{"damage":19,"enemies":"Gremlin Leader","floor":23,"turns":8},{"damage":1,"enemies":"2 Thieves","floor":24,"turns":2},{"damage":3,"enemies":"Slavers","floor":25,"turns":4},{"damage":14,"enemies":"Book of Stabbing","floor":28,"turns":6},{"damage":0,"enemies":"Snake Plant","floor":29,"turns":5},{"damage":2,"enemies":"Chosen and Byrds","floor":31,"turns":5},{"damage":0,"enemies":"Champ","floor":33,"turns":10},{"damage":1,"enemies":"3 Shapes","floor":35,"turns":4},{"damage":4,"enemies":"3 Darklings","floor":37,"turns":6},{"damage":3,"enemies":"Transient","floor":39,"turns":5},{"damage":48,"enemies":"Nemesis","floor":41,"turns":8}],"seed_played":"4318737115571500010","potions_obtained":[{"floor":1,"key":"DistilledChaos"},{"floor":5,"key":"BlessingOfTheForge"},{"floor":12,"key":"Regen Potion"},{"floor":16,"key":"SteroidPotion"},{"floor":18,"key":"Block Potion"},{"floor":23,"key":"SmokeBomb"},{"floor":28,"key":"PotionOfCapacity"}],"is_trial":false,"path_per_floor":["M","?","M","?","M","R","?","E","T","?","E","?","M","$","R","B",null,"M","T","$","?","?","E","M","E","T","?","E","M","R","M","R","B",null,"M","$","M","T","M","?","E"],"character_chosen":"DEFECT","items_purchased":["Orrery","Anchor","Pantograph"],"campfire_rested":1,"item_purchase_floors":[14,20,36],"current_hp_per_floor":[75,75,73,73,73,73,58,46,46,46,33,33,33,33,55,45,75,69,69,69,53,37,34,33,37,37,37,37,44,44,44,44,44,44,43,43,44,44,44,38,0,0],"gold":101,"neow_bonus":"UPGRADE_CARD","is_daily":false,"chose_seed":false,"campfire_upgraded":3,"win_rate":0.0,"timestamp":1613284021,"path_taken":["M","?","M","?","?","R","?","E","T","?","E","?","?","$","R","BOSS","M","?","$","?","?","E","M","E","T","?","E","M","R","M","R","BOSS","M","$","M","?","M","?","E"],"items_purchased_type":["Relic","Relic","Relic"],"build_version":"2020-12-22","purchased_purges":1,"victory":false,"max_hp_per_floor":[75,75,75,75,75,75,75,75,75,75,75,75,75,75,75,75,75,75,75,75,75,37,37,37,37,37,37,44,44,44,44,44,44,44,44,44,44,44,44,44,44,44],"card_choices":[{"not_picked":["Undo","Glacier"],"picked":"Streamline","floor":1},{"not_picked":["Hello World","Melter"],"picked":"Ball Lightning","floor":3},{"not_picked":["Redo","Blizzard"],"picked":"Sunder","floor":5},{"not_picked":["Cold Snap","Scrape"],"picked":"Skim","floor":8},{"not_picked":["Beam Cell","Heatsinks"],"picked":"White Noise","floor":11},{"not_picked":["Turbo","Coolheaded","Blizzard"],"picked":"SKIP","floor":13},{"not_picked":["Stack","Barrage"],"picked":"Chaos","floor":14},{"not_picked":["Hologram","All For One"],"picked":"Leap","floor":14},{"not_picked":["Undo","Coolheaded"],"picked":"Turbo","floor":14},{"not_picked":["Gash","Leap"],"picked":"Ball Lightning","floor":14},{"not_picked":["Glacier","Consume"],"picked":"Sweeping Beam","floor":14},{"not_picked":["Amplify","Thunder Strike"],"picked":"Echo Form","floor":16},{"not_picked":["Redo+1","Compile Driver"],"picked":"Self Repair","floor":18},{"not_picked":["Auto Shields","Capacitor","Hologram"],"picked":"SKIP","floor":23},{"not_picked":["Go for the Eyes","Stack"],"picked":"Steam Power+1","floor":24},{"not_picked":["Coolheaded","Doom and Gloom+1","Barrage+1"],"picked":"SKIP","floor":25},{"not_picked":["All For One","Coolheaded","Capacitor"],"picked":"SKIP","floor":28},{"not_picked":["Ball Lightning","Capacitor","Aggregate+1"],"picked":"SKIP","floor":29},{"not_picked":["Conserve Battery","Blizzard","Chill"],"picked":"SKIP","floor":31},{"not_picked":["Machine Learning","Fission"],"picked":"Creative AI","floor":33},{"not_picked":["Compile Driver","Sweeping Beam","Hologram+1"],"picked":"SKIP","floor":35},{"not_picked":["Turbo","Compile Driver"],"picked":"Ball Lightning+1","floor":37},{"not_picked":["Turbo","Gash+1","Genetic Algorithm+1"],"picked":"SKIP","floor":39}],"player_experience":126060,"relics_obtained":[{"floor":8,"key":"Centennial Puzzle"},{"floor":9,"key":"Tiny Chest"},{"floor":11,"key":"Smiling Mask"},{"floor":19,"key":"Pen Nib"},{"floor":21,"key":"Enchiridion"},{"floor":23,"key":"Whetstone"},{"floor":25,"key":"Lantern"},{"floor":28,"key":"Strawberry"},{"floor":38,"key":"Bag of Preparation"}],"event_choices":[{"damage_healed":0,"gold_gain":0,"player_choice":"Grow","damage_taken":0,"max_hp_gain":0,"max_hp_loss":0,"event_name":"Living Wall","floor":2,"gold_loss":0,"cards_upgraded":["Streamline"]},{"damage_healed":0,"gold_gain":0,"cards_transformed":["Strike_B"],"player_choice":"Transformed","damage_taken":0,"max_hp_gain":0,"max_hp_loss":0,"event_name":"Transmorgrifier","floor":4,"gold_loss":0,"cards_obtained":["Glacier"]},{"damage_healed":0,"gold_gain":0,"player_choice":"Entered Light","damage_taken":15,"max_hp_gain":0,"max_hp_loss":0,"event_name":"Shining Light","floor":7,"gold_loss":0,"cards_upgraded":["Zap","Defend_B"]},{"damage_healed":0,"gold_gain":57,"player_choice":"Gained Gold","damage_taken":0,"max_hp_gain":0,"max_hp_loss":0,"event_name":"Golden Wing","floor":10,"gold_loss":0},{"damage_healed":0,"gold_gain":0,"player_choice":"Bought 1 Potion","damage_taken":0,"max_hp_gain":0,"max_hp_loss":0,"event_name":"The Woman in Blue","floor":12,"gold_loss":0},{"damage_healed":0,"gold_gain":0,"player_choice":"Obtained Book","damage_taken":16,"max_hp_gain":0,"max_hp_loss":0,"event_name":"Cursed Tome","floor":21,"gold_loss":0},{"damage_healed":0,"gold_gain":0,"player_choice":"Became a Ghost","damage_taken":0,"max_hp_gain":0,"max_hp_loss":38,"event_name":"Ghosts","floor":22,"gold_loss":0,"cards_obtained":["Ghostly","Ghostly","Ghostly","Ghostly","Ghostly"]},{"damage_healed":0,"gold_gain":0,"cards_transformed":["Defend_B","Strike_B"],"player_choice":"Became Test Subject","damage_taken":0,"max_hp_gain":0,"max_hp_loss":0,"event_name":"Drug Dealer","floor":27,"gold_loss":0,"cards_obtained":["Chill","Meteor Strike"]},{"damage_healed":0,"gold_gain":0,"player_choice":"Embrace Madness","damage_taken":6,"max_hp_gain":0,"max_hp_loss":0,"event_name":"Winding Halls","floor":40,"gold_loss":0,"cards_obtained":["Madness","Madness"]}],"is_beta":false,"boss_relics":[{"not_picked":["Empty Cage","Coffee Dripper"],"picked":"Velvet Choker"},{"not_picked":["Runic Dome","Black Star"],"picked":"Astrolabe"}],"items_purged_floors":[36],"is_endless":false,"potions_floor_spawned":[1,5,16,18,23,28,33,35],"killed_by":"Nemesis","ascension_level":2}}