{"host":"mg6qqnp83j5r6p2r","time":1613273350,"event":{"mods":["Alarm Clock","BaseMod","Block Reminder","Colored Map","Colored Powertips","Dark Map","Highlight Path","Minty Spire (QoL Compilation)","Random Character Button","Rare Cards Sparkle","Relic Sorter","Relic Stats","StSLib"],"gold_per_floor":[115,135,151,163,163,197,217,217,217,217,217,217,44,76,76,76,76],"floor_reached":16,"language":"ENG","playtime":804,"items_purged":[],"score":142,"play_id":"d267df0b-1b03-4ef7-8dcc-4735cf073585","local_time":"20210213212910","is_ascension_mode":true,"campfire_choices":[{"floor":10,"key":"REST"},{"data":"Backflip","floor":12,"key":"SMITH"},{"floor":15,"key":"RECALL"}],"circlet_count":0,"master_deck":["Strike_G","Strike_G","Strike_G","Strike_G","Strike_G","Defend_G","Defend_G","Defend_G","Defend_G","Defend_G","Survivor","Neutralize+1","Deflect","Slice","Skewer","Flying Knee","Backflip+1","PiercingWail","Cloak And Dagger"],"relics":["Ring of the Snake","StrikeDummy","Odd Mushroom","Thread and Needle","Lantern","The Specimen"],"acts_visited":["Exordium"],"potions_floor_usage":[6,8],"damage_taken":[{"damage":2,"enemies":"Cultist","floor":1,"turns":4},{"damage":3,"enemies":"2 Louse","floor":2,"turns":4},{"damage":0,"enemies":"Small Slimes","floor":3,"turns":3},{"damage":1,"enemies":"2 Fungi Beasts","floor":4,"turns":5},{"damage":12,"enemies":"3 Sentries","floor":6,"turns":8},{"damage":22,"enemies":"The Mushroom Lair","floor":7,"turns":5},{"damage":24,"enemies":"Lagavulin","floor":8,"turns":8},{"damage":21,"enemies":"Gremlin Nob","floor":14,"turns":4},{"damage":33,"enemies":"The Guardian","floor":16,"turns":15}],"seed_played":"-7382052361680165307","potions_obtained":[{"floor":2,"key":"AttackPotion"},{"floor":6,"key":"SmokeBomb"}],"is_trial":false,"path_per_floor":["M","M","M","M","?","E","?","E","T","R","?","R","$","E","R","B"],"character_chosen":"THE_SILENT","items_purchased":["Lantern","PiercingWail"],"campfire_rested":1,"item_purchase_floors":[13,13],"current_hp_per_floor":[68,65,65,64,64,52,30,6,6,27,50,50,50,29,29,0,0],"gold":76,"neow_bonus":"UPGRADE_CARD","is_daily":false,"chose_seed":false,"campfire_upgraded":1,"win_rate":0.0,"timestamp":1613273350,"path_taken":["M","?","M","?","?","E","?","E","T","R","?","R","?","E","R","BOSS"],"items_purchased_type":["Relic","Card"],"build_version":"2020-12-22","purchased_purges":0,"victory":false,"max_hp_per_floor":[70,70,70,70,70,70,70,70,70,70,70,70,70,70,70,70,70],"relic_stats":{"counters":[9,56],"obtain_stats":[{"Lantern":13,"The Specimen":14,"Thread and Needle":9,"Odd Mushroom":7,"StrikeDummy":6,"Ring of the Snake":0},{"Lantern":7,"The Specimen":8,"Thread and Needle":7,"Odd Mushroom":6,"StrikeDummy":5,"Ring of the Snake":0},{"Lantern":37,"The Specimen":41,"Thread and Needle":37,"Odd Mushroom":29,"StrikeDummy":24,"Ring of the Snake":0}],"Ring of the Snake":[18]},"card_choices":[{"not_picked":["Dodge and Roll","Calculated Gamble"],"picked":"Deflect","floor":1},{"not_picked":["Deadly Poison","Poisoned Stab"],"picked":"Slice","floor":2},{"not_picked":["Slice","Prepared"],"picked":"Skewer","floor":3},{"not_picked":["Dagger Spray","Deflect"],"picked":"Flying Knee","floor":4},{"not_picked":["Escape Plan","Bouncing Flask"],"picked":"Backflip","floor":6},{"not_picked":["Eviscerate","Flying Knee"],"picked":"Cloak And Dagger","floor":14}],"player_experience":249173,"relics_obtained":[{"floor":6,"key":"StrikeDummy"},{"floor":7,"key":"Odd Mushroom"},{"floor":9,"key":"Thread and Needle"},{"floor":14,"key":"The Specimen"}],"event_choices":[{"damage_healed":0,"gold_gain":0,"player_choice":"Ignored","damage_taken":0,"max_hp_gain":0,"max_hp_loss":0,"event_name":"Liars Game","floor":5,"gold_loss":0},{"damage_healed":0,"gold_gain":0,"player_choice":"Fought Mushrooms","damage_taken":0,"max_hp_gain":0,"max_hp_loss":0,"event_name":"Mushrooms","floor":7,"gold_loss":0},{"damage_healed":23,"gold_gain":0,"player_choice":"Banana","damage_taken":0,"max_hp_gain":0,"max_hp_loss":0,"event_name":"Big Fish","floor":11,"gold_loss":0}],"is_beta":false,"boss_relics":[],"items_purged_floors":[],"is_endless":false,"potions_floor_spawned":[2,6,8],"killed_by":"The Guardian","ascension_level":4}}