{"host":"prxrhpgaxnj4om9r","time":1613303069,"event":{"mods":["AchievementEnabler","BaseMod","DeckTracker","Minty Spire (QoL Compilation)"],"gold_per_floor":[113,128,128,146,161,186,186,186,186,186,217,40,58,77,77,181,181,199,199,199,219,230,230,230,256,309,309,334,360,360,372,372,372,372],"floor_reached":33,"language":"KOR","playtime":1615,"items_purged":[],"score":354,"play_id":"c82ac8bb-ae80-43ec-be11-8a6fe93a0df4","local_time":"20210214204429","is_ascension_mode":true,"campfire_choices":[{"data":"Fire Breathing","floor":8,"key":"SMITH"},{"data":"Armaments","floor":10,"key":"SMITH"},{"data":"Seeing Red","floor":15,"key":"SMITH"},{"data":"Body Slam","floor":23,"key":"SMITH"},{"floor":27,"key":"REST"},{"data":"Limit Break","floor":30,"key":"SMITH"},{"floor":32,"key":"REST"}],"circlet_count":0,"master_deck":["Strike_R","Strike_R","Strike_R","Strike_R","Strike_R","Defend_R","Defend_R","Defend_R","Defend_R","Bash","Dramatic Entrance","Fire Breathing+1","Body Slam+1","Armaments+1","Flame Barrier","Intimidate","Seeing Red+1","Clash","Shrug It Off","Spot Weakness","Limit Break+1","Battle Trance","Heavy Blade","Searing Blow","True Grit+1","Reckless Charge+1","Body Slam+1"],"relics":["Burning Blood","Orichalcum","HornCleat","Boot","Art of War","ClockworkSouvenir","Runic Cube","PreservedInsect","Tiny Chest","Happy Flower","StrikeDummy","Red Mask"],"acts_visited":["Exordium","TheCity"],"potions_floor_usage":[16,16,18,21,33,33],"damage_taken":[{"damage":0,"enemies":"2 Louse","floor":1,"turns":1},{"damage":6,"enemies":"Cultist","floor":2,"turns":3},{"damage":7,"enemies":"Small Slimes","floor":4,"turns":3},{"damage":0,"enemies":"3 Louse","floor":5,"turns":2},{"damage":38,"enemies":"3 Sentries","floor":6,"turns":8},{"damage":17,"enemies":"Lagavulin","floor":11,"turns":7},{"damage":8,"enemies":"Blue Slaver","floor":13,"turns":2},{"damage":12,"enemies":"Large Slime","floor":14,"turns":5},{"damage":6,"enemies":"Hexaghost","floor":16,"turns":7},{"damage":5,"enemies":"3 Byrds","floor":18,"turns":4},{"damage":4,"enemies":"Shell Parasite","floor":21,"turns":3},{"damage":17,"enemies":"Centurion and Healer","floor":22,"turns":4},{"damage":42,"enemies":"Slavers","floor":25,"turns":5},{"damage":13,"enemies":"Book of Stabbing","floor":28,"turns":4},{"damage":0,"enemies":"Masked Bandits","floor":29,"turns":4},{"damage":40,"enemies":"3 Cultists","floor":31,"turns":7},{"damage":57,"enemies":"Collector","floor":33,"turns":7}],"seed_played":"7897687848287021841","potions_obtained":[{"floor":2,"key":"SpeedPotion"},{"floor":11,"key":"LiquidBronze"},{"floor":13,"key":"ColorlessPotion"},{"floor":14,"key":"Energy Potion"},{"floor":16,"key":"ColorlessPotion"},{"floor":28,"key":"Dexterity Potion"},{"floor":29,"key":"SpeedPotion"}],"is_trial":false,"path_per_floor":["M","M","?","M","M","E","?","R","T","R","E","$","M","M","R","B",null,"M","?","?","M","M","R","T","E","T","R","E","?","R","M","R","B"],"character_chosen":"IRONCLAD","items_purchased":["ClockworkSouvenir","Clash"],"campfire_rested":2,"item_purchase_floors":[12,12],"current_hp_per_floor":[80,80,80,79,80,48,53,53,53,53,42,42,40,34,34,34,85,85,85,85,85,74,74,74,38,38,63,56,62,62,28,53,0,0],"gold":372,"neow_bonus":"RANDOM_COLORLESS","is_daily":false,"chose_seed":false,"campfire_upgraded":5,"win_rate":0.0,"timestamp":1613303069,"path_taken":["M","M","?","?","M","E","?","R","T","R","E","$","M","M","R","BOSS","M","?","?","M","M","R","?","E","T","R","E","?","R","M","R","BOSS"],"items_purchased_type":["Relic","Card"],"build_version":"2020-12-22","purchased_purges":0,"victory":false,"max_hp_per_floor":[80,80,80,80,80,80,85,85,85,85,85,85,85,85,85,85,85,85,85,85,85,85,85,85,85,85,85,85,85,85,85,85,85,85],"card_choices":[{"not_picked":["Impatience","Enlightenment"],"picked":"Dramatic Entrance","floor":0},{"not_picked":["Havoc","Reckless Charge"],"picked":"Fire Breathing","floor":1},{"not_picked":["Anger","Twin Strike"],"picked":"Body Slam","floor":2},{"not_picked":["Havoc","Iron Wave"],"picked":"Armaments","floor":4},{"not_picked":["Combust","Havoc"],"picked":"Flame Barrier","floor":5},{"not_picked":["Offering","Dropkick"],"picked":"Intimidate","floor":6},{"not_picked":["Anger","Ghostly Armor"],"picked":"Seeing Red","floor":11},{"not_picked":["Clash","Rage"],"picked":"Shrug It Off","floor":13},{"not_picked":["Iron Wave","Clothesline"],"picked":"Spot Weakness","floor":14},{"not_picked":["Fiend Fire","Exhume"],"picked":"Limit Break","floor":16},{"not_picked":["Combust+1","Clash","Seeing Red"],"picked":"SKIP","floor":18},{"not_picked":["Warcry","Uppercut"],"picked":"Heavy Blade","floor":21},{"not_picked":["Flex","Iron Wave+1"],"picked":"Searing Blow","floor":22},{"not_picked":["Heavy Blade","Sever Soul+1"],"picked":"True Grit+1","floor":25},{"not_picked":["Searing Blow","Headbutt+1","True Grit"],"picked":"SKIP","floor":28},{"not_picked":["Warcry","Intimidate"],"picked":"Reckless Charge+1","floor":29},{"not_picked":["Thunderclap","True Grit"],"picked":"Body Slam+1","floor":31}],"player_experience":446838,"relics_obtained":[{"floor":6,"key":"HornCleat"},{"floor":9,"key":"Boot"},{"floor":11,"key":"Art of War"},{"floor":24,"key":"PreservedInsect"},{"floor":25,"key":"Tiny Chest"},{"floor":26,"key":"Happy Flower"},{"floor":28,"key":"StrikeDummy"},{"floor":29,"key":"Red Mask"}],"event_choices":[{"damage_healed":0,"gold_gain":0,"player_choice":"Gave Potion","damage_taken":0,"relics_obtained":["Orichalcum"],"max_hp_gain":0,"max_hp_loss":0,"event_name":"WeMeetAgain","floor":3,"gold_loss":0},{"damage_healed":0,"gold_gain":0,"player_choice":"Donut","damage_taken":0,"max_hp_gain":5,"max_hp_loss":0,"event_name":"Big Fish","floor":7,"gold_loss":0},{"damage_healed":0,"gold_gain":0,"player_choice":"Read","damage_taken":0,"max_hp_gain":0,"max_hp_loss":0,"event_name":"The Library","floor":19,"gold_loss":0,"cards_obtained":["Battle Trance"]},{"damage_healed":0,"gold_gain":0,"player_choice":"Ignored","damage_taken":0,"max_hp_gain":0,"max_hp_loss":0,"event_name":"Vampires","floor":20,"gold_loss":0},{"damage_healed":0,"gold_gain":0,"player_choice":"Fought Bandits","damage_taken":0,"max_hp_gain":0,"max_hp_loss":0,"event_name":"Masked Bandits","floor":29,"gold_loss":0}],"is_beta":false,"boss_relics":[{"not_picked":["Busted Crown","Velvet Choker"],"picked":"Runic Cube"}],"items_purged_floors":[],"is_endless":false,"potions_floor_spawned":[2,11,13,14,16,28,29],"killed_by":"Collector","ascension_level":4}}