{"host":"bbld1ic1uj90ldt9","time":1613333814,"event":{"mods":["2.2 Compatiblity","AchievementEnabler","Act Like it!","BaseMod","Better Third Choice","Conspire","Downfall","Emptier Cage","Gensokyo","Hallownest","Hermit","Highlight Path","Hubris","Marisa????????","Minty Spire (QoL Compilation)","Random Character Button","Replay The Spire","StSLib","The Animator","The Bug Knight","The Cursed","The Disciple","The Hierophant","The Jungle","The Runesmith","The Servant 0.9.4"],"gold_per_floor":[99,116,132,132,132,132,203,233,247,267,267,281,321,353,378,488,488,388,388,388],"floor_reached":19,"language":"FRA","playtime":2152,"items_purged":[],"score":287,"play_id":"d0f84a6f-1048-4940-a68a-592d468279dc","local_time":"20210214211654","is_ascension_mode":true,"campfire_choices":[{"data":"PowerUp","floor":1,"key":"SMITH"},{"data":"UpSweep","floor":11,"key":"SMITH"},{"floor":18,"key":"RECALL"}],"circlet_count":0,"master_deck":["Strike_MRS","Strike_MRS","Defend_MRS","Defend_MRS","Defend_MRS","Defend_MRS","MasterSpark","UpSweep+1","PowerUp+1","MilkyWay","6A","6A","EventHorizon","NonDirectionalLaser","WitchOfGreed","OpenUniverse","MeteoricShower","AsteroidBelt","SuperNova","downfall:Aged","hubris:Lust","hubris:Compulsion"],"relics":["MiniHakkero","Hallownest:DreamNailRelic","Quantum Egg","conspire:BottledYoYo","BreadOfAWashokuLover","Replay:Ancient Bell","hubris:SlimyHat","Singing Bowl","hubris:Zylophone","downfall:HeartBlessingGreen"],"acts_visited":["Hallownest:Greenpath","TheCity"],"potions_floor_usage":[13,15,19],"damage_taken":[{"damage":3,"enemies":"Hallownest:monsterHuskWarrior","floor":2,"turns":3},{"damage":2,"enemies":"Hallownest:monsterHuskGuard","floor":3,"turns":3},{"damage":2,"enemies":"Hallownest:eliteMossKnight","floor":8,"turns":8},{"damage":0,"enemies":"Hallownest:2_Baldur","floor":9,"turns":3},{"damage":0,"enemies":"Hallownest:monsterMossCharger","floor":10,"turns":4},{"damage":0,"enemies":"Hallownest:monsterAspidMother","floor":12,"turns":5},{"damage":0,"enemies":"Hallownest:eliteVengeflyKing","floor":13,"turns":5},{"damage":11,"enemies":"Hallownest:monsterFoolEater","floor":14,"turns":4},{"damage":4,"enemies":"Hallownest:2_Tiktiks_1_Baldur_1_Crawlid","floor":15,"turns":3},{"damage":46,"enemies":"IC_STATUS_ARCHETYPE","floor":16,"turns":9},{"damage":65,"enemies":"3 Byrds","floor":19,"turns":5}],"seed_played":"-8221821480010936051","potions_obtained":[{"floor":3,"key":"CultistPotion"},{"floor":9,"key":"Ancient Potion"},{"floor":12,"key":"SpeedPotion"},{"floor":14,"key":"BottledSpark"}],"is_trial":false,"path_per_floor":["R","M","M","?","?","?","T","E","M","M","R","M","E","M","M","B",null,"R","M"],"character_chosen":"MARISA","items_purchased":[],"campfire_rested":0,"item_purchase_floors":[],"current_hp_per_floor":[68,65,63,63,63,63,63,61,61,61,61,61,61,50,46,3,63,63,0,0],"gold":388,"neow_bonus":"THREE_CARDS","is_daily":false,"chose_seed":false,"campfire_upgraded":2,"win_rate":0.0,"timestamp":1613333814,"path_taken":["R","M","M","?","?","?","T","E","M","M","R","M","E","M","M","BOSS","R","M"],"items_purchased_type":[],"build_version":"2020-12-22","purchased_purges":0,"victory":false,"max_hp_per_floor":[75,75,75,75,75,75,75,75,75,75,75,75,75,75,75,75,81,81,81,81],"card_choices":[{"not_picked":["Acceleration","6A"],"picked":"PowerUp","floor":0},{"not_picked":["6A","DC"],"picked":"MilkyWay","floor":2},{"not_picked":["GalacticHalo","EscapeVelocity"],"picked":"6A","floor":3},{"not_picked":["CasketOfStar","DC"],"picked":"EventHorizon","floor":8},{"not_picked":["GravityBeat","DoubleSpark","UnstableBomb"],"picked":"SKIP","floor":9},{"not_picked":["Acceleration","LuminesStrike"],"picked":"NonDirectionalLaser","floor":10},{"not_picked":["IllusionStar","DoubleSpark"],"picked":"WitchOfGreed","floor":12},{"not_picked":["MysteriousBeam","UnstableBomb"],"picked":"OpenUniverse","floor":13},{"not_picked":["MagicAbsorber","IllusionStar"],"picked":"MeteoricShower","floor":14},{"not_picked":["GravityBeat","PropBag"],"picked":"AsteroidBelt","floor":15},{"not_picked":["JA","BlazingStar"],"picked":"SuperNova","floor":16},{"not_picked":["hubris:Lust","downfall:Aged","downfall:Haunted"],"picked":"Singing Bowl","floor":17},{"not_picked":["CommonCold","Looming Evil","hubris:Lust"],"picked":"Singing Bowl","floor":17},{"not_picked":["hubris:Compulsion","downfall:Bewildered","Sickly"],"picked":"Singing Bowl","floor":17}],"player_experience":2310057,"relics_obtained":[{"floor":7,"key":"Quantum Egg"},{"floor":8,"key":"conspire:BottledYoYo"},{"floor":13,"key":"BreadOfAWashokuLover"}],"event_choices":[],"is_beta":false,"boss_relics":[{"not_picked":["Honey Jar","Replay:Drink Me"],"picked":"Replay:Ancient Bell"},{"not_picked":["Orichalcum","Juzu Bracelet"],"picked":"hubris:SlimyHat"},{"not_picked":["Snack Pack","HollowMod:StagPassRelic"],"picked":"Singing Bowl"},{"not_picked":["Calipers","Replay:Multitool"],"picked":"hubris:Zylophone"}],"items_purged_floors":[],"is_endless":false,"potions_floor_spawned":[3,9,12,14],"killed_by":"3 Byrds","ascension_level":9}}