{"host":"pdq28s6637cpsst2","time":1613338727,"event":{"mods":["BaseMod","Colored Map","Highlight Path","Minty Spire (QoL Compilation)","Permanent Neow","Quick Restart","StSLib","The Disciple","The Senshi","The Servant 0.9.4"],"gold_per_floor":[112,16,30,46,66,66,82,82,109,134,191,191,191],"floor_reached":12,"language":"ENG","playtime":1341,"items_purged":[],"score":80,"play_id":"ad218e74-283d-49b5-96d0-48040e49da44","local_time":"20210214163847","is_ascension_mode":false,"campfire_choices":[{"data":"DaylightSavings","floor":8,"key":"SMITH"}],"circlet_count":0,"master_deck":["Strike_Br","Strike_Br","Defend_Br","Defend_Br","Defend_Br","Defend_Br","SecondHand","PatternShift","DaylightSavings+3","PrimeTime","LockedBlood","SlimeSpray","Goo","TiringSlam","LockedAnchor","ReapSow"],"relics":["Chronometer","SpringShield","Toy Ornithopter"],"acts_visited":["Exordium"],"potions_floor_usage":[11,12],"damage_taken":[{"damage":2,"enemies":"Cultist","floor":1,"turns":5},{"damage":2,"enemies":"2 Louse","floor":3,"turns":4},{"damage":2,"enemies":"Jaw Worm","floor":4,"turns":3},{"damage":5,"enemies":"Looter","floor":5,"turns":3},{"damage":0,"enemies":"Exordium Wildlife","floor":7,"turns":5},{"damage":38,"enemies":"3 Sentries","floor":10,"turns":11},{"damage":37,"enemies":"Gremlin Nob","floor":11,"turns":5},{"damage":18,"enemies":"Gremlin Nob","floor":12,"turns":3}],"seed_played":"-8182380485416428064","potions_obtained":[{"floor":3,"key":"SpeedPotion"},{"floor":4,"key":"Explosive Potion"},{"floor":7,"key":"LiquidBronze"},{"floor":11,"key":"PowerPotion"}],"is_trial":false,"path_per_floor":["M","$","M","M","M","?","M","R","T","E","?","E"],"character_chosen":"CHRONO_CLASS","items_purchased":["DaylightSavings","PrimeTime"],"campfire_rested":0,"item_purchase_floors":[2,2],"current_hp_per_floor":[63,63,61,59,56,56,62,62,62,30,4,0,0],"gold":191,"neow_bonus":"REMOVE_CARD","is_daily":false,"chose_seed":false,"campfire_upgraded":1,"win_rate":0.0,"timestamp":1613338727,"path_taken":["M","?","M","M","M","?","?","R","T","E","?","E"],"items_purchased_type":["Card","Card"],"build_version":"2020-12-22","purchased_purges":0,"victory":false,"max_hp_per_floor":[65,65,65,65,65,65,65,65,65,65,65,65,65],"card_choices":[{"not_picked":["LockedMedicine","CrunchTime","LockedScales"],"picked":"SKIP","floor":1},{"not_picked":["LockedPlans","HandsUpC"],"picked":"LockedBlood","floor":3},{"not_picked":["LockedBlood","ReapSow"],"picked":"SlimeSpray","floor":4},{"not_picked":["DaylightSavings","WatchCommand"],"picked":"Goo","floor":5},{"not_picked":["TiringSlam","LockedMawBank","LockedOrichalcum"],"picked":"SKIP","floor":7},{"not_picked":["LockedOrichalcum","SlimeSpray"],"picked":"LockedAnchor","floor":10},{"not_picked":["ShortSighted","LockedLightning"],"picked":"ReapSow","floor":11}],"player_experience":213174,"relics_obtained":[{"floor":9,"key":"SpringShield"}],"event_choices":[{"damage_healed":0,"gold_gain":0,"cards_transformed":["Strike_Br"],"player_choice":"Transformed","damage_taken":0,"max_hp_gain":0,"max_hp_loss":0,"event_name":"Transmorgrifier","floor":6,"gold_loss":0,"cards_obtained":["TiringSlam"]},{"damage_healed":0,"gold_gain":30,"player_choice":"Searched \u00273\u0027 times","damage_taken":0,"relics_obtained":["Toy Ornithopter"],"max_hp_gain":0,"max_hp_loss":0,"event_name":"Dead Adventurer","floor":11,"gold_loss":0}],"is_beta":false,"boss_relics":[],"items_purged_floors":[],"is_endless":false,"potions_floor_spawned":[3,4,7,11],"killed_by":"Gremlin Nob","ascension_level":0}}