{"host":"w14xfy17z3c5mpoi","time":1613342615,"event":{"mods":["AchievementEnabler","BaseMod","Minty Spire (QoL Compilation)","Relic Stats"],"gold_per_floor":[118,128,144,158,178,206,206,217,217,235,235,235,310,155,155,257,257,270,195,22,39,39,39,39,39],"floor_reached":24,"language":"ENG","playtime":868,"items_purged":["Parasite","Defend_P"],"score":335,"play_id":"ad0acd3b-15b8-4854-9c06-64dd714260b1","local_time":"20210214174335","is_ascension_mode":true,"campfire_choices":[{"data":"Eruption","floor":12,"key":"SMITH"},{"floor":15,"key":"REST"},{"data":"Scrawl","floor":23,"key":"SMITH"}],"circlet_count":0,"master_deck":["Strike_P","Strike_P","Strike_P","Strike_P","Defend_P","Eruption+1","Vigilance+1","Consecrate","CarveReality","Indignation","EmptyMind+1","EmptyFist","JustLucky","TalkToTheHand","BowlingBash","BattleHymn","Scrawl+1","Adaptation+1"],"relics":["Black Star","War Paint","Letter Opener","Bag of Preparation","VioletLotus"],"acts_visited":["Exordium","TheCity"],"potions_floor_usage":[8,21,24],"damage_taken":[{"damage":2,"enemies":"Cultist","floor":1,"turns":5},{"damage":7,"enemies":"Small Slimes","floor":2,"turns":3},{"damage":0,"enemies":"2 Louse","floor":3,"turns":3},{"damage":11,"enemies":"Looter","floor":4,"turns":4},{"damage":7,"enemies":"2 Fungi Beasts","floor":5,"turns":4},{"damage":16,"enemies":"Gremlin Nob","floor":6,"turns":3},{"damage":4,"enemies":"Exordium Thugs","floor":8,"turns":3},{"damage":0,"enemies":"Large Slime","floor":10,"turns":3},{"damage":0,"enemies":"Slime Boss","floor":16,"turns":4},{"damage":1,"enemies":"3 Byrds","floor":18,"turns":4},{"damage":0,"enemies":"Spheric Guardian","floor":21,"turns":2},{"damage":61,"enemies":"Book of Stabbing","floor":24,"turns":5}],"seed_played":"-2233581206919830421","potions_obtained":[{"floor":3,"key":"SkillPotion"},{"floor":4,"key":"EssenceOfSteel"},{"floor":8,"key":"AttackPotion"},{"floor":21,"key":"SneckoOil"}],"is_trial":false,"path_per_floor":["M","M","M","M","M","E","?","M","T","M","?","R","?","$","R","B",null,"M","?","$","M","?","R","E"],"character_chosen":"WATCHER","items_purchased":["BattleHymn","Regen Potion"],"campfire_rested":1,"item_purchase_floors":[14,20],"current_hp_per_floor":[63,56,56,45,38,22,15,11,11,11,29,29,18,18,38,38,61,60,60,60,60,60,60,0,0],"gold":39,"neow_bonus":"BOSS_RELIC","is_daily":false,"chose_seed":false,"campfire_upgraded":2,"win_rate":0.0,"timestamp":1613342615,"path_taken":["M","M","M","?","M","E","?","M","T","M","?","R","?","$","R","BOSS","M","?","?","M","?","R","E"],"items_purchased_type":["Card","Potion"],"build_version":"2020-12-22","purchased_purges":2,"victory":false,"max_hp_per_floor":[72,72,72,72,72,72,72,72,72,72,72,72,72,69,69,69,69,69,69,69,69,69,69,69,69],"relic_stats":{"counters":[12,43],"VioletLotus":[2],"Black Star":1,"Bag of Preparation":[10],"Letter Opener":[10],"War Paint":["Vigilance","EmptyMind"],"obtain_stats":[{"VioletLotus":17,"Black Star":0,"Bag of Preparation":9,"Letter Opener":6,"PureWater":0,"War Paint":6},{"VioletLotus":9,"Black Star":0,"Bag of Preparation":7,"Letter Opener":6,"PureWater":0,"War Paint":6},{"VioletLotus":32,"Black Star":0,"Bag of Preparation":25,"Letter Opener":22,"PureWater":0,"War Paint":22}]},"card_choices":[{"not_picked":["Halt","ForeignInfluence"],"picked":"Consecrate","floor":1},{"not_picked":["ClearTheMind","FollowUp"],"picked":"CarveReality","floor":2},{"not_picked":["FlurryOfBlows","Evaluate"],"picked":"Indignation","floor":3},{"not_picked":["BowlingBash","ThirdEye"],"picked":"EmptyMind","floor":4},{"not_picked":["Prostrate","Weave"],"picked":"EmptyFist","floor":5},{"not_picked":["ClearTheMind","Halt"],"picked":"JustLucky","floor":6},{"not_picked":["EmptyFist","ConjureBlade"],"picked":"TalkToTheHand","floor":8},{"not_picked":["Halt","Nirvana"],"picked":"BowlingBash","floor":10},{"not_picked":["Alpha","ConjureBlade"],"picked":"Scrawl","floor":16},{"not_picked":["ThirdEye+1","Collect","BowlingBash"],"picked":"SKIP","floor":18},{"not_picked":["WindmillStrike","Study"],"picked":"Adaptation","floor":21}],"player_experience":649281,"relics_obtained":[{"floor":6,"key":"War Paint"},{"floor":6,"key":"Letter Opener"},{"floor":9,"key":"Bag of Preparation"}],"event_choices":[{"cards_removed":["Defend_P"],"damage_healed":0,"gold_gain":0,"player_choice":"Card Removal","damage_taken":7,"max_hp_gain":0,"max_hp_loss":0,"event_name":"Golden Wing","floor":7,"gold_loss":0},{"damage_healed":18,"gold_gain":0,"player_choice":"Healed and dodged fight","damage_taken":0,"max_hp_gain":0,"max_hp_loss":0,"event_name":"Mushrooms","floor":11,"gold_loss":0,"cards_obtained":["Parasite"]},{"damage_healed":0,"gold_gain":75,"player_choice":"Gather Gold","damage_taken":11,"max_hp_gain":0,"max_hp_loss":0,"event_name":"World of Goop","floor":13,"gold_loss":0},{"cards_removed":["Defend_P"],"damage_healed":0,"gold_gain":0,"player_choice":"Gave Gold","damage_taken":0,"max_hp_gain":0,"max_hp_loss":0,"event_name":"Beggar","floor":19,"gold_loss":75},{"damage_healed":0,"gold_gain":0,"player_choice":"Upgraded","damage_taken":0,"max_hp_gain":0,"max_hp_loss":0,"event_name":"Upgrade Shrine","floor":22,"gold_loss":0,"cards_upgraded":["Adaptation"]}],"is_beta":false,"boss_relics":[{"not_picked":["Calling Bell","Astrolabe"],"picked":"VioletLotus"}],"items_purged_floors":[14,20],"is_endless":false,"potions_floor_spawned":[3,4,8,21],"killed_by":"Book of Stabbing","ascension_level":7}}