{"host":"6xnetdfutjfdr70g","time":1613344649,"event":{"mods":["BaseMod","Colored Powertips","Highlight Path","Minty Spire (QoL Compilation)","Relic Stats"],"gold_per_floor":[113,113,127,2,2,2,36,36,81,97,131,231,256,282,282,381,381,402,422,422,436,453,453,488,488,488,515,78,78,38,38,38,112,112,129,149,166,186,201,201,201,217,264,292,292,302,302,11,11,11,11,11,11,39,39,39],"floor_reached":55,"language":"ENG","playtime":3251,"items_purged":["Defend_P","Strike_P"],"score":1224,"play_id":"8da2c1d3-b099-4a7b-bd58-f433b4a84ee6","local_time":"20210214171729","is_ascension_mode":true,"campfire_choices":[{"data":"TalkToTheHand","floor":6.0,"key":"SMITH"},{"floor":8.0,"key":"REST"},{"floor":15.0,"key":"REST"},{"data":"TalkToTheHand","floor":23.0,"key":"SMITH"},{"data":"Vigilance","floor":25.0,"key":"SMITH"},{"floor":29.0,"key":"RECALL"},{"data":"TalkToTheHand","floor":32.0,"key":"SMITH"},{"data":"Omniscience","floor":40.0,"key":"SMITH"},{"data":"Indignation","floor":47.0,"key":"SMITH"},{"data":"Apotheosis","floor":49.0,"key":"SMITH"},{"data":"BattleHymn","floor":52.0,"key":"SMITH"}],"circlet_count":0,"master_deck":["AscendersBane","Strike_P","Strike_P","Defend_P","Defend_P+1","Eruption","Vigilance+1","TalkToTheHand+1","Protect","Evaluate+1","TalkToTheHand+1","CarveReality+1","EmptyFist","Tantrum","SpiritShield","ClearTheMind+1","ThirdEye+1","FlurryOfBlows+1","WindmillStrike","BattleHymn+1","Meditate","TalkToTheHand+1","LessonLearned","CurseOfTheBell","FearNoEvil+1","Omniscience+1","EmptyBody+1","Indignation+1","Fasting2+1","Apotheosis+1","Tantrum","DevaForm"],"relics":["HolyWater","Bloody Idol","MealTicket","Vajra","Matryoshka","Strawberry","Orichalcum","Ancient Tea Set","InkBottle","Anchor","Akabeko","Calling Bell","Boot","Question Card","Thread and Needle","Lantern","GoldenEye","Blue Candle"],"acts_visited":["Exordium","TheCity","TheBeyond","TheEnding"],"potions_floor_usage":[],"damage_taken":[{"damage":10.0,"enemies":"2 Louse","floor":1.0,"turns":3.0},{"damage":0.0,"enemies":"Cultist","floor":3.0,"turns":3.0},{"damage":30.0,"enemies":"3 Sentries","floor":7.0,"turns":17.0},{"damage":0.0,"enemies":"Jaw Worm","floor":10.0,"turns":5.0},{"damage":9.0,"enemies":"Lagavulin","floor":11.0,"turns":7.0},{"damage":17.0,"enemies":"Gremlin Gang","floor":13.0,"turns":7.0},{"damage":6.0,"enemies":"The Guardian","floor":16.0,"turns":7.0},{"damage":0.0,"enemies":"Chosen","floor":18.0,"turns":3.0},{"damage":0.0,"enemies":"2 Thieves","floor":19.0,"turns":4.0},{"damage":11.0,"enemies":"Centurion and Healer","floor":21.0,"turns":6.0},{"damage":10.0,"enemies":"Sentry and Sphere","floor":22.0,"turns":5.0},{"damage":2.0,"enemies":"Book of Stabbing","floor":24.0,"turns":4.0},{"damage":12.0,"enemies":"Gremlin Leader","floor":27.0,"turns":5.0},{"damage":8.0,"enemies":"Champ","floor":33.0,"turns":9.0},{"damage":0.0,"enemies":"3 Shapes","floor":35.0,"turns":4.0},{"damage":0.0,"enemies":"Orb Walker","floor":36.0,"turns":4.0},{"damage":2.0,"enemies":"3 Darklings","floor":37.0,"turns":6.0},{"damage":0.0,"enemies":"Transient","floor":38.0,"turns":5.0},{"damage":0.0,"enemies":"Sphere and 2 Shapes","floor":39.0,"turns":9.0},{"damage":3.0,"enemies":"Spire Growth","floor":42.0,"turns":5.0},{"damage":43.0,"enemies":"Reptomancer","floor":44.0,"turns":8.0},{"damage":16.0,"enemies":"Jaw Worm Horde","floor":46.0,"turns":5.0},{"damage":20.0,"enemies":"Time Eater","floor":50.0,"turns":9.0},{"damage":72.0,"enemies":"Shield and Spear","floor":54.0,"turns":5.0},{"damage":23,"enemies":"The Heart","floor":55,"turns":2}],"seed_played":"-6537985521517808784","potions_obtained":[{"floor":1.0,"key":"Dexterity Potion"},{"floor":3.0,"key":"PowerPotion"},{"floor":11.0,"key":"PowerPotion"},{"floor":16.0,"key":"Strength Potion"},{"floor":19.0,"key":"GamblersBrew"},{"floor":24.0,"key":"SpeedPotion"},{"floor":27.0,"key":"FairyPotion"},{"floor":37.0,"key":"DuplicationPotion"},{"floor":54.0,"key":"BlessingOfTheForge"}],"is_trial":false,"path_per_floor":["M","?","M","$","?","R","E","R","T","M","E","?","M","T","R","B",null,"M","M","?","M","M","R","E","R","T","E","$","R","?","$","R","B",null,"M","M","M","M","M","R","?","M","T","E","?","M","R","$","R","B",null,"R","$","E","B"],"character_chosen":"WATCHER","items_purchased":["Evaluate","BattleHymn","Akabeko","Meditate","TalkToTheHand","Apotheosis","Tantrum","Block Potion"],"campfire_rested":2,"item_purchase_floors":[4,28,28,28,28,48,48,48],"current_hp_per_floor":[51,51,51,51,51,51,21,39,39,39,30,30,13,20,41,35,61,61,61,61,55,50,50,53,53,53,46,61,61,61,70,70,67,69,70,70,70,70,70,70,66,66,66,28,58,47,47,58,58,38,53,53,58,22,0,0],"gold":39,"neow_bonus":"REMOVE_CARD","is_daily":false,"chose_seed":false,"campfire_upgraded":8,"win_rate":0.0,"timestamp":1613344649,"path_taken":["M","?","M","$","?","R","E","R","T","M","E","?","?","?","R","BOSS","M","?","?","M","M","R","E","R","T","E","$","R","?","$","R","BOSS","M","M","?","M","M","R","?","M","T","E","?","M","R","$","R","BOSS","R","$","E","BOSS"],"items_purchased_type":["Card","Card","Relic","Card","Card","Card","Card","Potion"],"build_version":"2020-12-22","purchased_purges":2,"victory":false,"max_hp_per_floor":[68,63,63,63,63,63,63,63,63,63,63,63,63,70,70,70,70,70,70,70,70,70,70,70,70,70,70,70,70,70,70,70,70,70,70,70,70,70,70,70,66,66,66,66,58,58,58,58,58,58,58,58,58,58,58,58],"relic_stats":{"counters":[25,147],"Bloody Idol":46,"Blue Candle":[0],"MealTicket":40,"Orichalcum":[24],"Boot":[31],"Question Card":9,"GoldenEye":[2],"obtain_stats":[{"Lantern":43,"Golden Idol":2,"Blue Candle":54,"Vajra":9,"Thread and Needle":34,"Orichalcum":14,"Ancient Tea Set":24,"Boot":34,"Question Card":34,"GoldenEye":44,"Akabeko":28,"Calling Bell":34,"Anchor":27,"Matryoshka":11,"Strawberry":14,"Bloody Idol":20,"HolyWater":17,"MealTicket":7,"PureWater":0,"InkBottle":26},{"Lantern":20,"Golden Idol":1,"Blue Candle":24,"Vajra":3,"Thread and Needle":14,"Orichalcum":6,"Ancient Tea Set":12,"Boot":14,"Question Card":14,"GoldenEye":21,"Akabeko":13,"Calling Bell":14,"Anchor":13,"Matryoshka":5,"Strawberry":6,"Bloody Idol":9,"HolyWater":7,"MealTicket":3,"PureWater":0,"InkBottle":12},{"Lantern":118,"Golden Idol":3,"Blue Candle":145,"Vajra":23,"Thread and Needle":85,"Orichalcum":42,"Ancient Tea Set":71,"Boot":85,"Question Card":85,"GoldenEye":126,"Akabeko":76,"Calling Bell":85,"Anchor":76,"Matryoshka":35,"Strawberry":42,"Bloody Idol":56,"HolyWater":49,"MealTicket":23,"PureWater":0,"InkBottle":71}],"InkBottle":[31]},"card_choices":[{"not_picked":["Wireheading","WindmillStrike"],"picked":"TalkToTheHand","floor":1.0},{"not_picked":["WreathOfFlame","FlyingSleeves"],"picked":"Protect","floor":3.0},{"not_picked":["ReachHeaven","Adaptation"],"picked":"TalkToTheHand","floor":7.0},{"not_picked":["Halt","ForeignInfluence"],"picked":"CarveReality","floor":10.0},{"not_picked":["SpiritShield","EmptyBody"],"picked":"EmptyFist","floor":11.0},{"not_picked":["EmptyFist","JustLucky"],"picked":"Tantrum","floor":13.0},{"not_picked":["Omniscience","Scrawl"],"picked":"SpiritShield","floor":16.0},{"not_picked":["Consecrate","SandsOfTime"],"picked":"ClearTheMind+1","floor":18.0},{"not_picked":["EmptyFist","FlyingSleeves","WreathOfFlame"],"picked":"SKIP","floor":19.0},{"not_picked":["SignatureMove","Halt"],"picked":"ThirdEye+1","floor":21.0},{"not_picked":["Consecrate","Prostrate"],"picked":"FlurryOfBlows","floor":22.0},{"not_picked":["ThirdEye+1","JustLucky+1","PathToVictory"],"picked":"SKIP","floor":24.0},{"not_picked":["Fasting2","Prostrate"],"picked":"WindmillStrike","floor":27.0},{"not_picked":["Blasphemy","Brilliance"],"picked":"LessonLearned","floor":33.0},{"not_picked":["Consecrate+1","CutThroughFate","EmptyFist","Crescendo"],"picked":"SKIP","floor":35.0},{"not_picked":["Prostrate+1","Pray","JustLucky"],"picked":"FearNoEvil+1","floor":36.0},{"not_picked":["InnerPeace+1","BowlingBash","WindmillStrike"],"picked":"Omniscience","floor":37.0},{"not_picked":["FlyingSleeves","Swivel","EmptyMind","PathToVictory+1"],"picked":"SKIP","floor":38.0},{"not_picked":["CutThroughFate","Collect","JustLucky"],"picked":"EmptyBody+1","floor":39.0},{"not_picked":["ThirdEye","Crescendo","Protect+1","FlurryOfBlows"],"picked":"SKIP","floor":42.0},{"not_picked":["SignatureMove+1","DeceiveReality","EmptyFist+1"],"picked":"Indignation","floor":44.0},{"not_picked":["Halt","JustLucky","EmptyBody"],"picked":"Fasting2+1","floor":46.0},{"not_picked":["Perseverance","Worship","Crescendo"],"picked":"DevaForm","floor":54.0}],"player_experience":460762,"relics_obtained":[{"floor":7.0,"key":"MealTicket"},{"floor":9.0,"key":"Vajra"},{"floor":11.0,"key":"Matryoshka"},{"floor":14.0,"key":"Strawberry"},{"floor":14.0,"key":"Orichalcum"},{"floor":24.0,"key":"Ancient Tea Set"},{"floor":26.0,"key":"InkBottle"},{"floor":27.0,"key":"Anchor"},{"floor":34.0,"key":"Boot"},{"floor":34.0,"key":"Question Card"},{"floor":34.0,"key":"Thread and Needle"},{"floor":43.0,"key":"Lantern"},{"floor":44.0,"key":"GoldenEye"},{"floor":54.0,"key":"Blue Candle"}],"event_choices":[{"damage_healed":0.0,"max_hp_gain":0.0,"max_hp_loss":5.0,"gold_gain":0.0,"event_name":"Golden Idol","player_choice":"Lose Max HP","floor":2.0,"gold_loss":0.0,"damage_taken":0.0,"relics_obtained":["Golden Idol"]},{"cards_removed":["Strike_P"],"damage_healed":0.0,"max_hp_gain":0.0,"max_hp_loss":0.0,"gold_gain":0.0,"event_name":"Living Wall","player_choice":"Forget","floor":5.0,"gold_loss":0.0,"damage_taken":0.0},{"damage_healed":0.0,"max_hp_gain":0.0,"max_hp_loss":0.0,"gold_gain":100.0,"event_name":"Golden Shrine","player_choice":"Pray","floor":12.0,"gold_loss":0.0,"damage_taken":0.0},{"damage_healed":0.0,"max_hp_gain":0.0,"max_hp_loss":0.0,"gold_gain":0.0,"event_name":"Forgotten Altar","player_choice":"Gave Idol","floor":20.0,"relics_lost":["Golden Idol"],"gold_loss":0.0,"damage_taken":0.0,"relics_obtained":["Bloody Idol"]},{"damage_healed":0.0,"max_hp_gain":0.0,"max_hp_loss":0.0,"gold_gain":0.0,"event_name":"Designer","player_choice":"Upgraded Two","floor":30.0,"gold_loss":40.0,"damage_taken":0.0,"cards_upgraded":["FlurryOfBlows","Evaluate"]},{"damage_healed":0.0,"max_hp_gain":0.0,"max_hp_loss":4.0,"gold_gain":0.0,"event_name":"Winding Halls","player_choice":"Max HP","floor":41.0,"gold_loss":0.0,"damage_taken":0.0},{"damage_healed":58.0,"max_hp_gain":0.0,"max_hp_loss":8.0,"gold_gain":0.0,"event_name":"The Moai Head","player_choice":"Heal","floor":45.0,"gold_loss":0.0,"damage_taken":0.0}],"is_beta":false,"boss_relics":[{"not_picked":["Cursed Key","Busted Crown"],"picked":"HolyWater"},{"not_picked":["Coffee Dripper","Runic Pyramid"],"picked":"Calling Bell"}],"items_purged_floors":[4,28],"is_endless":false,"potions_floor_spawned":[1,3,11,16,19,24,27,33,37,39,42,54],"killed_by":"The Heart","ascension_level":14}}