{"host":"6xsbn6ynqlzwllfm","time":1613328509,"event":{"mods":["2.2 Compatiblity","BaseMod","Bestiary","Colored Map","Colored Powertips","Curses Come First","Downfall","Highlight Path","Keyboard Shortcuts","Minty Spire (QoL Compilation)","Relic Stats","Slay the Relics Exporter","StSLib","SuperFastMode"],"gold_per_floor":[99,117,117,27,38,53,77,88,538,573,588,21,21,34,44,149,149,49,64,83,83,94,121,147,147,147,147],"floor_reached":25,"language":"ENG","playtime":1324,"items_purged":["Pain","downfall:Icky","downfall:Icky"],"score":388,"play_id":"029e8704-2804-47a7-84a0-7ec7ccf163b8","local_time":"20210214134829","is_ascension_mode":true,"campfire_choices":[{"data":"bronze:Goto","floor":1,"key":"SMITH"},{"floor":13,"key":"REST"},{"data":"bronze:ItsAFeature","floor":18,"key":"SMITH"}],"circlet_count":0,"master_deck":["AscendersBane","bronze:Strike","bronze:Strike","bronze:Strike","bronze:Strike","bronze:Defend","bronze:Defend","bronze:Defend","bronze:Defend","bronze:Replicate","bronze:Goto+1","bronze:ChildClass","bronze:Overheat","bronze:Invalidate","bronze:MaxOutput","downfall:Icky","bronze:Boost","bronze:CloningBeam","bronze:Return","bronze:Shell","bronze:Frontload","bronze:BuggyMess","bronze:ItsAFeature+1","bronze:ClassDefault","bronze:Fortify","bronze:FunctionCard","downfall:Bewildered","bronze:Deprecate+1","bronze:Library"],"relics":["bronze:MakeshiftBattery","WarpedTongs","Potion Belt","bronze:ProtectiveGoggles","Orrery","Runic Pyramid","downfall:HeartBlessingGreen","sneckomod:BabySnecko","Girya"],"acts_visited":["Exordium","TheCity"],"potions_floor_usage":[10,10,16,16,16,23,23],"damage_taken":[{"damage":13,"enemies":"Jaw Worm","floor":2,"turns":6},{"damage":5,"enemies":"downfall:FleeingMerchant","floor":4,"turns":4},{"damage":2,"enemies":"Cultist","floor":5,"turns":3},{"damage":0,"enemies":"Small Slimes","floor":6,"turns":1},{"damage":8,"enemies":"Blue Slaver","floor":8,"turns":3},{"damage":10,"enemies":"Gremlin Nob","floor":10,"turns":3},{"damage":6,"enemies":"Exordium Wildlife","floor":11,"turns":4},{"damage":5,"enemies":"downfall:FleeingMerchant","floor":12,"turns":4},{"damage":21,"enemies":"Lots of Slimes","floor":14,"turns":7},{"damage":4,"enemies":"Red Slaver","floor":15,"turns":5},{"damage":8,"enemies":"DF_ARCHETYPE_STREAMLINE","floor":16,"turns":10},{"damage":30,"enemies":"downfall:LooterAlt2","floor":19,"turns":4},{"damage":22,"enemies":"Shell Parasite","floor":20,"turns":8},{"damage":0,"enemies":"Snecko","floor":22,"turns":4},{"damage":0,"enemies":"Gremlin Leader","floor":23,"turns":8},{"damage":6,"enemies":"Snake Plant","floor":25,"turns":1}],"seed_played":"-9172189699201216339","potions_obtained":[{"floor":2,"key":"Weak Potion"},{"floor":5,"key":"ColorlessPotion"},{"floor":6,"key":"bronze:FreeFunctionsPotion"},{"floor":10,"key":"bronze:FreeFunctionsPotion"},{"floor":14,"key":"Swift Potion"},{"floor":20,"key":"SkillPotion"},{"floor":22,"key":"EssenceOfSteel"}],"is_trial":false,"path_per_floor":["R","M","?","$","M","M","T","M","?","E","M","$","R","M","M","B",null,"R","M","M","?","M","E","T","M"],"character_chosen":"THE_AUTOMATON","items_purchased":["CultistPotion","Orrery","bronze:Boost"],"campfire_rested":1,"item_purchase_floors":[12,12,12],"current_hp_per_floor":[63,50,50,45,43,43,43,35,35,25,19,14,35,14,10,2,53,53,23,1,1,1,1,1,0,0,0],"gold":147,"neow_bonus":"BOSS_RELIC","is_daily":false,"chose_seed":false,"campfire_upgraded":2,"win_rate":0.0,"timestamp":1613328509,"path_taken":["R","M","?","?","?","M","T","M","?","E","M","$","R","M","M","BOSS","R","M","M","?","M","E","T","M"],"items_purchased_type":["Potion","Relic","Card"],"build_version":"2020-12-22","purchased_purges":3,"victory":false,"max_hp_per_floor":[70,70,70,70,70,70,70,70,70,70,70,70,70,70,70,70,70,70,70,70,70,70,70,70,70,70,70],"relic_stats":{"counters":[16,75],"obtain_stats":[{"Potion Belt":7,"sneckomod:BabySnecko":21,"Girya":23,"bronze:BronzeCore":0,"bronze:ProtectiveGoggles":10,"Orrery":12,"downfall:HeartBlessingGreen":18,"bronze:MakeshiftBattery":0,"WarpedTongs":3,"Runic Pyramid":17},{"Potion Belt":4,"sneckomod:BabySnecko":13,"Girya":15,"bronze:BronzeCore":0,"bronze:ProtectiveGoggles":6,"Orrery":8,"downfall:HeartBlessingGreen":11,"bronze:MakeshiftBattery":0,"WarpedTongs":1,"Runic Pyramid":11},{"Potion Belt":14,"sneckomod:BabySnecko":62,"Girya":74,"bronze:BronzeCore":0,"bronze:ProtectiveGoggles":20,"Orrery":28,"downfall:HeartBlessingGreen":50,"bronze:MakeshiftBattery":0,"WarpedTongs":6,"Runic Pyramid":50}],"WarpedTongs":[67]},"card_choices":[{"not_picked":["bronze:DelayedGuard","bronze:Return"],"picked":"bronze:ChildClass","floor":2},{"not_picked":["bronze:Optimize","bronze:Backtrace"],"picked":"bronze:Flail","floor":4},{"not_picked":["bronze:Refactor","bronze:BuggyMess"],"picked":"bronze:Overheat","floor":5},{"not_picked":["bronze:BuggyMess","bronze:Deprecate"],"picked":"bronze:Invalidate","floor":6},{"not_picked":["bronze:DelayedGuard","bronze:BugBarrage"],"picked":"bronze:MaxOutput","floor":8},{"not_picked":["bronze:Format","bronze:GetLatest"],"picked":"bronze:Boost","floor":10},{"not_picked":["bronze:Turbo","bronze:Fortify"],"picked":"bronze:CloningBeam","floor":11},{"not_picked":["bronze:Fortify","bronze:BuggyMess"],"picked":"bronze:Return","floor":12},{"not_picked":["bronze:Overheat","bronze:DigitalCarnage"],"picked":"bronze:Shell","floor":12},{"not_picked":["bronze:Invalidate","bronze:Iterate"],"picked":"bronze:Frontload","floor":12},{"not_picked":["bronze:Turbo","bronze:WhirlingStrike"],"picked":"bronze:BuggyMess","floor":12},{"not_picked":["bronze:WildBeam","bronze:CloningBeam"],"picked":"bronze:ItsAFeature","floor":12},{"not_picked":["bronze:TinkerersToolbox","bronze:OilSpill"],"picked":"bronze:ClassDefault","floor":12},{"not_picked":["bronze:BitShift","bronze:DigitalCarnage"],"picked":"bronze:Fortify","floor":14},{"not_picked":["bronze:Overheat","bronze:Return","bronze:Allocate"],"picked":"SKIP","floor":15},{"not_picked":["bronze:Break","bronze:Library"],"picked":"bronze:Hardcode","floor":16},{"not_picked":["bronze:Shield+1","bronze:BugBarrage"],"picked":"bronze:Iterate+1","floor":19},{"not_picked":["bronze:Overheat+1","bronze:BuggyMess","bronze:BitShift"],"picked":"SKIP","floor":20},{"not_picked":["bronze:Overheat+1","bronze:BuggyMess","bronze:BitShift"],"picked":"SKIP","floor":20},{"not_picked":["bronze:Frontload+1","bronze:NullPointer"],"picked":"bronze:Deprecate+1","floor":22},{"not_picked":["bronze:Iterate","bronze:Constructor"],"picked":"bronze:Library","floor":23}],"player_experience":1782049,"relics_obtained":[{"floor":7,"key":"Potion Belt"},{"floor":10,"key":"bronze:ProtectiveGoggles"},{"floor":23,"key":"Girya"}],"event_choices":[],"is_beta":false,"boss_relics":[{"not_picked":["Coffee Dripper","Empty Cage"],"picked":"Runic Pyramid"}],"items_purged_floors":[4,12,12],"is_endless":false,"potions_floor_spawned":[2,5,6,10,14,20,22],"killed_by":"Snake Plant","ascension_level":11}}