{"host":"bp3tm7tvk8nf4kb2","time":1613285751,"event":{"mods":["2.2 Compatiblity","AchievementEnabler","BaseMod","Bestiary","Better Match","Better Third Choice","BetterRewards","Colored Map","Colored Powertips","Curses Come First","DeckTracker","Downfall","Duelist Mod","Friendly Minions","Googly Eyes","Halation","Highlight Path","Marisa????????","Minty Spire (QoL Compilation)","Morshu Shopkeeper - ENHANCED","Permanent Neow","Quick Restart","Rare Cards Sparkle","Reorder Act Four","Replay The Spire","Shop Mod","Spicy Shops","StSLib","The Animator","TheBandit","Waifu the Spire","Wide Potions","everything is the same but u backflip on backflip"],"gold_per_floor":[115,126,145,145,220,220,220,240,266,289,289,37,57,73,73,194,194,219,44,0,0,13,13,13],"floor_reached":23,"language":"ENG","playtime":1101,"items_purged":["Injury","Clumsy"],"score":283,"play_id":"27ef4029-9eaf-48e9-9ffb-c92fda2417ae","local_time":"20210213225551","is_ascension_mode":false,"campfire_choices":[{"data":"Redo","floor":6.0,"key":"SMITH"},{"floor":11.0,"key":"REST"},{"data":"Capacitor","floor":15.0,"key":"SMITH"}],"circlet_count":0,"master_deck":["Defend_B","Defend_B","Defend_B","Defend_B","Zap","Dualcast","Capacitor+1","Redo+1","Conserve Battery","Ball Lightning","Capacitor+1","Conserve Battery","Ball Lightning","Compile Driver","Biased Cognition","BasicCrystalCard","Defragment","Slimebound:Tackle+1","Slimebound:Tackle+1","Slimebound:Tackle+1"],"relics":["Cracked Core","Golden Idol","Anchor","Lantern","Black Star","Blood Vial","ReplayTheSpireMod:CursedCoin"],"acts_visited":["Exordium","TheCity"],"potions_floor_usage":[23],"damage_taken":[{"damage":1.0,"enemies":"Cultist","floor":1.0,"turns":3.0},{"damage":6.0,"enemies":"Jaw Worm","floor":2.0,"turns":3.0},{"damage":0.0,"enemies":"Small Slimes","floor":3.0,"turns":3.0},{"damage":3.0,"enemies":"Looter","floor":8.0,"turns":3.0},{"damage":7.0,"enemies":"Exordium Wildlife","floor":10.0,"turns":4.0},{"damage":0.0,"enemies":"Gremlin Gang","floor":13.0,"turns":3.0},{"damage":0.0,"enemies":"Large Slime","floor":14.0,"turns":4.0},{"damage":69.0,"enemies":"Fading Forest","floor":16.0,"turns":11.0},{"damage":5.0,"enemies":"Spheric Guardian","floor":18.0,"turns":3.0},{"damage":6,"enemies":"Chosen","floor":22,"turns":4},{"damage":68,"enemies":"Gremlin Leader","floor":23,"turns":5}],"seed_played":"5112768181231646884","potions_obtained":[{"floor":2.0,"key":"Block Potion"},{"floor":3.0,"key":"Strength Potion"},{"floor":13.0,"key":"SkillPotion"},{"floor":22,"key":"PotionOfCapacity"}],"is_trial":false,"path_per_floor":["M","M","M","?","?","R","?","M","T","M","R","$","M","M","R","B",null,"M","$","?","?","M","E"],"character_chosen":"DEFECT","items_purchased":["Capacitor","Redo","Lantern","Ball Lightning","Blood Vial","ReplayTheSpireMod:CursedCoin","Defragment"],"campfire_rested":1,"item_purchase_floors":[0,0,12,12,19,19,19],"current_hp_per_floor":[65,59,59,59,48,48,48,45,45,38,60,60,60,60,60,11,75,70,70,70,70,66,0,0],"gold":13,"neow_bonus":"","is_daily":false,"chose_seed":false,"campfire_upgraded":2,"win_rate":0.0,"timestamp":1613285751,"path_taken":["M","M","?","?","?","R","?","?","T","M","R","$","M","?","R","BOSS","M","$","?","?","M","E"],"items_purchased_type":["Card","Card","Relic","Card","Relic","Relic","Card"],"build_version":"2020-12-22","purchased_purges":2,"victory":false,"max_hp_per_floor":[75,75,75,75,75,75,75,75,75,75,75,75,75,75,75,75,75,75,75,75,75,75,75,75],"card_choices":[{"not_picked":["Crystallizer","Streamline","ReplayTheSpireMod:System Scan"],"picked":"SKIP","floor":1.0},{"not_picked":["Beam Cell","Doom and Gloom"],"picked":"Conserve Battery","floor":2.0},{"not_picked":["FTL","Go for the Eyes"],"picked":"Ball Lightning","floor":3.0},{"not_picked":["Sweeping Beam","Cold Snap"],"picked":"Conserve Battery","floor":8.0},{"not_picked":["Reprogram","Sweeping Beam","Blizzard"],"picked":"SKIP","floor":10.0},{"not_picked":["Sweeping Beam","Barrage","Go for the Eyes"],"picked":"SKIP","floor":13.0},{"not_picked":["Barrage","Leap"],"picked":"Compile Driver","floor":14.0},{"not_picked":["All For One","Machine Learning"],"picked":"Biased Cognition","floor":16.0},{"not_picked":["Scrape","Hologram"],"picked":"BasicCrystalCard","floor":18.0},{"not_picked":["Sweeping Beam","Gash","Rebound"],"picked":"SKIP","floor":22}],"player_experience":55067,"relics_obtained":[{"floor":9.0,"key":"Anchor"}],"event_choices":[{"damage_healed":0.0,"max_hp_gain":0.0,"max_hp_loss":0.0,"gold_gain":0.0,"event_name":"Golden Idol","player_choice":"Take Wound","floor":4.0,"gold_loss":0.0,"damage_taken":0.0,"relics_obtained":["Golden Idol"],"cards_obtained":["Injury"]},{"damage_healed":0.0,"max_hp_gain":0.0,"max_hp_loss":0.0,"gold_gain":75.0,"event_name":"betterThird:BetterGoop","player_choice":"Gold","floor":5.0,"gold_loss":0.0,"damage_taken":11.0},{"damage_healed":0,"gold_gain":0,"player_choice":"Paid Fearfully","damage_taken":0,"max_hp_gain":0,"max_hp_loss":0,"event_name":"Masked Bandits","floor":20,"gold_loss":44}],"is_beta":false,"boss_relics":[{"not_picked":["halation:LoveArrow","SacredBark"],"picked":"Black Star"}],"items_purged_floors":[12,19],"is_endless":false,"potions_floor_spawned":[2,3,13,22],"killed_by":"Gremlin Leader","ascension_level":0}}