{"host":"nbofzmb1hl9rnais","time":1613338089,"event":{"mods":["BaseMod","Colored Map","Hermit","Minty Spire (QoL Compilation)","StSLib","The Bug Knight"],"gold_per_floor":[109,89,108,124,124,124,151,170,224,224,245,279,20,0,0,111,111,130,139,139,139,139,139,170,170,170,195,195,231,251,9,9,119,119,131,131,160,0,27,81,123,123,123,123,123,136,164,182,182,182],"floor_reached":51,"language":"ENG","playtime":3849,"items_purged":["HollowMod:DoubleDash","HollowMod:RecoilStrike"],"score":806,"play_id":"a05ea6a6-448c-4ed6-8df7-087b2b7e906d","local_time":"20210214132809","daily_mods":["SealedDeck"],"is_ascension_mode":true,"campfire_choices":[{"data":"HollowMod:VengefulVoid","floor":6,"key":"SMITH"},{"data":"HollowMod:SiblingsShadow","floor":10,"key":"SMITH"},{"data":"HollowMod:WraithStrike","floor":15,"key":"SMITH"},{"data":"HollowMod:SoulMaster","floor":23,"key":"SMITH"},{"data":"HollowMod:DescendingDark","floor":25,"key":"SMITH"},{"data":"HollowMod:ShadowDash","floor":28,"key":"SMITH"},{"floor":32,"key":"REST"},{"data":"HollowMod:ShadowDash","floor":42,"key":"SMITH"},{"data":"HollowMod:CloakDash","floor":45,"key":"SMITH"},{"floor":49,"key":"DIG"}],"circlet_count":0,"master_deck":["HollowMod:HeavyBlow","HollowMod:CloakDash+1","HollowMod:DoubleDash","HollowMod:DoubleDash","HollowMod:DoubleDash","HollowMod:VengefulVoid+1","HollowMod:SiblingsShadow+1","HollowMod:SiblingsShadow","HollowMod:HuntersJournal","HollowMod:CloakDash","HollowMod:DescendingDark+1","HollowMod:ShadowDash+1","HollowMod:SiblingsShadow","HollowMod:WraithStrike+1","HollowMod:SoulMaster+1","HollowMod:NewJinnsSoul","HollowMod:ShadowDash+1","HollowMod:MidwifesHunger","HollowMod:MantisMark+1","HollowMod:SharpenedShadows","HollowMod:VengefulVoid+1","HollowMod:CloakDash+1","HollowMod:AbyssShriek+1"],"relics":["HollowMod:VesselMask","Ornamental Fan","CeramicFish","Lantern","HollowMod:JonisBlessing","SacredBark","Mercury Hourglass","Nilry\u0027s Codex","Pen Nib","CaptainsWheel","FossilizedHelix","Du-Vu Doll","Mummified Hand","Coffee Dripper","Peace Pipe","Meat on the Bone","Art of War","Shovel","Pocketwatch"],"acts_visited":["Exordium","TheCity","TheBeyond"],"potions_floor_usage":[50,50,50,50,50,50],"damage_taken":[{"damage":0,"enemies":"Small Slimes","floor":1,"turns":2},{"damage":0,"enemies":"Cultist","floor":3,"turns":3},{"damage":10,"enemies":"Jaw Worm","floor":4,"turns":3},{"damage":20,"enemies":"Lagavulin","floor":7,"turns":5},{"damage":0,"enemies":"Blue Slaver","floor":8,"turns":1},{"damage":0,"enemies":"2 Fungi Beasts","floor":11,"turns":1},{"damage":13,"enemies":"Gremlin Nob","floor":12,"turns":3},{"damage":10,"enemies":"Slime Boss","floor":16,"turns":5},{"damage":8,"enemies":"3 Byrds","floor":18,"turns":4},{"damage":7,"enemies":"Gremlin Leader","floor":24,"turns":5},{"damage":8,"enemies":"Book of Stabbing","floor":27,"turns":3},{"damage":4,"enemies":"Gremlin Leader","floor":29,"turns":4},{"damage":2,"enemies":"Shell Parasite","floor":30,"turns":4},{"damage":26,"enemies":"HollowMod:NKGrimm","floor":33,"turns":7},{"damage":0,"enemies":"Orb Walker","floor":35,"turns":2},{"damage":0,"enemies":"3 Darklings","floor":37,"turns":3},{"damage":0,"enemies":"Jaw Worm Horde","floor":39,"turns":2},{"damage":0,"enemies":"2 Orb Walkers","floor":40,"turns":2},{"damage":30,"enemies":"Nemesis","floor":41,"turns":5},{"damage":9,"enemies":"HollowMod:SlobberingHusk","floor":46,"turns":5},{"damage":0,"enemies":"HollowMod:StalkingDevout","floor":47,"turns":3},{"damage":0,"enemies":"Sphere and 2 Shapes","floor":48,"turns":2},{"damage":34,"enemies":"Awakened One","floor":50,"turns":10}],"seed_played":"-2157589661178951677","potions_obtained":[{"floor":2,"key":"EntropicBrew"},{"floor":4,"key":"GamblersBrew"},{"floor":5,"key":"Dexterity Potion"},{"floor":5,"key":"DistilledChaos"},{"floor":12,"key":"EntropicBrew"},{"floor":27,"key":"CultistPotion"}],"is_trial":true,"path_per_floor":["M","?","M","M","?","R","E","M","T","R","M","E","$","?","R","B",null,"M","?","?","?","?","R","E","R","T","E","R","E","M","$","R","B",null,"M","?","M","$","M","?","E","R","T","?","R","M","E","M","R","B",null],"character_chosen":"THE_BUGKNIGHT","items_purchased":["HollowMod:WraithStrike","HollowMod:JonisBlessing","Mummified Hand","HollowMod:SharpenedShadows"],"campfire_rested":1,"item_purchase_floors":[13,13,31,38],"current_hp_per_floor":[75,75,75,65,65,65,45,45,45,45,45,32,32,32,32,22,75,67,67,67,67,51,51,44,44,44,36,36,32,30,30,52,26,75,75,75,75,75,75,75,45,45,45,45,45,36,36,36,36,2],"gold":182,"neow_bonus":"","is_daily":false,"chose_seed":false,"campfire_upgraded":8,"win_rate":0.0,"timestamp":1613338089,"path_taken":["M","?","M","?","?","R","E","M","T","R","?","E","$","?","R","BOSS","M","?","?","?","?","R","E","R","T","E","R","E","M","?","R","BOSS","M","?","M","?","?","?","E","R","T","?","R","M","E","M","R","BOSS"],"items_purchased_type":["Card","Relic","Relic","Card"],"build_version":"2020-12-22","purchased_purges":2,"victory":true,"max_hp_per_floor":[75,75,75,75,75,75,75,75,75,75,75,75,75,75,75,75,75,75,75,75,75,75,75,75,75,75,75,75,75,75,75,75,75,75,75,75,75,75,75,75,75,75,75,71,71,71,71,71,71,71],"card_choices":[{"not_picked":["HollowMod:FallenFury","HollowMod:Grubsong"],"picked":"HollowMod:LifebloodCocoon","floor":1},{"not_picked":["HollowMod:SoulSplash","HollowMod:SoulEater"],"picked":"HollowMod:HuntersJournal","floor":3},{"not_picked":["HollowMod:NewGlowingWomb","HollowMod:LifebloodCocoon"],"picked":"HollowMod:CloakDash","floor":4},{"not_picked":["HollowMod:InfectionAssault","HollowMod:DreamGate"],"picked":"HollowMod:DescendingDark","floor":7},{"not_picked":["HollowMod:SoulVessel","HollowMod:NewLittleFool","HollowMod:DashSlash"],"picked":"SKIP","floor":8},{"not_picked":["HollowMod:CrystalDash","HollowMod:NewLittleFool"],"picked":"HollowMod:ShadowDash","floor":11},{"not_picked":["HollowMod:ZotesMagnificence","HollowMod:MonarchWings"],"picked":"HollowMod:SiblingsShadow","floor":12},{"not_picked":["HollowMod:ElderbugsWisdom","HollowMod:VoidDash"],"picked":"HollowMod:SoulMaster","floor":16},{"not_picked":["HollowMod:NewGlowingWomb","HollowMod:SiblingsSouls","HollowMod:HeavyBlow"],"picked":"SKIP","floor":18},{"not_picked":["HollowMod:CornifersMapStart","HollowMod:GreatSlash","HollowMod:InfectedCysts"],"picked":"SKIP","floor":24},{"not_picked":["HollowMod:SoulEater","HollowMod:InfectedCysts","HollowMod:NewJinnsSoul"],"picked":"SKIP","floor":27},{"not_picked":["HollowMod:CornifersMapStart","HollowMod:InfectedCysts"],"picked":"HollowMod:Hiveblood","floor":29},{"not_picked":["HollowMod:LifebloodCocoon","HollowMod:FallenFury"],"picked":"HollowMod:ShadowDash","floor":30},{"not_picked":["HollowMod:NewInfectedGuardian","HollowMod:AwokenDreamNail"],"picked":"HollowMod:MidwifesHunger","floor":33},{"not_picked":["HollowMod:NewLittleFool+1","HollowMod:GoodIntentions","HollowMod:HowlingWraiths"],"picked":"SKIP","floor":35},{"not_picked":["HollowMod:TaintedHusks+1","HollowMod:HuntersJournal"],"picked":"HollowMod:MantisMark+1","floor":37},{"not_picked":["HollowMod:SoulEater","HollowMod:CycloneSlash"],"picked":"HollowMod:VengefulVoid+1","floor":39},{"not_picked":["HollowMod:SharpenedNail+1","HollowMod:SoulSplash+1"],"picked":"HollowMod:CloakDash+1","floor":40},{"not_picked":["HollowMod:Grubsong+1","HollowMod:HowlingWraiths+1"],"picked":"HollowMod:AbyssShriek+1","floor":41},{"not_picked":["HollowMod:InfectedAttack+1","HollowMod:ChannelNail","HollowMod:VengefulSpirit"],"picked":"SKIP","floor":46},{"not_picked":["HollowMod:GreatSlash","HollowMod:MidwifesHunger","HollowMod:PureNailStrike"],"picked":"SKIP","floor":47},{"not_picked":["HollowMod:GoodIntentions+1","HollowMod:PureNailStrike+1","HollowMod:CornifersMapStart+1"],"picked":"SKIP","floor":48}],"player_experience":118001,"relics_obtained":[{"floor":7,"key":"Ornamental Fan"},{"floor":9,"key":"CeramicFish"},{"floor":12,"key":"Lantern"},{"floor":22,"key":"Nilry\u0027s Codex"},{"floor":24,"key":"Pen Nib"},{"floor":26,"key":"CaptainsWheel"},{"floor":27,"key":"FossilizedHelix"},{"floor":29,"key":"Du-Vu Doll"},{"floor":40,"key":"Peace Pipe"},{"floor":41,"key":"Meat on the Bone"},{"floor":43,"key":"Art of War"},{"floor":47,"key":"Shovel"},{"floor":49,"key":"Pocketwatch"}],"event_choices":[{"damage_healed":0,"gold_gain":0,"player_choice":"Bought 1 Potion","damage_taken":0,"max_hp_gain":0,"max_hp_loss":0,"event_name":"The Woman in Blue","floor":2,"gold_loss":0},{"damage_healed":0,"gold_gain":0,"player_choice":"Got Potions","damage_taken":0,"max_hp_gain":0,"max_hp_loss":0,"event_name":"Lab","floor":5,"gold_loss":0},{"damage_healed":0,"gold_gain":0,"player_choice":"Left Gold","damage_taken":0,"max_hp_gain":0,"max_hp_loss":0,"event_name":"World of Goop","floor":14,"gold_loss":20},{"damage_healed":0,"gold_gain":0,"player_choice":"Read","damage_taken":0,"max_hp_gain":0,"max_hp_loss":0,"event_name":"The Library","floor":19,"gold_loss":0,"cards_obtained":["HollowMod:NewJinnsSoul"]},{"damage_healed":0,"gold_gain":0,"player_choice":"Opened","damage_taken":0,"relics_obtained":["Mercury Hourglass"],"max_hp_gain":0,"max_hp_loss":0,"event_name":"The Mausoleum","floor":21,"gold_loss":0},{"damage_healed":0,"gold_gain":0,"player_choice":"Obtained Book","damage_taken":16,"max_hp_gain":0,"max_hp_loss":0,"event_name":"Cursed Tome","floor":22,"gold_loss":0},{"cards_removed":["HollowMod:Hiveblood"],"damage_healed":0,"gold_gain":0,"player_choice":"Purged","damage_taken":0,"max_hp_gain":0,"max_hp_loss":0,"event_name":"Purifier","floor":36,"gold_loss":0},{"damage_healed":0,"gold_gain":0,"player_choice":"Fight","damage_taken":0,"max_hp_gain":0,"max_hp_loss":0,"event_name":"Mysterious Sphere","floor":40,"gold_loss":0},{"damage_healed":0,"gold_gain":0,"player_choice":"Max HP","damage_taken":0,"max_hp_gain":0,"max_hp_loss":4,"event_name":"Winding Halls","floor":44,"gold_loss":0}],"is_beta":false,"boss_relics":[{"not_picked":["Sozu","Astrolabe"],"picked":"SacredBark"},{"not_picked":["Empty Cage","Tiny House"],"picked":"Coffee Dripper"}],"items_purged_floors":[13,38],"is_endless":false,"potions_floor_spawned":[4,11,12,27,30,35,37,39],"ascension_level":1}}