{"host":"70jy76jvzy076wi7","time":1613322334,"event":{"mods":["Act Like it!","BaseMod","Better Third Choice","BetterRewards","Energized Spire","Gensokyo","GungeonMod","Hallownest","Hermit","Infinite Spire","Library of Ruina","Library of Ruina Extra","Lobotomy","LobotomyExtend","Marisa£®ÏF”Í°°ƒß¿Ì…≥£©","Minty Spire (QoL Compilation)","Pale of the Ancients","Permanent Neow","Reliquary","Replay The Spire","Robot Space Explorer","Spicy Shops","StSLib","The Servant 0.9.4","Yakumo Yukari mod"],"gold_per_floor":[117,131,147,71,83,115,115,142,165,190,206,217,217,242,242,341,341,361,411,66,86,186,218,218,244,269,287,66,98,98,128,128,231,231,244,244,256,274,284,315,315,330,330,330,330,365,375,392,392,392,392,392,392,43,76,76],"floor_reached":57,"language":"ZHS","playtime":3793,"items_purged":["Strike_R","DespairKnight"],"score":1631,"play_id":"aacd700e-7360-4b94-8cd7-d1d7b55d9faf","local_time":"20210215010534","is_ascension_mode":true,"campfire_choices":[{"data":"Bash","floor":7.0,"key":"SMITH"},{"data":"True Grit","floor":13.0,"key":"SMITH"},{"data":"Dark Embrace","floor":15.0,"key":"SMITH"},{"data":"ReplayUltimateDefense","floor":24.0,"key":"SMITH"},{"data":"True Grit","floor":30.0,"key":"SMITH"},{"data":"Immolate","floor":32.0,"key":"SMITH"},{"data":"Feel No Pain","floor":41,"key":"SMITH"},{"floor":44,"key":"RECALL"},{"data":"Fire Breathing","floor":49,"key":"SMITH"},{"data":"Feel No Pain","floor":53,"key":"SMITH"}],"circlet_count":0,"master_deck":["QueenOfHatred","LongBird","Strike_R","Strike_R","Strike_R","Strike_R","Defend_R","Defend_R","Defend_R","Defend_R","Bash+1","VoidDream","Reckless Charge","BlackSwan","Shrug It Off","Dark Embrace+1","Defy Death","True Grit+1","Wild Strike","Immolate+1","Feel No Pain+1","Carnage+1","ReplayUltimateDefense+1","Second Wind","Metallicize+1","Fire Breathing+1","Shockwave","True Grit+1","ReplayTheSpireMod:Stacked","Berserk","Reckless Charge+1","ReplayTheSpireMod:Strike From Hell","Fire Breathing+1","RedShoes","Feel No Pain+1"],"relics":["Burning Blood","CogitoBucket","RabbitCall","LetterFromLob","Gremlin Food","DemoMod:NanoMachines","infinitespire:Lucky Rock","Sundial","SkinProphecy","Blood Vial","energizedSpire:RedRose","ReplayFunnel","FleshIdol","Replay:Baseball","MealTicket","ReplayTheSpireMod:TigerMarble","Justitia_r","PageOfSingingMachine","Oddly Smooth Stone","reliquary:RedCape","InTheNameOfLoveAndHate_r","BackwardClock","AtMidnight","Replay:Bottled Snecko","DemoMod:MonsterBlood","SwordSharpenedByTears_r","Membership Card","PageOfFairyFestival","reliquary:Crutches"],"acts_visited":["Exordium","TheCity","TheBeyond","TheEnding"],"potions_floor_usage":[56,56],"damage_taken":[{"damage":1.0,"enemies":"Cultist","floor":1.0,"turns":3.0},{"damage":17.0,"enemies":"Small Slimes","floor":2.0,"turns":4.0},{"damage":0.0,"enemies":"2 Louse","floor":3.0,"turns":3.0},{"damage":4.0,"enemies":"Blue Slaver","floor":5.0,"turns":4.0},{"damage":34.0,"enemies":"Gremlin Nob","floor":6.0,"turns":5.0},{"damage":8.0,"enemies":"Lagavulin","floor":8.0,"turns":9.0},{"damage":13.0,"enemies":"3 Sentries","floor":10.0,"turns":8.0},{"damage":14.0,"enemies":"Red Slaver","floor":11.0,"turns":7.0},{"damage":0.0,"enemies":"3 Louse","floor":12.0,"turns":4.0},{"damage":7.0,"enemies":"Gremlin Nob","floor":14.0,"turns":5.0},{"damage":6.0,"enemies":"Fading Forest","floor":16.0,"turns":11.0},{"damage":24.0,"enemies":"2 Thieves","floor":18.0,"turns":4.0},{"damage":15.0,"enemies":"Shell Parasite","floor":21.0,"turns":9.0},{"damage":27.0,"enemies":"Book of Stabbing","floor":23.0,"turns":6.0},{"damage":0.0,"enemies":"Slavers","floor":25.0,"turns":6.0},{"damage":5.0,"enemies":"Centurion and Healer","floor":27.0,"turns":9.0},{"damage":5.0,"enemies":"Gremlin Leader","floor":29.0,"turns":5.0},{"damage":0.0,"enemies":"Book of Stabbing","floor":31.0,"turns":4.0},{"damage":5.0,"enemies":"Champ","floor":33.0,"turns":10.0},{"damage":8.0,"enemies":"Orb Walker","floor":35.0,"turns":11.0},{"damage":1.0,"enemies":"3 Darklings","floor":37.0,"turns":4.0},{"damage":0.0,"enemies":"Transient","floor":38.0,"turns":5.0},{"damage":0.0,"enemies":"Jaw Worm Horde","floor":39.0,"turns":4.0},{"damage":2,"enemies":"R_Hoarder","floor":40,"turns":8},{"damage":0,"enemies":"Maw","floor":42,"turns":6},{"damage":0,"enemies":"Giant Head","floor":46,"turns":7},{"damage":3,"enemies":"Sphere and 2 Shapes","floor":47,"turns":5},{"damage":1,"enemies":"Jaw Worm Horde","floor":48,"turns":4},{"damage":100,"enemies":"Time Eater","floor":50,"turns":8},{"damage":26,"enemies":"Shield and Spear","floor":55,"turns":5},{"damage":15,"enemies":"The Heart","floor":56,"turns":7}],"seed_played":"-1665900441256349817","potions_obtained":[{"floor":2.0,"key":"Energy Potion"},{"floor":10.0,"key":"Regen Potion"},{"floor":11.0,"key":"DuplicationPotion"},{"floor":14.0,"key":"DuplicationPotion"}],"is_trial":false,"path_per_floor":["M","M","M","$","M","E","R","E","T","E","M","M","R","E","R","B",null,"M","?","$","M","?","E","R","E","T","M","$","E","R","E","R","B",null,"M","AVR","M","M","M","E","R","M","T","R","M","E","M","M","R","B",null,null,"R","$","E","B",null],"character_chosen":"IRONCLAD","items_purchased":["Dark Embrace","ReplayUltimateDefense","Second Wind","Fire Breathing","Shockwave","Membership Card","PageOfFairyFestival"],"campfire_rested":0,"item_purchase_floors":[4,20,20,28,28,54,54],"current_hp_per_floor":[80,69,75,75,77,49,49,47,47,40,32,34,34,35,35,77,86,72,50,50,61,61,40,40,72,72,85,98,97,97,101,101,104,104,108,108,110,112,114,116,116,118,118,118,118,127,129,131,131,51,51,135,135,135,135,139],"gold":76,"neow_bonus":"","is_daily":false,"chose_seed":false,"campfire_upgraded":9,"win_rate":0.0,"timestamp":1613322334,"path_taken":["M","M","M","?","M","E","R","E","T","E","M","M","R","E","R","BOSS","M","?","$","?","?","E","R","E","T","M","$","E","R","E","R","BOSS","M","AVR","M","?","M","E","R","M","T","R","M","E","M","M","R","BOSS","R","$","E","BOSS"],"items_purchased_type":["Card","Card","Card","Card","Card","Relic","Relic"],"build_version":"2020-12-22","purchased_purges":2,"victory":true,"max_hp_per_floor":[80,80,80,80,80,80,80,80,80,80,80,82,82,84,84,86,86,88,88,88,92,92,94,94,96,96,98,98,100,100,102,102,104,104,108,108,110,112,114,116,116,118,118,118,118,127,129,131,131,135,135,135,135,135,137,139],"card_choices":[{"not_picked":["UniverseFragment","MHz"],"picked":"VoidDream","floor":1.0},{"not_picked":["Clothesline","Sentinel"],"picked":"Reckless Charge","floor":1.0},{"not_picked":["HappyTeddy","Wellcheers"],"picked":"BlackSwan","floor":2.0},{"not_picked":["Replay:Undeath\u0027s Touch","ReplayTheSpireMod:Muscle Training","Havoc"],"picked":"SKIP","floor":2.0},{"not_picked":["OSAHOGD","OldLady","BeautyBeast"],"picked":"Singing Bowl","floor":3.0},{"not_picked":["Dual Wield","Clothesline"],"picked":"Shrug It Off","floor":3.0},{"not_picked":["GalaxyChild","BigBadWolf","MHz"],"picked":"Singing Bowl","floor":5.0},{"not_picked":["Replay:Undeath\u0027s Touch","Flex","Run Through"],"picked":"SKIP","floor":5.0},{"not_picked":["SingingMachine","BeautyBeast","Bloodbath"],"picked":"Singing Bowl","floor":6.0},{"not_picked":["Havoc","Armaments","Iron Wave"],"picked":"SKIP","floor":6.0},{"not_picked":["Scorched","Mercenary","BigBadWolf"],"picked":"Singing Bowl","floor":8.0},{"not_picked":["Rampage","Sword Boomerang"],"picked":"Defy Death","floor":8.0},{"not_picked":["UniverseFragment","CherryBlossoms","HeroicMonk"],"picked":"Singing Bowl","floor":10.0},{"not_picked":["MHz","ShyLook"],"picked":"DespairKnight","floor":10.0},{"not_picked":["Run Through","Rampage","Shrug It Off"],"picked":"SKIP","floor":10.0},{"not_picked":["Run Through","Rampage","Shrug It Off"],"picked":"SKIP","floor":10.0},{"not_picked":["MeatLantern","HappyTeddy"],"picked":"QueenOfHatred","floor":11.0},{"not_picked":["Pummel","Pommel Strike"],"picked":"True Grit","floor":11.0},{"not_picked":["WallGazer","Murderer","Wellcheers"],"picked":"Singing Bowl","floor":12.0},{"not_picked":["Massacre","Intimidate","Run Through"],"picked":"SKIP","floor":12.0},{"not_picked":["Massacre","Intimidate","Run Through"],"picked":"SKIP","floor":12.0},{"not_picked":["Yin","WallGazer","MHz"],"picked":"Singing Bowl","floor":14.0},{"not_picked":["True Grit","Warcry"],"picked":"Wild Strike","floor":14.0},{"not_picked":["OSAHOGD","BeautyBeast"],"picked":"QueenOfHatred","floor":16.0},{"not_picked":["Bludgeon","Reaper"],"picked":"Immolate","floor":16.0},{"not_picked":["SpiderBud","MHz"],"picked":"LongBird","floor":18.0},{"not_picked":["Rampage","Evolve+1"],"picked":"Feel No Pain","floor":18.0},{"not_picked":["ReplayTheSpireMod:LeadingStrike","Seeing Red+1"],"picked":"Carnage+1","floor":19.0},{"not_picked":["NakedNest","OSAHOGD","BigBird"],"picked":"Singing Bowl","floor":21.0},{"not_picked":["Armaments","Clash"],"picked":"Metallicize+1","floor":21.0},{"not_picked":["SnowQueen","FairyFestival","WhitesApple"],"picked":"Singing Bowl","floor":23.0},{"not_picked":["Clothesline","Flex","Metallicize"],"picked":"SKIP","floor":23.0},{"not_picked":["MHz","WallGazer","WhiteNight"],"picked":"Singing Bowl","floor":25.0},{"not_picked":["Headbutt","ReplayTheSpireMod:Corrosion Curse","Battle Trance"],"picked":"SKIP","floor":25.0},{"not_picked":["ShyLook","LittleHelper","Alriune"],"picked":"Singing Bowl","floor":27.0},{"not_picked":["Clothesline","Heavy Blade","Pommel Strike"],"picked":"SKIP","floor":27.0},{"not_picked":["SilentOrchestra","BlackArmy","SnowQueen"],"picked":"Singing Bowl","floor":29.0},{"not_picked":["Searing Blow","Anger"],"picked":"True Grit","floor":29.0},{"not_picked":["GalaxyChild","Freischutz","SilentOrchestra"],"picked":"Singing Bowl","floor":31.0},{"not_picked":["Body Slam","Spot Weakness+1"],"picked":"ReplayTheSpireMod:Stacked","floor":31.0},{"not_picked":["NakedNest","Bloodbath","BigBird"],"picked":"Singing Bowl","floor":33.0},{"not_picked":["Demonic Infusion","Feed"],"picked":"Berserk","floor":33.0},{"not_picked":["BeautyBeast","Woodsman","WallGazer"],"picked":"Singing Bowl","floor":35.0},{"not_picked":["Intimidate+1","Clothesline+1"],"picked":"Reckless Charge+1","floor":35.0},{"not_picked":["Rudolta","LaLuna","FieryBird"],"picked":"Singing Bowl","floor":37.0},{"not_picked":["Perfected Strike+1","Massacre+1","True Grit"],"picked":"SKIP","floor":37.0},{"not_picked":["BlueStar","Mercenary","QueenBee"],"picked":"Singing Bowl","floor":38.0},{"not_picked":["Infernal Blade","Whirlwind+1"],"picked":"ReplayTheSpireMod:Strike From Hell","floor":38.0},{"not_picked":["Laetitia","WhitesApple","HeroicMonk"],"picked":"Singing Bowl","floor":39.0},{"not_picked":["Clash+1","Bloodletting+1","Iron Wave"],"picked":"SKIP","floor":39.0},{"not_picked":["FieryBird","WhiteNight","Woodsman"],"picked":"Singing Bowl","floor":40},{"not_picked":["Armaments","Twin Strike"],"picked":"Fire Breathing+1","floor":40},{"not_picked":["HappyTeddy","WhiteNight","GreedKing"],"picked":"Singing Bowl","floor":42},{"not_picked":["Wild Strike","Body Slam+1","Seeing Red+1"],"picked":"SKIP","floor":42},{"not_picked":["BodiesMountain","SilentOrchestra"],"picked":"RedShoes","floor":46},{"not_picked":["Rage","Carnage"],"picked":"Feel No Pain","floor":46},{"not_picked":["NothingThere","SnowQueen","SingingMachine"],"picked":"Singing Bowl","floor":47},{"not_picked":["True Grit+1","Battle Trance+1","Searing Blow"],"picked":"SKIP","floor":47},{"not_picked":["DreamingCurrent","NothingThere","SingingMachine"],"picked":"Singing Bowl","floor":48},{"not_picked":["Body Slam","Heavy Blade","Massacre+1"],"picked":"SKIP","floor":48},{"not_picked":["CENSORED","GalaxyChild","Scarecrow"],"picked":"Singing Bowl","floor":55},{"not_picked":["Shrug It Off+1","Hemogenesis","ReplayReversal"],"picked":"SKIP","floor":55}],"player_experience":2177210,"relics_obtained":[{"floor":1.0,"key":"LetterFromLob"},{"floor":6.0,"key":"Gremlin Food"},{"floor":8.0,"key":"DemoMod:NanoMachines"},{"floor":9.0,"key":"infinitespire:Lucky Rock"},{"floor":10.0,"key":"Sundial"},{"floor":14.0,"key":"Blood Vial"},{"floor":19.0,"key":"ReplayFunnel"},{"floor":23.0,"key":"Replay:Baseball"},{"floor":25.0,"key":"MealTicket"},{"floor":26.0,"key":"ReplayTheSpireMod:TigerMarble"},{"floor":29.0,"key":"PageOfSingingMachine"},{"floor":31.0,"key":"Oddly Smooth Stone"},{"floor":35.0,"key":"AtMidnight"},{"floor":40,"key":"Replay:Bottled Snecko"},{"floor":46,"key":"DemoMod:MonsterBlood"},{"floor":55,"key":"reliquary:Crutches"}],"event_choices":[{"damage_healed":0.0,"max_hp_gain":0.0,"max_hp_loss":0.0,"gold_gain":100.0,"event_name":"Golden Shrine","player_choice":"Pray","floor":22.0,"gold_loss":0.0,"damage_taken":0.0}],"is_beta":false,"boss_relics":[{"not_picked":["Coffee Dripper","Astrolabe"],"picked":"energizedSpire:RedRose"},{"not_picked":["infinitespire:Cupcake","Painkiller Herb"],"picked":"reliquary:RedCape"}],"items_purged_floors":[28,54],"is_endless":false,"potions_floor_spawned":[2,10,11,12,14,16,25,29,31,33,37,38,40,46,55],"ascension_level":1}}