{"host":"36t3qd3wjvajtu1z","time":1613271826,"event":{"mods":["2.2 Compatiblity","AchievementEnabler","BaseMod","Bestiary","Block Reminder","Colored Powertips","Curses Come First","Highlight Path","Minty Spire (QoL Compilation)","Permanent Neow","Quick Restart","Random Character Button","Rare Cards Sparkle","Relic Stats","Slay-I","StSLib","Unknown Chances"],"gold_per_floor":[119,139,214,225,245,276,276,276,276,276,64,79,112,126,126,217,217,231,252,276,299,26,26,67,80,129,129,163,177,197,232,232,326,326,340,673,698,1048,305,305,316,350,405,436,217,246,40,66,66,66,66],"floor_reached":52,"language":"ENG","playtime":3215,"items_purged":["Injury","Strike_R","Strike_R","Strike_R"],"score":2130,"play_id":"038ccb14-8867-49b5-9df9-64c3bc88f239","local_time":"20210213190346","is_ascension_mode":true,"campfire_choices":[{"floor":8.0,"key":"REST"},{"data":"True Grit","floor":15.0,"key":"SMITH"},{"data":"Immolate","floor":23.0,"key":"SMITH"},{"floor":27.0,"key":"REST"},{"data":"Shrug It Off","floor":32.0,"key":"SMITH"},{"data":"Dual Wield","floor":40.0,"key":"SMITH"},{"data":"Armaments","floor":49,"key":"SMITH"}],"circlet_count":0,"master_deck":["AscendersBane","Strike_R","Defend_R","Defend_R","Defend_R+1","Defend_R","Bash","Spot Weakness+1","Headbutt","Sever Soul","Reckless Charge","Bludgeon+1","Carnage","Metallicize+1","Shrug It Off+1","True Grit+1","Immolate+1","Whirlwind+1","Shrug It Off+1","Reaper","Metallicize+1","Demon Form+1","Seeing Red+1","Dual Wield+1","Dark Embrace+1","Armaments+1","Shrug It Off+1","Metallicize+1","Uppercut"],"relics":["Burning Blood","CaptainsWheel","Frozen Egg 2","Shuriken","Snecko Eye","Bottled Flame","Kunai","Dream Catcher","StrikeDummy","Oddly Smooth Stone","Mark of Pain","Champion Belt","Old Coin","Sling","Vajra","Regal Pillow","Bird Faced Urn","Bronze Scales","StoneCalendar","White Beast Statue","War Paint"],"acts_visited":["Exordium","TheCity","TheBeyond"],"potions_floor_usage":[46,48,51],"damage_taken":[{"damage":9.0,"enemies":"Jaw Worm","floor":1.0,"turns":4.0},{"damage":6.0,"enemies":"2 Louse","floor":2.0,"turns":2.0},{"damage":4.0,"enemies":"Small Slimes","floor":4.0,"turns":4.0},{"damage":12.0,"enemies":"Exordium Wildlife","floor":5.0,"turns":4.0},{"damage":30.0,"enemies":"Lagavulin","floor":6.0,"turns":5.0},{"damage":0.0,"enemies":"Blue Slaver","floor":12.0,"turns":3.0},{"damage":20.0,"enemies":"3 Sentries","floor":13.0,"turns":4.0},{"damage":0.0,"enemies":"2 Fungi Beasts","floor":14.0,"turns":2.0},{"damage":19.0,"enemies":"Hexaghost","floor":16.0,"turns":9.0},{"damage":23.0,"enemies":"2 Thieves","floor":18.0,"turns":3.0},{"damage":5.0,"enemies":"Shell Parasite","floor":19.0,"turns":2.0},{"damage":18.0,"enemies":"Snecko","floor":20.0,"turns":3.0},{"damage":1.0,"enemies":"Sentry and Sphere","floor":21.0,"turns":3.0},{"damage":24.0,"enemies":"Book of Stabbing","floor":24.0,"turns":4.0},{"damage":11.0,"enemies":"Snake Plant","floor":25.0,"turns":3.0},{"damage":1.0,"enemies":"Gremlin Leader","floor":28.0,"turns":4.0},{"damage":0.0,"enemies":"Cultist and Chosen","floor":29.0,"turns":4.0},{"damage":4.0,"enemies":"Centurion and Healer","floor":30.0,"turns":3.0},{"damage":16.0,"enemies":"Slavers","floor":31.0,"turns":4.0},{"damage":30.0,"enemies":"Champ","floor":33.0,"turns":10.0},{"damage":0.0,"enemies":"Orb Walker","floor":35.0,"turns":2.0},{"damage":3.0,"enemies":"Mind Bloom Boss Battle","floor":37.0,"turns":6.0},{"damage":25.0,"enemies":"2 Orb Walkers","floor":38.0,"turns":5.0},{"damage":57,"enemies":"3 Darklings","floor":41,"turns":9},{"damage":86,"enemies":"Reptomancer","floor":42,"turns":7},{"damage":31,"enemies":"Giant Head","floor":44,"turns":6},{"damage":37,"enemies":"Nemesis","floor":46,"turns":7},{"damage":0,"enemies":"Reptomancer","floor":48,"turns":3},{"damage":69,"enemies":"Donu and Deca","floor":50,"turns":8},{"damage":79,"enemies":"Awakened One","floor":51,"turns":8}],"seed_played":"-7858934995436996812","potions_obtained":[{"floor":2.0,"key":"Weak Potion"},{"floor":12.0,"key":"GamblersBrew"},{"floor":14.0,"key":"AttackPotion"},{"floor":18.0,"key":"AttackPotion"},{"floor":19.0,"key":"DistilledChaos"},{"floor":21.0,"key":"PowerPotion"},{"floor":29.0,"key":"Fruit Juice"},{"floor":31.0,"key":"FairyPotion"},{"floor":33.0,"key":"PowerPotion"},{"floor":38.0,"key":"Dexterity Potion"},{"floor":48,"key":"LiquidBronze"}],"is_trial":false,"path_per_floor":["M","M","?","M","M","E","?","R","T","?","$","M","E","M","R","B",null,"M","M","M","M","$","R","E","M","T","R","E","M","M","E","R","B",null,"M","?","?","?","$","R","M","E","T","E","$","E","$","E","R","B","B",null],"character_chosen":"IRONCLAD","items_purchased":["Metallicize+1","AttackPotion","Bottled Flame","Dual Wield","Sling","Vajra","Regal Pillow","Dark Embrace+1","Metallicize+1","Energy Potion","PowerPotion"],"campfire_rested":2,"item_purchase_floors":[11,11,22,39,39,39,39,39,45,45,47],"current_hp_per_floor":[65,65,54,56,50,26,26,48,48,25,25,31,17,23,23,10,59,42,43,31,36,36,36,18,13,13,35,40,51,59,61,61,44,71,77,77,80,69,69,69,70,42,42,68,68,43,43,74,74,31,8],"gold":66,"neow_bonus":"TRANSFORM_CARD","is_daily":false,"chose_seed":false,"campfire_upgraded":5,"win_rate":0.0,"timestamp":1613271826,"path_taken":["M","M","?","M","M","E","?","R","T","?","$","M","E","M","R","BOSS","M","M","M","M","$","R","E","M","T","R","E","M","M","E","R","BOSS","M","?","?","?","$","R","M","E","T","E","?","E","$","E","R","BOSS","BOSS"],"items_purchased_type":["Card","Potion","Relic","Card","Relic","Relic","Relic","Card","Card","Potion","Potion"],"build_version":"2020-12-22","purchased_purges":4,"victory":true,"max_hp_per_floor":[75,75,75,75,75,75,75,75,75,75,75,75,75,75,75,75,75,75,75,75,75,75,75,75,75,75,75,75,80,80,80,80,80,80,80,80,80,80,80,80,80,80,80,80,80,80,80,80,80,80,80],"relic_stats":{"Regal Pillow":0,"counters":[30,141],"StoneCalendar":[104],"War Paint":["Spot Weakness","Shrug It Off"],"Burning Blood":180,"Dream Catcher":1,"Shuriken":[35],"Bird Faced Urn":[30],"Bronze Scales":[91],"Snecko Eye":[157,163,167,169],"Kunai":[29],"Champion Belt":[8],"obtain_stats":[{"Regal Pillow":39,"Golden Idol":7,"Oddly Smooth Stone":31,"Vajra":39,"StoneCalendar":44,"Frozen Egg 2":9,"War Paint":48,"Sling":39,"Burning Blood":0,"White Beast Statue":46,"Old Coin":38,"CaptainsWheel":6,"Bottled Flame":22,"Dream Catcher":26,"Shuriken":13,"Bird Faced Urn":42,"Bronze Scales":43,"Snecko Eye":17,"Mark of Pain":34,"Kunai":24,"Champion Belt":37,"StrikeDummy":28},{"Regal Pillow":23,"Golden Idol":5,"Oddly Smooth Stone":19,"Vajra":23,"StoneCalendar":26,"Frozen Egg 2":5,"War Paint":28,"Sling":23,"Burning Blood":0,"White Beast Statue":27,"Old Coin":23,"CaptainsWheel":5,"Bottled Flame":13,"Dream Catcher":15,"Shuriken":7,"Bird Faced Urn":25,"Bronze Scales":25,"Snecko Eye":9,"Mark of Pain":20,"Kunai":14,"Champion Belt":22,"StrikeDummy":16},{"Regal Pillow":93,"Golden Idol":19,"Oddly Smooth Stone":70,"Vajra":93,"StoneCalendar":115,"Frozen Egg 2":19,"War Paint":125,"Sling":93,"Burning Blood":0,"White Beast Statue":122,"Old Coin":93,"CaptainsWheel":19,"Bottled Flame":48,"Dream Catcher":55,"Shuriken":26,"Bird Faced Urn":109,"Bronze Scales":109,"Snecko Eye":37,"Mark of Pain":80,"Kunai":52,"Champion Belt":88,"StrikeDummy":59}]},"card_choices":[{"not_picked":["Flex","Battle Trance"],"picked":"Headbutt","floor":1.0},{"not_picked":["Heavy Blade","Intimidate"],"picked":"Sever Soul","floor":2.0},{"not_picked":["Shrug It Off","Metallicize"],"picked":"Reckless Charge","floor":4.0},{"not_picked":["Rupture","Shrug It Off"],"picked":"Bludgeon","floor":5.0},{"not_picked":["Dark Embrace","Infernal Blade"],"picked":"Carnage","floor":6.0},{"not_picked":["Spot Weakness","Rampage","Hemokinesis"],"picked":"SKIP","floor":12.0},{"not_picked":["Perfected Strike","Havoc"],"picked":"Shrug It Off","floor":13.0},{"not_picked":["Seeing Red","Headbutt"],"picked":"True Grit","floor":14.0},{"not_picked":["Limit Break","Barricade+1"],"picked":"Immolate","floor":16.0},{"not_picked":["Warcry+1","Uppercut"],"picked":"Whirlwind+1","floor":18.0},{"not_picked":["Armaments","True Grit","Wild Strike"],"picked":"SKIP","floor":19.0},{"not_picked":["Sentinel","Clothesline","Clash"],"picked":"SKIP","floor":20.0},{"not_picked":["Thunderclap","Combust+1","Battle Trance"],"picked":"SKIP","floor":21.0},{"not_picked":["Armaments","Whirlwind","Clothesline"],"picked":"SKIP","floor":24.0},{"not_picked":["Rage","Infernal Blade","Sentinel"],"picked":"SKIP","floor":25.0},{"not_picked":["Sword Boomerang","Searing Blow"],"picked":"Shrug It Off","floor":27.0},{"not_picked":["Sword Boomerang+1","Havoc"],"picked":"Reaper","floor":28.0},{"not_picked":["Body Slam","Flex","Headbutt"],"picked":"SKIP","floor":29.0},{"not_picked":["Body Slam","Armaments"],"picked":"Metallicize+1","floor":30.0},{"not_picked":["Infernal Blade","Ghostly Armor","Pommel Strike"],"picked":"SKIP","floor":31.0},{"not_picked":["Reaper","Bludgeon"],"picked":"Demon Form+1","floor":33.0},{"not_picked":["Iron Wave","Pommel Strike","Warcry"],"picked":"SKIP","floor":35.0},{"not_picked":["Body Slam","Battle Trance"],"picked":"Seeing Red+1","floor":37.0},{"not_picked":["Warcry","Headbutt"],"picked":"Armaments","floor":41},{"not_picked":["Rage+1","Infernal Blade+1","Warcry"],"picked":"SKIP","floor":42},{"not_picked":["Offering","Wild Strike+1"],"picked":"Shrug It Off+1","floor":44},{"not_picked":["Flex","Pommel Strike"],"picked":"Uppercut","floor":46},{"not_picked":["Carnage","Clash","Cleave"],"picked":"SKIP","floor":48}],"player_experience":514301,"relics_obtained":[{"floor":6.0,"key":"CaptainsWheel"},{"floor":9.0,"key":"Frozen Egg 2"},{"floor":13.0,"key":"Shuriken"},{"floor":24.0,"key":"Kunai"},{"floor":26.0,"key":"Dream Catcher"},{"floor":28.0,"key":"StrikeDummy"},{"floor":31.0,"key":"Oddly Smooth Stone"},{"floor":37.0,"key":"Champion Belt"},{"floor":38.0,"key":"Old Coin"},{"floor":42,"key":"Bird Faced Urn"},{"floor":43,"key":"Bronze Scales"},{"floor":44,"key":"StoneCalendar"},{"floor":46,"key":"White Beast Statue"},{"floor":48,"key":"War Paint"}],"event_choices":[{"damage_healed":0.0,"max_hp_gain":0.0,"max_hp_loss":0.0,"gold_gain":75.0,"event_name":"World of Goop","player_choice":"Gather Gold","floor":3.0,"gold_loss":0.0,"damage_taken":11.0},{"damage_healed":0.0,"max_hp_gain":0.0,"max_hp_loss":0.0,"gold_gain":0.0,"event_name":"Golden Idol","player_choice":"Take Wound","floor":7.0,"gold_loss":0.0,"damage_taken":0.0,"relics_obtained":["Golden Idol"],"cards_obtained":["Injury"]},{"damage_healed":0.0,"max_hp_gain":0.0,"max_hp_loss":0.0,"gold_gain":0.0,"event_name":"Shining Light","player_choice":"Entered Light","floor":10.0,"gold_loss":0.0,"damage_taken":23.0,"cards_upgraded":["Bludgeon","Defend_R"]},{"damage_healed":0.0,"max_hp_gain":0.0,"max_hp_loss":0.0,"gold_gain":333.0,"event_name":"The Moai Head","player_choice":"Gave Idol","floor":36.0,"relics_lost":["Golden Idol"],"gold_loss":0.0,"damage_taken":0.0},{"damage_healed":0.0,"max_hp_gain":0.0,"max_hp_loss":0.0,"gold_gain":0.0,"event_name":"MindBloom","player_choice":"Fight","floor":37.0,"gold_loss":0.0,"damage_taken":0.0},{"damage_healed":0.0,"max_hp_gain":0.0,"max_hp_loss":0.0,"gold_gain":0.0,"event_name":"Mysterious Sphere","player_choice":"Fight","floor":38.0,"gold_loss":0.0,"damage_taken":0.0}],"is_beta":false,"boss_relics":[{"not_picked":["Busted Crown","Empty Cage"],"picked":"Snecko Eye"},{"not_picked":["SacredBark","Calling Bell"],"picked":"Mark of Pain"}],"items_purged_floors":[11,39,45,47],"is_endless":false,"potions_floor_spawned":[2,12,14,18,19,21,29,31,33,38,41,48],"ascension_level":20}}