{"host":"eaiphzh066bwqdh7","time":1613262630,"event":{"mods":["BaseMod","Better Note","Halation","Hubris","Minty Spire (QoL Compilation)","Reliquary","Replay The Spire","StSLib"],"gold_per_floor":[110,110,110,123,134,134,149,149,149,159,175,23,23,36,36,135,135,153,6,6,23,43,43,43,63,63,63,63,63,78,78,78,175,175,192,192,192,202,48,48,48,48,99,99,116,132,132,146,146,146,146],"floor_reached":50,"language":"ENG","playtime":1200,"items_purged":["Strike_B"],"score":755,"play_id":"fd5e6491-b680-4f26-a4a4-9e9e94148c30","local_time":"20210213193030","is_ascension_mode":true,"campfire_choices":[{"floor":6,"key":"REST"},{"data":"Static Discharge","floor":8,"key":"SMITH"},{"floor":13,"key":"REST"},{"floor":15,"key":"REST"},{"floor":23,"key":"REST"},{"floor":27,"key":"REST"},{"floor":29,"key":"REST"},{"floor":32,"key":"REST"},{"floor":40,"key":"REST"},{"floor":42,"key":"REST"},{"floor":47,"key":"REST"},{"floor":49,"key":"REST"}],"circlet_count":0,"master_deck":["Strike_B+2","Strike_B","Defend_B","Defend_B+1","Defend_B","Defend_B","Zap+1","Dualcast+1","Cold Snap","Static Discharge+1","Streamline","Sweeping Beam","Ball Lightning+1","Lockon+1","Echo Form","Gash","Sunder","hubris:PowerSurge","Static Discharge","Static Discharge","Creative AI","Defragment","Redo+1","Rebound","Blizzard+1","Core Surge"],"relics":["FrozenCore","StoneCalendar","reliquary:Stiletto","Painkiller Herb","MutagenicStrength","reliquary:Buckler","halation:PinkSoulGem","Simple Rune","hubris:SlimyHat","reliquary:FeatherDuster"],"acts_visited":["Exordium","TheCity","TheBeyond"],"potions_floor_usage":[21,22,28,38,45,50],"damage_taken":[{"damage":12,"enemies":"Jaw Worm","floor":1,"turns":3},{"damage":0,"enemies":"Small Slimes","floor":4,"turns":3},{"damage":0,"enemies":"Cultist","floor":5,"turns":4},{"damage":14,"enemies":"Blue Slaver","floor":7,"turns":4},{"damage":14,"enemies":"Red Slaver","floor":10,"turns":2},{"damage":5,"enemies":"2 Fungi Beasts","floor":11,"turns":2},{"damage":6,"enemies":"Blue Slaver","floor":14,"turns":3},{"damage":52,"enemies":"Hexaghost","floor":16,"turns":7},{"damage":21,"enemies":"Shell Parasite","floor":18,"turns":4},{"damage":6,"enemies":"2 Thieves","floor":21,"turns":2},{"damage":24,"enemies":"Snake Plant","floor":22,"turns":3},{"damage":30,"enemies":"Chosen and Byrds","floor":25,"turns":6},{"damage":0,"enemies":"Slavers","floor":28,"turns":1},{"damage":0,"enemies":"Sentry and Sphere","floor":30,"turns":3},{"damage":50,"enemies":"Pondfish","floor":33,"turns":7},{"damage":27,"enemies":"3 Darklings","floor":35,"turns":4},{"damage":21,"enemies":"3 Shapes","floor":38,"turns":5},{"damage":12,"enemies":"Jaw Worm Horde","floor":45,"turns":2},{"damage":50,"enemies":"Sphere and 2 Shapes","floor":46,"turns":3},{"damage":31,"enemies":"Maw","floor":48,"turns":7},{"damage":67,"enemies":"Time Eater","floor":50,"turns":6}],"seed_played":"3899343041588898808","potions_obtained":[{"floor":4,"key":"Explosive Potion"},{"floor":10,"key":"SmokeBomb"},{"floor":14,"key":"Block Potion"},{"floor":21,"key":"Venom Potion"},{"floor":30,"key":"SteroidPotion"},{"floor":33,"key":"Death Potion"},{"floor":38,"key":"Fruit Juice"},{"floor":45,"key":"GamblersBrew"},{"floor":48,"key":"LifebloodPotion"}],"is_trial":false,"path_per_floor":["M","?","?","M","M","R","M","R","T","M","M","$","R","M","R","B",null,"?","T","?","?","?","T","T","?","T","T","E","T","?","?","T","B",null,"?","?","?","?","T","T","?","T","T","T","?","?","T","?","T","B"],"character_chosen":"DEFECT","items_purchased":["reliquary:Stiletto","Redo","Gash","Simple Rune"],"campfire_rested":11,"item_purchase_floors":[12,19,19,39],"current_hp_per_floor":[70,54,54,54,54,78,64,64,64,50,45,45,69,63,82,30,82,61,61,61,55,31,55,55,25,25,49,49,73,73,73,82,32,82,55,55,55,39,39,63,63,83,83,83,71,21,45,14,38,0,0],"gold":146,"neow_bonus":"TEN_PERCENT_HP_BONUS","is_daily":false,"chose_seed":false,"campfire_upgraded":1,"win_rate":0.0,"timestamp":1613262630,"path_taken":["M","?","?","M","M","R","M","R","T","M","M","$","R","M","R","BOSS","?","T","?","?","?","T","T","?","T","T","E","T","?","?","T","BOSS","?","?","?","?","T","T","?","T","T","?","?","?","T","?","T","BOSS"],"items_purchased_type":["Relic","Card","Card","Relic"],"build_version":"2020-12-22","purchased_purges":1,"victory":false,"max_hp_per_floor":[82,82,82,82,82,82,82,82,82,82,82,82,82,82,82,82,82,82,82,82,82,82,82,82,82,82,82,82,82,82,82,82,82,82,82,78,78,83,83,83,83,83,83,83,83,83,83,83,83,83,83],"card_choices":[{"not_picked":["Turbo","Leap"],"picked":"Cold Snap","floor":1},{"not_picked":["Streamline","Lockon"],"picked":"Static Discharge","floor":4},{"not_picked":["Hologram","Thunder Strike"],"picked":"Streamline","floor":5},{"not_picked":["Beam Cell","Hyperbeam"],"picked":"Sweeping Beam","floor":7},{"not_picked":["Streamline","Ball Lightning"],"picked":"Redo","floor":10},{"not_picked":["Rebound","Barrage"],"picked":"Ball Lightning","floor":11},{"not_picked":["Crystallizer","Barrage"],"picked":"Lockon","floor":14},{"not_picked":["Machine Learning","Multi-Cast"],"picked":"Echo Form","floor":16},{"not_picked":["Chill","Cold Snap","Go for the Eyes"],"picked":"SKIP","floor":18},{"not_picked":["Beam Cell+1","Panic Button","Cold Snap"],"picked":"SKIP","floor":21},{"not_picked":["Streamline","Reinforced Body"],"picked":"Sunder","floor":22},{"not_picked":["ReplaySolidLightProjector","Rebound"],"picked":"hubris:PowerSurge","floor":25},{"not_picked":["Ball Lightning+1","Sweeping Beam"],"picked":"Static Discharge","floor":30},{"not_picked":["ReplayTheSpireMod:Omega Cannon","Meteor Strike"],"picked":"Creative AI","floor":33},{"not_picked":["Cold Snap","Leap+1"],"picked":"Defragment","floor":35},{"not_picked":["ReplaySolidLightProjector","ReplayGash"],"picked":"Redo+1","floor":38},{"not_picked":["Go for the Eyes+1","Sweeping Beam"],"picked":"Rebound","floor":45},{"not_picked":["BootSequence","Compile Driver"],"picked":"Blizzard+1","floor":46},{"not_picked":["Darkness","Stack+1"],"picked":"Core Surge","floor":48}],"player_experience":307876,"relics_obtained":[{"floor":9,"key":"StoneCalendar"},{"floor":26,"key":"reliquary:Buckler"},{"floor":43,"key":"hubris:SlimyHat"},{"floor":44,"key":"reliquary:FeatherDuster"}],"event_choices":[{"damage_healed":0,"gold_gain":0,"player_choice":"Entered Light","damage_taken":16,"max_hp_gain":0,"max_hp_loss":0,"event_name":"Shining Light","floor":2,"gold_loss":0,"cards_upgraded":["Dualcast","Strike_B"]},{"damage_healed":0,"gold_gain":0,"player_choice":"Forge","damage_taken":0,"max_hp_gain":0,"max_hp_loss":0,"event_name":"Accursed Blacksmith","floor":3,"gold_loss":0,"cards_upgraded":["Zap"]},{"damage_healed":0,"gold_gain":0,"player_choice":"Inject Mutagens","damage_taken":0,"relics_obtained":["MutagenicStrength"],"max_hp_gain":0,"max_hp_loss":0,"event_name":"Drug Dealer","floor":20,"gold_loss":0},{"damage_healed":0,"gold_gain":0,"cards_transformed":["Strike_B"],"player_choice":"Transformed","damage_taken":0,"max_hp_gain":0,"max_hp_loss":0,"event_name":"Transmorgrifier","floor":31,"gold_loss":0,"cards_obtained":["Static Discharge"]},{"damage_healed":0,"gold_gain":0,"player_choice":"Max HP","damage_taken":0,"max_hp_gain":0,"max_hp_loss":4,"event_name":"Winding Halls","floor":36,"gold_loss":0},{"damage_healed":0,"gold_gain":0,"player_choice":"Ignored","damage_taken":0,"max_hp_gain":0,"max_hp_loss":0,"event_name":"Mysterious Sphere","floor":41,"gold_loss":0}],"is_beta":false,"boss_relics":[{"not_picked":["hubris:GrandSneckoEye","Coffee Dripper"],"picked":"Painkiller Herb"},{"not_picked":["halation:SmartPhone","Kintsugi"],"picked":"FrozenCore"}],"items_purged_floors":[19],"is_endless":false,"potions_floor_spawned":[4,10,14,16,21,30,33,38,45,48],"killed_by":"Time Eater","ascension_level":4}}