{"host":"5fozw18ph4jp5uv8","time":1613284352,"event":{"mods":["BaseMod","Duelist Mod","GifTheSpireLib","Hermit","Minty Spire (QoL Compilation)","StSLib"],"gold_per_floor":[143,143,143,14,25,25,38,38,90,90,90,104,115,135,135,237,237,250,269,286,286,260,260,250,250,250,250,262,262,282,282,282,282,282],"floor_reached":33,"language":"ENG","playtime":2411,"items_purged":[],"score":241,"play_id":"9378e97e-c83d-4ff3-8f9d-4395398dc60e","local_time":"20210213223232","is_ascension_mode":false,"campfire_choices":[{"data":"theDuelist:ContractExodia","floor":6.0,"key":"SMITH"},{"data":"theDuelist:RainbowKuriboh","floor":8.0,"key":"SMITH"},{"data":"theDuelist:PotGreed","floor":15.0,"key":"SMITH"},{"floor":23.0,"key":"REST"},{"floor":32,"key":"REST"}],"circlet_count":0,"master_deck":["theDuelist:CastleWalls","theDuelist:CastleWalls","theDuelist:DarkMagician","theDuelist:MysticalElf+1","theDuelist:MysticalElf","theDuelist:NeoMagic","theDuelist:NeoMagic","theDuelist:Sparks","theDuelist:Sparks","theDuelist:Sparks","theDuelist:RainbowKuriboh+1","theDuelist:ExodiaLL","theDuelist:ContractExodia+1","theDuelist:ExodiaRL+1","theDuelist:SangaThunder+1","theDuelist:PotGreed+1","theDuelist:InjectionFairy+1","theDuelist:SangaEarth+1","theDuelist:IrisEarthMother+1","theDuelist:ExodiaLA+1","Madness","theDuelist:ExodiaRA+1","theDuelist:LegendaryExodia+1","theDuelist:PowerKaishin+1","Normality"],"relics":["theDuelist:MillenniumPuzzle","theDuelist:CardPoolRelic","theDuelist:CardPoolBasicRelic","theDuelist:BoosterPackPoolRelic","theDuelist:CardPoolAddRelic","theDuelist:CardPoolMinusRelic","theDuelist:CardPoolSaveRelic","theDuelist:CardPoolOptionsRelic","NeowsBlessing","theDuelist:BoosterPackMonsterEgg","Centennial Puzzle","Orichalcum","Mark of Pain","theDuelist:MillenniumRing","Juzu Bracelet","Frozen Eye"],"acts_visited":["Exordium","TheCity"],"potions_floor_usage":[],"damage_taken":[{"damage":0.0,"enemies":"Small Slimes","floor":1.0,"turns":1.0},{"damage":0.0,"enemies":"2 Louse","floor":5.0,"turns":1.0},{"damage":0.0,"enemies":"Cultist","floor":7.0,"turns":1.0},{"damage":0.0,"enemies":"Large Slime","floor":12.0,"turns":5.0},{"damage":1.0,"enemies":"Lots of Slimes","floor":13.0,"turns":4.0},{"damage":1.0,"enemies":"2 Fungi Beasts","floor":14.0,"turns":3.0},{"damage":34.0,"enemies":"Hexaghost","floor":16.0,"turns":10.0},{"damage":0.0,"enemies":"Spheric Guardian","floor":18.0,"turns":3.0},{"damage":4.0,"enemies":"2 Thieves","floor":19.0,"turns":4.0},{"damage":12.0,"enemies":"Snake Plant","floor":20.0,"turns":4.0},{"damage":0.0,"enemies":"Centurion and Healer","floor":22.0,"turns":4.0},{"damage":4.0,"enemies":"Cultist and Chosen","floor":24.0,"turns":5.0},{"damage":14.0,"enemies":"Snecko","floor":28.0,"turns":4.0},{"damage":11,"enemies":"Snake Plant","floor":30,"turns":6},{"damage":98,"enemies":"Collector","floor":33,"turns":9}],"seed_played":"8215295364283176354","potions_obtained":[{"floor":1.0,"key":"SpeedPotion"},{"floor":7.0,"key":"Energy Potion"},{"floor":18.0,"key":"theDuelist:TokenPotionB"}],"is_trial":false,"path_per_floor":["M","?","?","$","M","R","M","R","T","?","T","M","M","M","R","B",null,"M","M","M","?","M","R","M","?","T","?","M","?","M","?","R","B"],"character_chosen":"THE_DUELIST","items_purchased":["theDuelist:ExodiaLL","theDuelist:ContractExodia"],"campfire_rested":2,"item_purchase_floors":[4,4],"current_hp_per_floor":[80,74,74,74,74,74,74,74,74,74,74,74,73,77,77,46,80,80,80,68,68,73,80,76,76,76,76,62,62,56,56,80,0,0],"gold":282,"neow_bonus":"THREE_ENEMY_KILL","is_daily":false,"chose_seed":false,"campfire_upgraded":3,"win_rate":0.0,"timestamp":1613284352,"path_taken":["M","?","?","$","M","R","M","R","T","?","?","M","M","M","R","BOSS","M","?","M","?","?","R","M","?","T","?","M","?","M","?","R","BOSS"],"items_purchased_type":["Card","Card"],"build_version":"2020-12-22","purchased_purges":0,"victory":false,"max_hp_per_floor":[80,80,80,80,80,80,80,80,80,80,80,80,80,80,80,80,80,80,80,80,80,80,80,80,80,80,80,80,80,80,80,80,80,80],"card_choices":[{"not_picked":["theDuelist:RainbowDarkDragon","theDuelist:IrisEarthMother","theDuelist:RainbowMagician"],"picked":"theDuelist:RainbowKuriboh","floor":1.0},{"not_picked":["theDuelist:BlizzardWarrior+1","theDuelist:Mudballman+1","theDuelist:InjectionFairy+1","theDuelist:SkilledDarkMagician+1"],"picked":"theDuelist:ExodiaRL+1","floor":5.0},{"not_picked":["theDuelist:BlizzardWarrior+1","theDuelist:InjectionFairy+1","theDuelist:DarkMagician+1","theDuelist:SangaEarth+1"],"picked":"theDuelist:SangaThunder+1","floor":7.0},{"not_picked":["theDuelist:EarthquakeGiant+1","theDuelist:RedMedicine","theDuelist:EvilswarmHeliotrope+1","theDuelist:RedHeadedOni+1"],"picked":"theDuelist:PotGreed","floor":12.0},{"not_picked":["theDuelist:BlizzardWarrior+1","theDuelist:NeoMagic+1","theDuelist:DarkMagician+1","theDuelist:SpellShatteringArrow"],"picked":"theDuelist:InjectionFairy+1","floor":13.0},{"not_picked":["theDuelist:LegendaryFlameLord+1","theDuelist:SangaWater+1"],"picked":"theDuelist:SangaEarth+1","floor":14.0},{"not_picked":["theDuelist:RainbowDarkDragon+1","theDuelist:RainbowMagician+1","theDuelist:RainbowKuriboh+1","theDuelist:RainbowOverdragon+1"],"picked":"theDuelist:IrisEarthMother+1","floor":16.0},{"not_picked":["theDuelist:ApprenticeIllusionMagician+1","theDuelist:FogKing+1"],"picked":"theDuelist:ExodiaLA+1","floor":18.0},{"not_picked":["theDuelist:LavaOrbCard","theDuelist:HellfireOrbCard","theDuelist:GadgetOrbCard","theDuelist:SummonerOrbCard"],"picked":"theDuelist:SurgeOrbCard","floor":19.0},{"not_picked":["theDuelist:ExodiaNecross+1","theDuelist:ContractExodia","theDuelist:ExodiaRL+1","theDuelist:ExodiaLA+1"],"picked":"theDuelist:ExodiaRA+1","floor":20.0},{"not_picked":["theDuelist:SkilledDarkMagician+1","theDuelist:ApprenticeIllusionMagician+1"],"picked":"theDuelist:LegendaryExodia+1","floor":22.0},{"not_picked":["theDuelist:CosmicHorrorGangiel+1","theDuelist:InfernoFireBlast","theDuelist:GuardianAngel+1"],"picked":"SKIP","floor":24.0},{"not_picked":["theDuelist:Wildfire+1","theDuelist:DiffusionWaveMotion","theDuelist:CircleFireKings+1","theDuelist:CallAtlanteans+1"],"picked":"theDuelist:PowerKaishin+1","floor":28.0},{"not_picked":["theDuelist:GraniteLoyalist+1","theDuelist:HammerShot","theDuelist:Cloning","theDuelist:EarthquakeGiant+1"],"picked":"theDuelist:DianKeto","floor":30}],"player_experience":42330,"relics_obtained":[{"floor":9.0,"key":"Centennial Puzzle"},{"floor":11.0,"key":"Orichalcum"},{"floor":26.0,"key":"Juzu Bracelet"}],"event_choices":[{"damage_healed":0.0,"max_hp_gain":0.0,"max_hp_loss":0.0,"gold_gain":0.0,"event_name":"Aknamkanon\u0027s Tomb","player_choice":"Dig - random Duelist relic","duelist":true,"floor":2.0,"gold_loss":0.0,"damage_taken":0.0},{"damage_healed":0.0,"max_hp_gain":0.0,"max_hp_loss":0.0,"gold_gain":0.0,"event_name":"The Cleric","player_choice":"Leave","floor":3.0,"gold_loss":0.0,"damage_taken":0.0},{"damage_healed":0.0,"max_hp_gain":0.0,"max_hp_loss":0.0,"gold_gain":0.0,"event_name":"Shining Light","player_choice":"Ignored","floor":10.0,"gold_loss":0.0,"damage_taken":0.0},{"damage_healed":0.0,"max_hp_gain":0.0,"max_hp_loss":0.0,"gold_gain":0.0,"event_name":"Millennium Items","player_choice":"Took item - Received: Millennium Ring","duelist":true,"floor":21.0,"gold_loss":0.0,"damage_taken":0.0},{"damage_healed":0.0,"max_hp_gain":0.0,"max_hp_loss":0.0,"gold_gain":0.0,"event_name":"Accursed Blacksmith","player_choice":"Forge","floor":25.0,"gold_loss":0.0,"damage_taken":0.0,"cards_upgraded":["theDuelist:MysticalElf"]},{"damage_healed":0.0,"max_hp_gain":0.0,"max_hp_loss":0.0,"gold_gain":0.0,"event_name":"Vampires","player_choice":"Ignored","floor":27.0,"gold_loss":0.0,"damage_taken":0.0},{"damage_healed":0.0,"max_hp_gain":0.0,"max_hp_loss":0.0,"gold_gain":0.0,"cards_transformed":["theDuelist:CursedBill"],"event_name":"Transmorgrifier","player_choice":"Transformed","floor":29.0,"gold_loss":0.0,"damage_taken":0.0,"cards_obtained":["Normality"]},{"damage_healed":0,"gold_gain":0,"player_choice":"Leave","duelist":true,"damage_taken":0,"max_hp_gain":0,"max_hp_loss":0,"event_name":"Millennium Items","floor":31,"gold_loss":0}],"is_beta":false,"boss_relics":[{"not_picked":["Coffee Dripper","SacredBark"],"picked":"Mark of Pain"}],"items_purged_floors":[],"is_endless":false,"potions_floor_spawned":[1,7,18,20,28,30],"killed_by":"Collector","ascension_level":0}}