{"host":"q6ff4ns2kep02ti6","time":1613330716,"event":{"mods":["AchievementEnabler","BaseMod","Minty Spire (QoL Compilation)","Relic Stats","StSLib","Unceasing Turn Reminder"],"gold_per_floor":[114,124,124,49,49,74,74,106,106,106,122,136,166,177,177,253,253,269,288,288,288],"floor_reached":20,"language":"ENG","playtime":1434,"items_purged":[],"score":538,"play_id":"25c5d850-1f2f-4d06-9a8a-a38aa7e0bd95","local_time":"20210214202516","is_ascension_mode":true,"campfire_choices":[{"data":"Anger","floor":7,"key":"SMITH"},{"data":"Fire Breathing","floor":10,"key":"SMITH"},{"data":"Bash","floor":15,"key":"SMITH"}],"circlet_count":0,"master_deck":["AscendersBane","Strike_R","Strike_R","Strike_R","Defend_R","Defend_R","Defend_R","Defend_R","Bash+1","Anger+1","Ghostly Armor","True Grit","Fire Breathing+1","Dropkick","Berserk+1","Juggernaut+1","Feel No Pain+1"],"relics":["Burning Blood","NeowsBlessing","InkBottle","Ancient Tea Set","Kunai","Frozen Egg 2","Dead Branch","SlaversCollar"],"acts_visited":["Exordium","TheCity"],"potions_floor_usage":[16,18,19,19],"damage_taken":[{"damage":0,"enemies":"2 Louse","floor":1,"turns":1},{"damage":0,"enemies":"Small Slimes","floor":2,"turns":1},{"damage":0,"enemies":"Lagavulin","floor":6,"turns":1},{"damage":32,"enemies":"Gremlin Nob","floor":8,"turns":4},{"damage":0,"enemies":"Jaw Worm","floor":11,"turns":3},{"damage":2,"enemies":"3 Louse","floor":12,"turns":5},{"damage":19,"enemies":"Lagavulin","floor":13,"turns":6},{"damage":14,"enemies":"Exordium Thugs","floor":14,"turns":4},{"damage":0,"enemies":"Slime Boss","floor":16,"turns":5},{"damage":45,"enemies":"Shell Parasite","floor":18,"turns":6},{"damage":22,"enemies":"Spheric Guardian","floor":19,"turns":4},{"damage":18,"enemies":"Chosen and Byrds","floor":20,"turns":2}],"seed_played":"-22888653287485894","potions_obtained":[{"floor":6,"key":"Explosive Potion"},{"floor":12,"key":"GamblersBrew"},{"floor":16,"key":"ElixirPotion"},{"floor":18,"key":"ElixirPotion"}],"is_trial":false,"path_per_floor":["M","M","?","?","?","E","R","E","T","R","M","M","E","M","R","B",null,"M","M","M"],"character_chosen":"IRONCLAD","items_purchased":[],"campfire_rested":0,"item_purchase_floors":[],"current_hp_per_floor":[74,75,70,70,63,69,69,43,43,43,49,53,40,32,32,38,66,27,11,0,0],"gold":288,"neow_bonus":"THREE_ENEMY_KILL","is_daily":false,"chose_seed":false,"campfire_upgraded":3,"win_rate":0.0,"timestamp":1613330716,"path_taken":["M","M","?","?","?","E","R","E","T","R","M","M","E","M","R","BOSS","M","M","M"],"items_purchased_type":[],"build_version":"2020-12-22","purchased_purges":0,"victory":false,"max_hp_per_floor":[75,75,75,75,75,75,75,75,75,75,75,75,75,75,75,75,75,75,75,75,75],"relic_stats":{"counters":[12,42],"Dead Branch":[21],"Kunai":[13],"obtain_stats":[{"SlaversCollar":17,"NeowsBlessing":0,"Dead Branch":13,"Kunai":8,"Frozen Egg 2":9,"Ancient Tea Set":6,"Burning Blood":0,"InkBottle":3},{"SlaversCollar":9,"NeowsBlessing":0,"Dead Branch":7,"Kunai":4,"Frozen Egg 2":4,"Ancient Tea Set":3,"Burning Blood":0,"InkBottle":2},{"SlaversCollar":30,"NeowsBlessing":0,"Dead Branch":21,"Kunai":7,"Frozen Egg 2":7,"Ancient Tea Set":3,"Burning Blood":0,"InkBottle":2}],"Burning Blood":61,"InkBottle":[13]},"card_choices":[{"not_picked":["Ghostly Armor","True Grit"],"picked":"Anger","floor":1},{"not_picked":["Sword Boomerang","Shrug It Off"],"picked":"Ghostly Armor","floor":2},{"not_picked":["Heavy Blade","Entrench"],"picked":"True Grit","floor":6},{"not_picked":["Sever Soul","Sword Boomerang"],"picked":"Fire Breathing","floor":8},{"not_picked":["True Grit","Body Slam"],"picked":"Dropkick","floor":11},{"not_picked":["Searing Blow","Carnage","Heavy Blade"],"picked":"SKIP","floor":12},{"not_picked":["Perfected Strike","Evolve+1","Reckless Charge"],"picked":"SKIP","floor":13},{"not_picked":["Cleave","Clash"],"picked":"Berserk+1","floor":14},{"not_picked":["Brutality+1","Exhume"],"picked":"Juggernaut+1","floor":16},{"not_picked":["Warcry","Intimidate","Clash"],"picked":"SKIP","floor":18},{"not_picked":["Dropkick","Clothesline+1"],"picked":"Feel No Pain+1","floor":19}],"player_experience":1060667,"relics_obtained":[{"floor":6,"key":"Ancient Tea Set"},{"floor":8,"key":"Kunai"},{"floor":9,"key":"Frozen Egg 2"},{"floor":13,"key":"Dead Branch"}],"event_choices":[{"damage_healed":0,"gold_gain":0,"player_choice":"Success","damage_taken":5,"relics_obtained":["InkBottle"],"max_hp_gain":0,"max_hp_loss":0,"event_name":"Scrap Ooze","floor":3,"gold_loss":0},{"cards_removed":["Strike_R"],"damage_healed":0,"gold_gain":0,"player_choice":"Card Removal","damage_taken":0,"max_hp_gain":0,"max_hp_loss":0,"event_name":"The Cleric","floor":4,"gold_loss":75},{"cards_removed":["Strike_R"],"damage_healed":0,"gold_gain":0,"player_choice":"Card Removal","damage_taken":7,"max_hp_gain":0,"max_hp_loss":0,"event_name":"Golden Wing","floor":5,"gold_loss":0}],"is_beta":false,"boss_relics":[{"not_picked":["Coffee Dripper","Sozu"],"picked":"SlaversCollar"}],"items_purged_floors":[],"is_endless":false,"potions_floor_spawned":[6,12,13,16,18],"killed_by":"Chosen and Byrds","ascension_level":20}}