{"host":"f6w7z8zvb0mi4wy9","time":1613340498,"event":{"mods":["BaseMod","Colored Map","Minty Spire (QoL Compilation)","READ ME - Guardian Mod","StSLib","SuperFastMode","The Jungle"],"gold_per_floor":[117,117,136,153,170,198,198,217,217,252,262,109,136,236,236,340,640,652,680,696,696,199,199,199,224,224,235,247,247,4,28,28,132,132,146,158,122,132,142,142,170,181,181,181,195,37,52,80,80,80,80,80,18,44,44],"floor_reached":56,"language":"KOR","playtime":1782,"items_purged":[],"score":1473,"play_id":"53848549-35f1-4e8f-a120-75b23f863f55","local_time":"20210215070818","is_ascension_mode":true,"campfire_choices":[{"data":"Dualcast","floor":7.0,"key":"SMITH"},{"data":"Defragment","floor":15.0,"key":"SMITH"},{"data":"Creative AI","floor":23.0,"key":"SMITH"},{"floor":32.0,"key":"REST"},{"data":"White Noise","floor":40.0,"key":"SMITH"},{"floor":44.0,"key":"RECALL"},{"floor":49,"key":"REST"},{"data":"Heatsinks","floor":52,"key":"SMITH"}],"circlet_count":0,"master_deck":["Strike_B","Strike_B","Defend_B","Defend_B","Defend_B","Defend_B","Zap+1","Dualcast+1","Streamline","Skim","Core Surge","Gash","Ball Lightning","Go for the Eyes","Defragment+1","Scrape","Steam","Creative AI+1","CurseOfTheBell","Cold Snap+1","FTL","Force Field","Fission","Fusion","Swift Strike","Beam Cell","Defragment+1","Gash+1","All For One","White Noise+1","Heatsinks+1","Defragment","Scrape","Defragment+1","Redo+1","Go for the Eyes+1","Heatsinks","Force Field+1","Defragment","Thunder Strike"],"relics":["Cracked Core","NeowsBlessing","Centennial Puzzle","Gremlin Horn","Orrery","Vajra","Calling Bell","Strawberry","StrikeDummy","Old Coin","Red Mask","Matryoshka","OrangePellets","Nilry\u0027s Codex","Blue Candle","MealTicket","Shuriken","Pen Nib","Ancient Tea Set","Mummified Hand","Potion Belt","SlaversCollar","Dream Catcher","The Courier","Prayer Wheel","Oddly Smooth Stone"],"acts_visited":["Exordium","TheCity","TheBeyond","TheEnding"],"potions_floor_usage":[46,50,54,54,55,55,55,55,55,55,55],"damage_taken":[{"damage":0.0,"enemies":"Jaw Worm","floor":1.0,"turns":1.0},{"damage":0.0,"enemies":"Cultist","floor":3.0,"turns":1.0},{"damage":0.0,"enemies":"Small Slimes","floor":4.0,"turns":1.0},{"damage":0.0,"enemies":"Red Slaver","floor":5.0,"turns":3.0},{"damage":36.0,"enemies":"Gremlin Nob","floor":6.0,"turns":4.0},{"damage":9.0,"enemies":"3 Louse","floor":8.0,"turns":2.0},{"damage":13.0,"enemies":"Lagavulin","floor":10.0,"turns":5.0},{"damage":6.0,"enemies":"Large Slime","floor":11.0,"turns":3.0},{"damage":11.0,"enemies":"3 Sentries","floor":13.0,"turns":4.0},{"damage":7.0,"enemies":"Slime Boss","floor":16.0,"turns":6.0},{"damage":10.0,"enemies":"Shell Parasite","floor":18.0,"turns":5.0},{"damage":10.0,"enemies":"Masked Bandits","floor":19.0,"turns":2.0},{"damage":0.0,"enemies":"Chosen","floor":20.0,"turns":3.0},{"damage":18.0,"enemies":"Slavers","floor":25.0,"turns":4.0},{"damage":30.0,"enemies":"Sentry and Sphere","floor":27.0,"turns":4.0},{"damage":1.0,"enemies":"Cultist and Chosen","floor":28.0,"turns":5.0},{"damage":16.0,"enemies":"Collector","floor":33.0,"turns":7.0},{"damage":13.0,"enemies":"3 Shapes","floor":35.0,"turns":4.0},{"damage":20.0,"enemies":"Orb Walker","floor":36.0,"turns":3.0},{"damage":1.0,"enemies":"Spire Growth","floor":38.0,"turns":5.0},{"damage":7.0,"enemies":"Writhing Mass","floor":39.0,"turns":5.0},{"damage":0.0,"enemies":"Giant Head","floor":41.0,"turns":5.0},{"damage":20.0,"enemies":"Jaw Worm Horde","floor":42.0,"turns":2.0},{"damage":0.0,"enemies":"4 Shapes","floor":45.0,"turns":3.0},{"damage":7,"enemies":"Sphere and 2 Shapes","floor":47,"turns":3},{"damage":7,"enemies":"Nemesis","floor":48,"turns":3},{"damage":35,"enemies":"Time Eater","floor":50,"turns":14},{"damage":5,"enemies":"Shield and Spear","floor":54,"turns":3},{"damage":29,"enemies":"The Heart","floor":55,"turns":6}],"seed_played":"914245017212314841","potions_obtained":[{"floor":3.0,"key":"BlessingOfTheForge"},{"floor":5.0,"key":"Regen Potion"},{"floor":6.0,"key":"PowerPotion"},{"floor":10.0,"key":"Regen Potion"},{"floor":16.0,"key":"PowerPotion"},{"floor":18.0,"key":"Fruit Juice"},{"floor":20.0,"key":"AttackPotion"},{"floor":33.0,"key":"Fire Potion"},{"floor":36.0,"key":"FocusPotion"},{"floor":39.0,"key":"ColorlessPotion"},{"floor":41.0,"key":"Dexterity Potion"},{"floor":42.0,"key":"EntropicBrew"}],"is_trial":false,"path_per_floor":["M","?","M","M","M","E","R","M","T","E","M","$","E","?","R","B",null,"M","?","M","?","$","R","?","E","T","M","M","T","$","T","R","B",null,"M","M","$","M","M","R","E","M","T","R","M","$","M","E","R","B",null,"R","$","E","B",null],"character_chosen":"DEFECT","items_purchased":["Orrery","Matryoshka","OrangePellets","Swift Strike","Beam Cell","Mummified Hand","Defragment","Fruit Juice","EntropicBrew","LiquidMemories"],"campfire_rested":2,"item_purchase_floors":[12,22,22,22,22,30,37,46,46,53],"current_hp_per_floor":[75,75,75,75,75,44,44,35,35,22,16,16,17,17,17,10,82,77,67,67,67,67,67,51,33,33,3,2,2,17,17,43,27,87,74,54,69,68,61,61,61,41,41,41,41,61,54,47,74,39,92,92,92,87,58],"gold":44,"neow_bonus":"THREE_ENEMY_KILL","is_daily":false,"chose_seed":false,"campfire_upgraded":5,"win_rate":0.0,"timestamp":1613340498,"path_taken":["M","?","M","?","?","E","R","M","T","E","M","$","E","?","R","BOSS","M","?","M","?","$","R","?","E","T","M","?","?","?","?","R","BOSS","M","M","$","M","M","R","E","M","T","R","M","$","M","E","R","BOSS","R","$","E","BOSS"],"items_purchased_type":["Relic","Relic","Relic","Card","Card","Relic","Card","Potion","Potion","Potion"],"build_version":"2020-12-22","purchased_purges":0,"victory":true,"max_hp_per_floor":[75,75,75,75,75,75,75,75,75,75,75,75,75,75,75,75,82,87,87,87,87,87,87,87,87,87,87,87,87,87,87,87,87,87,87,87,87,87,87,87,87,87,87,87,87,92,92,92,92,92,92,92,92,92,92],"card_choices":[{"not_picked":["Conserve Battery","Coolheaded"],"picked":"Streamline","floor":1.0},{"not_picked":["Rebound","Recycle"],"picked":"Skim","floor":3.0},{"not_picked":["Go for the Eyes","Coolheaded"],"picked":"Core Surge","floor":4.0},{"not_picked":["Lockon","Redo"],"picked":"Gash","floor":5.0},{"not_picked":["Thunder Strike","Recycle"],"picked":"Ball Lightning","floor":6.0},{"not_picked":["Darkness","Conserve Battery","Aggregate"],"picked":"SKIP","floor":8.0},{"not_picked":["Lockon","Stack","Sweeping Beam"],"picked":"SKIP","floor":10.0},{"not_picked":["Rip and Tear","Fusion","Redo"],"picked":"SKIP","floor":11.0},{"not_picked":["Hologram","Genetic Algorithm"],"picked":"Go for the Eyes","floor":12.0},{"not_picked":["Go for the Eyes","Force Field"],"picked":"Defragment","floor":12.0},{"not_picked":["Reinforced Body","Streamline"],"picked":"Scrape","floor":12.0},{"not_picked":["Hello World","Stack"],"picked":"Steam","floor":12.0},{"not_picked":["Genetic Algorithm","Skim","Sunder"],"picked":"SKIP","floor":13.0},{"not_picked":["Seek","Thunder Strike"],"picked":"Creative AI","floor":16.0},{"not_picked":["Rebound","Reinforced Body+1"],"picked":"Cold Snap+1","floor":18.0},{"not_picked":["Hologram","Redo"],"picked":"FTL","floor":19.0},{"not_picked":["Compile Driver","Streamline"],"picked":"Force Field","floor":20.0},{"not_picked":["Go for the Eyes","Leap"],"picked":"Defragment+1","floor":25.0},{"not_picked":["Streamline+1","Genetic Algorithm"],"picked":"Gash+1","floor":27.0},{"not_picked":["Stack","Darkness+1","Hologram"],"picked":"SKIP","floor":28.0},{"not_picked":["Reboot","Seek"],"picked":"All For One","floor":33.0},{"not_picked":["Leap+1","Hologram"],"picked":"White Noise","floor":35.0},{"not_picked":["Beam Cell+1","Scrape"],"picked":"Heatsinks","floor":36.0},{"not_picked":["Recycle","Cold Snap"],"picked":"Scrape","floor":38.0},{"not_picked":["Streamline","Rebound"],"picked":"Defragment+1","floor":39.0},{"not_picked":["Fission","Steam"],"picked":"Redo+1","floor":41.0},{"not_picked":["Rebound+1","Aggregate+1"],"picked":"Go for the Eyes+1","floor":42.0},{"not_picked":["Doom and Gloom+1","Redo"],"picked":"Heatsinks","floor":45.0},{"not_picked":["Barrage","Turbo","Hologram"],"picked":"SKIP","floor":47},{"not_picked":["Go for the Eyes","Cold Snap+1"],"picked":"Force Field+1","floor":48},{"not_picked":["Barrage","Turbo+1"],"picked":"Defragment","floor":49},{"not_picked":["Coolheaded","Static Discharge+1"],"picked":"Thunder Strike","floor":54}],"player_experience":939960,"relics_obtained":[{"floor":6.0,"key":"Centennial Puzzle"},{"floor":10.0,"key":"Gremlin Horn"},{"floor":13.0,"key":"Vajra"},{"floor":17.0,"key":"Strawberry"},{"floor":17.0,"key":"StrikeDummy"},{"floor":17.0,"key":"Old Coin"},{"floor":19.0,"key":"Red Mask"},{"floor":24.0,"key":"Nilry\u0027s Codex"},{"floor":25.0,"key":"Blue Candle"},{"floor":26.0,"key":"MealTicket"},{"floor":26.0,"key":"Shuriken"},{"floor":29.0,"key":"Pen Nib"},{"floor":29.0,"key":"Ancient Tea Set"},{"floor":31.0,"key":"Potion Belt"},{"floor":41.0,"key":"Dream Catcher"},{"floor":43.0,"key":"The Courier"},{"floor":48,"key":"Prayer Wheel"},{"floor":54,"key":"Oddly Smooth Stone"}],"event_choices":[{"damage_healed":0.0,"max_hp_gain":0.0,"max_hp_loss":0.0,"gold_gain":0.0,"event_name":"Upgrade Shrine","player_choice":"Upgraded","floor":2.0,"gold_loss":0.0,"damage_taken":0.0,"cards_upgraded":["Zap"]},{"damage_healed":0.0,"max_hp_gain":0.0,"max_hp_loss":0.0,"gold_gain":100.0,"event_name":"Golden Shrine","player_choice":"Pray","floor":14.0,"gold_loss":0.0,"damage_taken":0.0},{"damage_healed":0.0,"max_hp_gain":0.0,"max_hp_loss":0.0,"gold_gain":0.0,"event_name":"Masked Bandits","player_choice":"Fought Bandits","floor":19.0,"gold_loss":0.0,"damage_taken":0.0},{"damage_healed":0.0,"max_hp_gain":0.0,"max_hp_loss":0.0,"gold_gain":0.0,"cards_transformed":["Strike_B","Strike_B"],"event_name":"Drug Dealer","player_choice":"Became Test Subject","floor":21.0,"gold_loss":0.0,"damage_taken":0.0,"cards_obtained":["Fission","Fusion"]},{"damage_healed":0.0,"max_hp_gain":0.0,"max_hp_loss":0.0,"gold_gain":0.0,"event_name":"Cursed Tome","player_choice":"Obtained Book","floor":24.0,"gold_loss":0.0,"damage_taken":16.0}],"is_beta":false,"boss_relics":[{"not_picked":["Astrolabe","SacredBark"],"picked":"Calling Bell"},{"not_picked":["Cursed Key","Velvet Choker"],"picked":"SlaversCollar"}],"items_purged_floors":[],"is_endless":false,"potions_floor_spawned":[3,5,6,10,16,18,20,33,36,39,41,42],"ascension_level":1}}