{"host":"coxx14wiryochsh8","time":1613330205,"event":{"mods":["2.2 Compatiblity","Act Like it!","Bartender","BaseMod","Better Third Choice","BetterRewards","Colored Map","DeckTracker","Downfall","Emptier Cage","Energized Spire","Gensokyo","Hermit","Hubris","Minty Spire (QoL Compilation)","Replay The Spire","StSLib","SuperFastMode","The Blackbeard","The Runesmith","The Servant 0.9.4"],"gold_per_floor":[99,119,119,136,201,301,301,401,401,401,401],"floor_reached":9,"language":"ENG","playtime":630,"items_purged":[],"score":49,"play_id":"311e2c33-bc2c-4f96-8f5f-4c9025425894","local_time":"20210214141645","is_ascension_mode":false,"campfire_choices":[{"data":"hexamod:Sear","floor":1,"key":"SMITH"}],"circlet_count":0,"master_deck":["hexamod:Strike","hexamod:Strike","hexamod:Defend","hexamod:Defend","hexamod:Defend","hexamod:Defend","hexamod:Sear+1","hexamod:Float","hexamod:InspiringFlames","hexamod:HeatCrush+1","hexamod:ShieldOfDarkness","hexamod:SkipABeat","hexamod:NightmareStrike","hexamod:Sear","hexamod:ShieldOfDarkness","hexamod:RecurringNightmare","hexamod:SearingWound","Impatience","hubris:Compulsion","hexamod:GhostOfSpireFuture"],"relics":["hubris:RunicObelisk","Replay:Bottled Flurry","Replay:Arrowhead","FossilizedHelix","downfall:GremlinSack"],"acts_visited":["Exordium"],"potions_floor_usage":[],"damage_taken":[{"damage":0,"enemies":"Cultist","floor":2,"turns":3},{"damage":0,"enemies":"2 Louse","floor":4,"turns":3},{"damage":14,"enemies":"Gremlin Nob","floor":5,"turns":3},{"damage":37,"enemies":"downfall:Heads","floor":6,"turns":6},{"damage":16,"enemies":"downfall:Heads","floor":8,"turns":5},{"damage":34,"enemies":"Gremlin Nob","floor":9,"turns":4}],"seed_played":"-8684664975995517729","potions_obtained":[{"floor":4,"key":"Reflective Coating"}],"is_trial":false,"path_per_floor":["R","M","T","M","?","?","T","?","E"],"character_chosen":"THE_SPIRIT","items_purchased":[],"campfire_rested":0,"item_purchase_floors":[],"current_hp_per_floor":[70,70,70,70,56,19,19,3,0,0,0],"gold":401,"neow_bonus":"BOSS_RELIC","is_daily":false,"chose_seed":false,"campfire_upgraded":1,"win_rate":0.0,"timestamp":1613330205,"path_taken":["R","M","?","M","?","?","T","?","E"],"items_purchased_type":[],"build_version":"2020-12-22","purchased_purges":0,"victory":false,"max_hp_per_floor":[70,70,70,70,70,70,70,70,70,70,70],"card_choices":[{"not_picked":["hexamod:HauntingEcho","hexamod:BacktrackSmack"],"picked":"hexamod:InspiringFlames","floor":2},{"not_picked":["hexamod:SwordOfDarkness","hexamod:AdvancingGuard"],"picked":"hexamod:HeatCrush","floor":4},{"not_picked":["hexamod:Incineration","hexamod:AdvancingGuard"],"picked":"hexamod:ShieldOfDarkness","floor":5},{"not_picked":["hexamod:NightmareGuise","hexamod:ThermalTransfer"],"picked":"hexamod:NightmareStrike","floor":6},{"not_picked":["hexamod:GiftsFromTheDead","hexamod:BacktrackSmack"],"picked":"hexamod:GhostOfSpireFuture","floor":8}],"player_experience":700152,"relics_obtained":[{"floor":3,"key":"Replay:Bottled Flurry"},{"floor":5,"key":"Replay:Arrowhead"},{"floor":7,"key":"FossilizedHelix"},{"floor":8,"key":"downfall:GremlinSack"}],"event_choices":[],"is_beta":false,"boss_relics":[],"items_purged_floors":[],"is_endless":false,"potions_floor_spawned":[4],"killed_by":"Gremlin Nob","ascension_level":0}}