{"host":"qc8p2flj7wsy3zpg","time":1613336843,"event":{"mods":["BaseMod","Highlight Path","Minty Spire (QoL Compilation)","Relic Stats","StSLib"],"gold_per_floor":[111,130,148,163,181,206,145,171,198,198,212,223,223,8,8,87,87,99,115,125,175,90,90,105,105,128,142,174,174,204,129,129,203,203,221,246,226,242,192,218,218,218,218],"floor_reached":42,"language":"ENG","playtime":2076,"items_purged":["Strike_R"],"score":981,"play_id":"22fb2527-2073-4cce-95a7-4672421d6fe6","local_time":"20210214150723","is_ascension_mode":true,"campfire_choices":[{"data":"Feed","floor":10.0,"key":"SMITH"},{"floor":13.0,"key":"REST"},{"data":"Shockwave","floor":15.0,"key":"SMITH"},{"floor":23.0,"key":"REST"},{"floor":25.0,"key":"REST"},{"data":"Heavy Blade","floor":29.0,"key":"SMITH"},{"data":"True Grit","floor":32.0,"key":"SMITH"},{"floor":41.0,"key":"REST"}],"circlet_count":0,"master_deck":["AscendersBane","Strike_R","Strike_R","Strike_R","Defend_R","Defend_R","Defend_R","Defend_R","Bash","Anger","Clothesline","Twin Strike","Feed+1","Headbutt","Wild Strike","Pummel","Sentinel+1","Shockwave+1","True Grit+1","Inflame","Immolate","Battle Trance","Armaments","Shrug It Off","Thunderclap","Heavy Blade+1","True Grit+1","Impervious","Cleave+1"],"relics":["Burning Blood","Magic Flower","Vajra","Bag of Preparation","Orrery","SlaversCollar","Blood Vial","Smiling Mask","War Paint","Eternal Feather","Busted Crown","WingedGreaves","Charon\u0027s Ashes"],"acts_visited":["Exordium","TheCity","TheBeyond"],"potions_floor_usage":[42],"damage_taken":[{"damage":7.0,"enemies":"Cultist","floor":1.0,"turns":4.0},{"damage":9.0,"enemies":"Jaw Worm","floor":2.0,"turns":4.0},{"damage":0.0,"enemies":"Small Slimes","floor":3.0,"turns":2.0},{"damage":9.0,"enemies":"Blue Slaver","floor":4.0,"turns":4.0},{"damage":12.0,"enemies":"Large Slime","floor":5.0,"turns":3.0},{"damage":40.0,"enemies":"Gremlin Nob","floor":6.0,"turns":5.0},{"damage":12.0,"enemies":"3 Sentries","floor":8.0,"turns":14.0},{"damage":28.0,"enemies":"Exordium Thugs","floor":11.0,"turns":4.0},{"damage":16.0,"enemies":"Exordium Wildlife","floor":12.0,"turns":5.0},{"damage":48.0,"enemies":"Hexaghost","floor":16.0,"turns":10.0},{"damage":29.0,"enemies":"Shell Parasite","floor":18.0,"turns":5.0},{"damage":6.0,"enemies":"Spheric Guardian","floor":19.0,"turns":4.0},{"damage":37.0,"enemies":"Snecko","floor":20.0,"turns":8.0},{"damage":30.0,"enemies":"Chosen and Byrds","floor":24.0,"turns":6.0},{"damage":26.0,"enemies":"Centurion and Healer","floor":27.0,"turns":8.0},{"damage":22.0,"enemies":"Slavers","floor":28.0,"turns":7.0},{"damage":18.0,"enemies":"Gremlin Leader","floor":30.0,"turns":5.0},{"damage":97.0,"enemies":"Champ","floor":33.0,"turns":12.0},{"damage":24.0,"enemies":"Orb Walker","floor":35.0,"turns":4.0},{"damage":17.0,"enemies":"Mind Bloom Boss Battle","floor":36.0,"turns":8.0},{"damage":29.0,"enemies":"3 Darklings","floor":38.0,"turns":5.0},{"damage":44.0,"enemies":"Reptomancer","floor":40.0,"turns":8.0},{"damage":73,"enemies":"Giant Head","floor":42,"turns":6}],"seed_played":"3634883112498366896","potions_obtained":[{"floor":1.0,"key":"HeartOfIron"},{"floor":4.0,"key":"BlessingOfTheForge"},{"floor":6.0,"key":"BlessingOfTheForge"},{"floor":11.0,"key":"BlessingOfTheForge"},{"floor":18.0,"key":"EntropicBrew"},{"floor":20.0,"key":"GamblersBrew"},{"floor":27.0,"key":"GamblersBrew"},{"floor":28.0,"key":"FairyPotion"},{"floor":30.0,"key":"HeartOfIron"},{"floor":33.0,"key":"LiquidBronze"},{"floor":35.0,"key":"BlessingOfTheForge"},{"floor":37.0,"key":"GamblersBrew"},{"floor":40.0,"key":"Fire Potion"}],"is_trial":false,"path_per_floor":["M","M","M","M","M","E","?","E","T","R","M","M","R","$","R","B",null,"M","M","M","?","?","R","M","R","T","M","E","R","E","?","R","B",null,"M","?","?","M","$","E","R","E"],"character_chosen":"IRONCLAD","items_purchased":["Orrery","BloodPotion"],"campfire_rested":4,"item_purchase_floors":[14,14],"current_hp_per_floor":[68,68,68,68,71,40,40,43,43,43,24,17,39,39,39,23,63,43,46,24,24,24,48,30,54,54,46,42,42,36,36,51,14,70,64,65,65,54,54,22,67,0,0],"gold":218,"neow_bonus":"ONE_RARE_RELIC","is_daily":false,"chose_seed":false,"campfire_upgraded":4,"win_rate":0.0,"timestamp":1613336843,"path_taken":["M","?","M","M","M","E","?","E","T","R","M","M","R","$","R","BOSS","M","M","M","?","?","R","M","R","T","M","E","R","E","?","R","BOSS","M","?","?","?","$","E","R","E"],"items_purchased_type":["Relic","Potion"],"build_version":"2020-12-22","purchased_purges":1,"victory":false,"max_hp_per_floor":[68,68,68,68,72,72,72,76,76,76,76,76,76,76,76,76,76,76,76,80,80,80,80,80,80,80,84,88,88,88,88,88,88,88,92,96,96,100,100,100,100,100,100],"relic_stats":{"Blood Vial":30,"Busted Crown":8,"counters":[23,141],"Magic Flower":[108],"Eternal Feather":30,"Charon\u0027s Ashes":[12],"Bag of Preparation":[32],"War Paint":["Sentinel","True Grit"],"Smiling Mask":25,"obtain_stats":[{"Magic Flower":0,"Vajra":6,"Eternal Feather":30,"Charon\u0027s Ashes":40,"Bag of Preparation":8,"War Paint":28,"Smiling Mask":26,"Burning Blood":0,"Blood Vial":22,"SlaversCollar":17,"Busted Crown":34,"Orrery":14,"WingedGreaves":36},{"Magic Flower":0,"Vajra":6,"Eternal Feather":17,"Charon\u0027s Ashes":22,"Bag of Preparation":7,"War Paint":16,"Smiling Mask":14,"Burning Blood":0,"Blood Vial":13,"SlaversCollar":10,"Busted Crown":18,"Orrery":9,"WingedGreaves":20},{"Magic Flower":0,"Vajra":22,"Eternal Feather":98,"Charon\u0027s Ashes":135,"Bag of Preparation":36,"War Paint":93,"Smiling Mask":78,"Burning Blood":0,"Blood Vial":72,"SlaversCollar":55,"Busted Crown":110,"Orrery":45,"WingedGreaves":122}],"Burning Blood":187},"card_choices":[{"not_picked":["Battle Trance","Iron Wave"],"picked":"Anger","floor":1.0},{"not_picked":["Flex","Warcry"],"picked":"Clothesline","floor":2.0},{"not_picked":["Sentinel","Ghostly Armor"],"picked":"Twin Strike","floor":3.0},{"not_picked":["Perfected Strike","Pommel Strike"],"picked":"Feed","floor":4.0},{"not_picked":["Havoc","Intimidate"],"picked":"Headbutt","floor":5.0},{"not_picked":["Barricade","Flex"],"picked":"Wild Strike","floor":6.0},{"not_picked":["True Grit","Sentinel"],"picked":"Pummel","floor":11.0},{"not_picked":["Pommel Strike","Flex"],"picked":"Sentinel","floor":12.0},{"not_picked":["Shrug It Off","Hemokinesis"],"picked":"Shockwave","floor":14.0},{"not_picked":["Second Wind","Carnage"],"picked":"True Grit","floor":14.0},{"not_picked":["Juggernaut","Clash"],"picked":"Inflame","floor":14.0},{"not_picked":["Corruption","Double Tap"],"picked":"Immolate","floor":16.0},{"not_picked":["Second Wind","Ghostly Armor"],"picked":"Battle Trance","floor":18.0},{"not_picked":["Body Slam","Anger"],"picked":"Armaments","floor":19.0},{"not_picked":["Armaments","Evolve"],"picked":"Shrug It Off","floor":24.0},{"not_picked":["Warcry","Feed"],"picked":"Thunderclap","floor":27.0},{"not_picked":["Inflame","Fire Breathing"],"picked":"Heavy Blade","floor":28.0},{"not_picked":["Flex","Thunderclap"],"picked":"True Grit","floor":30.0},{"not_picked":["Bludgeon","Offering"],"picked":"Impervious","floor":33.0},{"not_picked":[],"picked":"Cleave+1","floor":35.0},{"not_picked":["Wild Strike"],"picked":"SKIP","floor":38.0},{"not_picked":["Warcry"],"picked":"SKIP","floor":40.0}],"player_experience":2379356,"relics_obtained":[{"floor":6.0,"key":"Vajra"},{"floor":8.0,"key":"Bag of Preparation"},{"floor":26.0,"key":"Smiling Mask"},{"floor":28.0,"key":"War Paint"},{"floor":30.0,"key":"Eternal Feather"},{"floor":36.0,"key":"WingedGreaves"},{"floor":40.0,"key":"Charon\u0027s Ashes"}],"event_choices":[{"damage_healed":0.0,"max_hp_gain":0.0,"max_hp_loss":0.0,"gold_gain":0.0,"event_name":"World of Goop","player_choice":"Left Gold","floor":7.0,"gold_loss":61.0,"damage_taken":0.0},{"damage_healed":0.0,"max_hp_gain":0.0,"max_hp_loss":0.0,"gold_gain":50.0,"event_name":"Nest","player_choice":"Stole From Cult","floor":21.0,"gold_loss":0.0,"damage_taken":0.0},{"damage_healed":0.0,"max_hp_gain":0.0,"max_hp_loss":0.0,"gold_gain":0.0,"event_name":"Addict","player_choice":"Obtained Relic","floor":22.0,"gold_loss":85.0,"damage_taken":0.0,"relics_obtained":["Blood Vial"]},{"cards_removed":["Strike_R"],"damage_healed":0.0,"max_hp_gain":0.0,"max_hp_loss":0.0,"gold_gain":0.0,"event_name":"Beggar","player_choice":"Gave Gold","floor":31.0,"gold_loss":75.0,"damage_taken":0.0},{"damage_healed":0.0,"max_hp_gain":0.0,"max_hp_loss":0.0,"gold_gain":0.0,"event_name":"MindBloom","player_choice":"Fight","floor":36.0,"gold_loss":0.0,"damage_taken":0.0},{"damage_healed":0.0,"max_hp_gain":0.0,"max_hp_loss":0.0,"gold_gain":0.0,"event_name":"The Woman in Blue","player_choice":"Bought 1 Potion","floor":37.0,"gold_loss":0.0,"damage_taken":0.0}],"is_beta":false,"boss_relics":[{"not_picked":["Tiny House","Fusion Hammer"],"picked":"SlaversCollar"},{"not_picked":["Runic Cube","Runic Dome"],"picked":"Busted Crown"}],"items_purged_floors":[39],"is_endless":false,"potions_floor_spawned":[1,4,6,11,18,20,27,28,30,33,35,40],"killed_by":"Giant Head","ascension_level":20}}