{"host":"lktusdb9orijgc6z","time":1613306367,"event":{"mods":["BaseMod","Bestiary","Colored Map","Colored Powertips","Filter the Spire","Minty Spire (QoL Compilation)","Permanent Neow","Quick Restart","Relic Stats","StSLib","everything is the same but u backflip on backflip","slay the spire mod where everything is the same but ironclad has a cowboy hat"],"gold_per_floor":[118,136,154,154,171,171,182,209,209,209,23,54,19,19,19,93,93,104,104,104,119,134,166,178,178,250,284,284,298,55,55,55],"floor_reached":31,"language":"ENG","playtime":1212,"items_purged":["Strike_B"],"score":620,"play_id":"50bc3ee9-9527-4558-938d-86da5ec6a68c","local_time":"20210214133927","is_ascension_mode":true,"campfire_choices":[{"data":"Rainbow","floor":6.0,"key":"SMITH"},{"floor":10.0,"key":"REST"},{"data":"Hologram","floor":15.0,"key":"SMITH"},{"data":"Defragment","floor":25.0,"key":"SMITH"}],"circlet_count":0,"master_deck":["AscendersBane","Strike_B","Strike_B+1","Strike_B","Defend_B","Defend_B","Defend_B","Defend_B","Zap","Dualcast","Conserve Battery","Loop","Rainbow+1","Beam Cell","Barrage+1","Auto Shields","Cold Snap","Hologram+1","Rainbow","Glacier+1","Defragment+1","Compile Driver","Echo Form","Barrage+1","Heatsinks","Compile Driver","Sweeping Beam"],"relics":["Snecko Eye","Torii","WingedGreaves","Akabeko","Prayer Wheel","Sozu","Eternal Feather","Pen Nib","Gremlin Horn","Whetstone"],"acts_visited":["Exordium","TheCity"],"potions_floor_usage":[],"damage_taken":[{"damage":7.0,"enemies":"Small Slimes","floor":1.0,"turns":4.0},{"damage":5.0,"enemies":"Cultist","floor":2.0,"turns":5.0},{"damage":0.0,"enemies":"2 Louse","floor":3.0,"turns":2.0},{"damage":6.0,"enemies":"Large Slime","floor":5.0,"turns":5.0},{"damage":5.0,"enemies":"Looter","floor":7.0,"turns":3.0},{"damage":29.0,"enemies":"Lagavulin","floor":8.0,"turns":5.0},{"damage":9.0,"enemies":"Gremlin Nob","floor":12.0,"turns":3.0},{"damage":18.0,"enemies":"The Guardian","floor":16.0,"turns":11.0},{"damage":8.0,"enemies":"2 Thieves","floor":18.0,"turns":3.0},{"damage":1.0,"enemies":"Spheric Guardian","floor":21.0,"turns":3.0},{"damage":24.0,"enemies":"Snake Plant","floor":22.0,"turns":5.0},{"damage":18.0,"enemies":"Gremlin Leader","floor":23.0,"turns":7.0},{"damage":1.0,"enemies":"Centurion and Healer","floor":24.0,"turns":4.0},{"damage":0.0,"enemies":"Book of Stabbing","floor":27.0,"turns":5.0},{"damage":1.0,"enemies":"Snecko","floor":29.0,"turns":3.0},{"damage":27,"enemies":"Slavers","floor":31,"turns":1}],"seed_played":"-5171787007123760560","potions_obtained":[{"floor":2.0,"key":"PotionOfCapacity"},{"floor":8.0,"key":"SteroidPotion"},{"floor":12.0,"key":"FearPotion"}],"is_trial":false,"path_per_floor":["M","M","M","?","M","R","M","E","T","R","$","E","?","$","R","B",null,"M","?","?","M","M","E","M","R","T","E","T","M","$","E"],"character_chosen":"DEFECT","items_purchased":["Cold Snap","Akabeko","Whetstone"],"campfire_rested":1,"item_purchase_floors":[11,11,30],"current_hp_per_floor":[57,52,52,42,36,36,31,2,2,23,23,14,31,31,31,13,57,49,49,49,48,24,6,5,20,20,20,20,19,19,0,0],"gold":55,"neow_bonus":"BOSS_RELIC","is_daily":false,"chose_seed":false,"campfire_upgraded":3,"win_rate":0.0,"timestamp":1613306367,"path_taken":["M","M","M","?","?","R","M","E","T","R","$","E","?","$","R","BOSS","M","?","?","M","M","E","M","R","T","E","?","?","$","E"],"items_purchased_type":["Card","Relic","Relic"],"build_version":"2020-12-22","purchased_purges":1,"victory":false,"max_hp_per_floor":[71,71,71,71,71,71,71,71,71,71,71,71,71,71,71,71,71,71,71,71,71,71,71,71,71,71,71,71,71,71,71,71],"relic_stats":{"Sozu":3,"Torii":12,"Gremlin Horn":[0,0],"counters":[16,69],"Snecko Eye":[117,128,109,132],"Prayer Wheel":5,"Eternal Feather":15,"Pen Nib":[0],"Whetstone":["Strike_B","Barrage"],"obtain_stats":[{"Sozu":17,"Torii":8,"Gremlin Horn":28,"Snecko Eye":0,"Prayer Wheel":12,"Eternal Feather":23,"WingedGreaves":9,"Pen Nib":27,"Whetstone":30,"Cracked Core":0,"Akabeko":11},{"Sozu":8,"Torii":6,"Gremlin Horn":14,"Snecko Eye":0,"Prayer Wheel":7,"Eternal Feather":12,"WingedGreaves":6,"Pen Nib":14,"Whetstone":15,"Cracked Core":0,"Akabeko":6},{"Sozu":38,"Torii":24,"Gremlin Horn":65,"Snecko Eye":0,"Prayer Wheel":27,"Eternal Feather":56,"WingedGreaves":24,"Pen Nib":65,"Whetstone":68,"Cracked Core":0,"Akabeko":24}]},"card_choices":[{"not_picked":["Steam","Beam Cell"],"picked":"Conserve Battery","floor":1.0},{"not_picked":["Barrage","Turbo"],"picked":"Loop","floor":2.0},{"not_picked":["Turbo","Gash"],"picked":"Rainbow","floor":3.0},{"not_picked":["Blizzard","Go for the Eyes"],"picked":"Beam Cell","floor":5.0},{"not_picked":["Steam Power","Conserve Battery"],"picked":"Barrage","floor":7.0},{"not_picked":["Conserve Battery","Aggregate"],"picked":"Auto Shields","floor":8.0},{"not_picked":["Stack","Gash"],"picked":"Hologram","floor":12.0},{"not_picked":["Machine Learning","Amplify"],"picked":"Rainbow","floor":16.0},{"not_picked":["Storm","Double Energy"],"picked":"Glacier+1","floor":18.0},{"not_picked":["Cold Snap","White Noise","Beam Cell"],"picked":"SKIP","floor":18.0},{"not_picked":["Reinforced Body","Rebound"],"picked":"Defragment","floor":21.0},{"not_picked":["Conserve Battery","Ball Lightning"],"picked":"Compile Driver","floor":21.0},{"not_picked":["Steam","Redo"],"picked":"Echo Form","floor":22.0},{"not_picked":["Hologram","Cold Snap"],"picked":"Barrage+1","floor":22.0},{"not_picked":["Recycle","Double Energy"],"picked":"Heatsinks","floor":23.0},{"not_picked":["Go for the Eyes","Steam Power"],"picked":"Compile Driver","floor":24.0},{"not_picked":["Barrage","Double Energy","Leap"],"picked":"SKIP","floor":24.0},{"not_picked":["Coolheaded","Consume"],"picked":"Sweeping Beam","floor":27.0},{"not_picked":["Stack","Turbo","Gash"],"picked":"SKIP","floor":29.0},{"not_picked":["Redo","Auto Shields","Tempest"],"picked":"SKIP","floor":29.0}],"player_experience":788930,"relics_obtained":[{"floor":8.0,"key":"Torii"},{"floor":9.0,"key":"WingedGreaves"},{"floor":12.0,"key":"Prayer Wheel"},{"floor":23.0,"key":"Eternal Feather"},{"floor":27.0,"key":"Pen Nib"},{"floor":28.0,"key":"Gremlin Horn"}],"event_choices":[{"damage_healed":0.0,"max_hp_gain":0.0,"max_hp_loss":0.0,"gold_gain":0.0,"event_name":"Wheel of Change","player_choice":"Damaged","floor":4.0,"gold_loss":0.0,"damage_taken":10.0},{"damage_healed":17.0,"max_hp_gain":0.0,"max_hp_loss":0.0,"gold_gain":0.0,"event_name":"The Cleric","player_choice":"Healed","floor":13.0,"gold_loss":35.0,"damage_taken":0.0},{"damage_healed":0.0,"max_hp_gain":0.0,"max_hp_loss":0.0,"gold_gain":0.0,"event_name":"Ghosts","player_choice":"Ignored","floor":19.0,"gold_loss":0.0,"damage_taken":0.0},{"damage_healed":0.0,"max_hp_gain":0.0,"max_hp_loss":0.0,"gold_gain":0.0,"event_name":"The Mausoleum","player_choice":"Ignored","floor":20.0,"gold_loss":0.0,"damage_taken":0.0}],"is_beta":false,"boss_relics":[{"not_picked":["Astrolabe","Fusion Hammer"],"picked":"Sozu"}],"items_purged_floors":[30],"is_endless":false,"potions_floor_spawned":[2,8,12,16,21,22,24],"killed_by":"Slavers","ascension_level":20}}