{"host":"3498uni0c31c9bdm","time":1613328541,"event":{"mods":["BaseMod","Better Match","Better Note","Better Sensory Stone","Better Skull","Better Third Choice","Colored Map","Minty Spire (QoL Compilation)","Quick Restart","RNG Fix","Random Character Button","Replay The Spire","Shop Mod","Smile Girya","StSLib","Unceasing Turn Reminder"],"gold_per_floor":[118,145,158,33,51,79,79,92,92,92,105,123,123,141,141,215,215,232,232,247,247,64,64,83,83,83,83,99,99,112,112,112],"floor_reached":31,"language":"ENG","playtime":1012,"items_purged":[],"score":418,"play_id":"8076570b-daf4-4179-8899-c8cb009eceb2","local_time":"20210215054901","is_ascension_mode":true,"campfire_choices":[{"floor":7,"key":"RECALL"},{"data":"Hello World","floor":10,"key":"SMITH"},{"floor":13,"key":"REST"},{"floor":15,"key":"REST"},{"floor":23,"key":"REST"},{"floor":27,"key":"REST"},{"floor":29,"key":"REST"}],"circlet_count":0,"master_deck":["AscendersBane","Strike_B","Strike_B","Strike_B","Strike_B","Defend_B","Defend_B","Defend_B","Defend_B","Zap","Dualcast","Barrage","Go for the Eyes","FTL","Hello World+1","Self Repair","Redo","Sweeping Beam","Sunder","ReplayTheSpireMod:Omega Cannon","Stack","Loop","Writhe","Heatsinks","Ball Lightning","White Noise","Decay","ReplayTheSpireMod:Calculation Training","Defragment","Hello World","Consume"],"relics":["Cracked Core","NeowsBlessing","Geode","Bronze Scales","Bottled Tornado","Replay:Bronze Core","StoneCalendar","Dream Catcher"],"acts_visited":["Exordium","TheCity"],"potions_floor_usage":[6,16,16,30,30],"damage_taken":[{"damage":0,"enemies":"2 Louse","floor":1,"turns":1},{"damage":0,"enemies":"Small Slimes","floor":3,"turns":1},{"damage":0,"enemies":"Cultist","floor":5,"turns":1},{"damage":10,"enemies":"Gremlin Nob","floor":6,"turns":3},{"damage":15,"enemies":"Large Slime","floor":8,"turns":6},{"damage":1,"enemies":"2 Fungi Beasts","floor":11,"turns":3},{"damage":24,"enemies":"Exordium Thugs","floor":12,"turns":4},{"damage":7,"enemies":"Blue Slaver","floor":14,"turns":3},{"damage":33,"enemies":"Slime Boss","floor":16,"turns":12},{"damage":33,"enemies":"Chosen","floor":18,"turns":7},{"damage":34,"enemies":"Shell Parasite","floor":20,"turns":5},{"damage":30,"enemies":"Chosen and Byrds","floor":24,"turns":5},{"damage":23,"enemies":"Snecko","floor":28,"turns":7},{"damage":20,"enemies":"Centurion and Healer","floor":30,"turns":6},{"damage":24,"enemies":"Snake Plant","floor":31,"turns":1}],"seed_played":"8706981509959581027","potions_obtained":[{"floor":5,"key":"SteroidPotion"},{"floor":8,"key":"EssenceOfSteel"},{"floor":11,"key":"Languid Potion"},{"floor":14,"key":"Strength Potion"},{"floor":24,"key":"ColorlessPotion"},{"floor":28,"key":"Block Potion"}],"is_trial":false,"path_per_floor":["M","T","M","?","M","E","R","M","T","R","M","M","R","M","R","B",null,"M","?","M","?","$","R","M","?","T","R","M","R","M","M"],"character_chosen":"DEFECT","items_purchased":["Dream Catcher","Heatsinks"],"campfire_rested":5,"item_purchase_floors":[22,22],"current_hp_per_floor":[64,64,64,64,64,54,54,39,39,39,45,28,49,49,70,44,64,38,38,11,11,11,32,9,9,9,30,14,35,22,0,0],"gold":112,"neow_bonus":"THREE_ENEMY_KILL","is_daily":false,"chose_seed":false,"campfire_upgraded":1,"win_rate":0.0,"timestamp":1613328541,"path_taken":["M","?","M","?","M","E","R","M","T","R","?","M","R","M","R","BOSS","M","?","?","?","$","R","M","?","T","R","M","R","?","M"],"items_purchased_type":["Relic","Card"],"build_version":"2020-12-22","purchased_purges":0,"victory":false,"max_hp_per_floor":[71,71,71,71,71,71,71,71,71,71,71,71,71,71,71,71,71,71,71,71,71,71,71,71,71,71,71,71,71,71,71,71],"card_choices":[{"not_picked":["Gash","Steam"],"picked":"Barrage","floor":1},{"not_picked":["Self Repair","Recycle"],"picked":"Go for the Eyes","floor":3},{"not_picked":["Beam Cell","Turbo"],"picked":"FTL","floor":5},{"not_picked":["Consume","ReplaySolidLightProjector"],"picked":"Hello World","floor":6},{"not_picked":["Compile Driver","Lockon"],"picked":"Self Repair","floor":8},{"not_picked":["Gash","Rebound"],"picked":"Redo","floor":11},{"not_picked":["Coolheaded","Undo"],"picked":"Sweeping Beam","floor":12},{"not_picked":["Coolheaded","Ball Lightning"],"picked":"Sunder","floor":14},{"not_picked":["Core Surge","Buffer"],"picked":"ReplayTheSpireMod:Omega Cannon","floor":16},{"not_picked":["Leap","Self Repair"],"picked":"Stack","floor":18},{"not_picked":["Sweeping Beam","Streamline"],"picked":"Loop","floor":20},{"not_picked":["Rebound","Coolheaded+1"],"picked":"Ball Lightning","floor":23},{"not_picked":["Streamline","Glacier"],"picked":"White Noise","floor":24},{"not_picked":["Sunder+1","Stack"],"picked":"ReplayTheSpireMod:Calculation Training","floor":27},{"not_picked":["ReplayTheSpireMod:Reroute Power","Streamline"],"picked":"Defragment","floor":28},{"not_picked":["Undo","Ball Lightning"],"picked":"Hello World","floor":29},{"not_picked":["Coolheaded","Stack"],"picked":"Consume","floor":30}],"player_experience":904761,"relics_obtained":[{"floor":2,"key":"Geode"},{"floor":6,"key":"Bronze Scales"},{"floor":9,"key":"Bottled Tornado"}],"event_choices":[{"damage_healed":0,"gold_gain":0,"player_choice":"2","damage_taken":0,"max_hp_gain":0,"max_hp_loss":0,"event_name":"betterMatch:BetterMatch","floor":4,"gold_loss":0,"cards_obtained":[]},{"damage_healed":0,"gold_gain":0,"player_choice":"Ignored","damage_taken":0,"max_hp_gain":0,"max_hp_loss":0,"event_name":"Beggar","floor":19,"gold_loss":0},{"damage_healed":0,"gold_gain":0,"player_choice":"Opened","damage_taken":0,"relics_obtained":["StoneCalendar"],"max_hp_gain":0,"max_hp_loss":0,"event_name":"The Mausoleum","floor":21,"gold_loss":0,"cards_obtained":["Writhe"]},{"damage_healed":0,"gold_gain":0,"player_choice":"Smashed Altar","damage_taken":0,"max_hp_gain":0,"max_hp_loss":0,"event_name":"Forgotten Altar","floor":25,"gold_loss":0,"cards_obtained":["Decay"]}],"is_beta":false,"boss_relics":[{"not_picked":["Runic Dome","Philosopher\u0027s Stone"],"picked":"Replay:Bronze Core"}],"items_purged_floors":[],"is_endless":false,"potions_floor_spawned":[5,8,11,14,24,28],"killed_by":"Snake Plant","ascension_level":15}}