{"host":"uceopoba4zvqsgiy","time":1613311448,"event":{"mods":["2.2 Compatiblity","Act Like it!","BaseMod","Better Skull","Better Third Choice","Elementarium","Evolution","GifTheSpireLib","Hermit","Humility","Infinite Spire","Jorbs\u0027s Wanderer Trilogy","Marked Mod","Minty Spire (QoL Compilation)","Potionbrewer","Reliquary","Replay The Spire","Robot Space Explorer","Shade Mod","Spicy Shops","StS++","StSLib","Stuff the Spire","The Blue Laboratory","The Caster","The Cursed","The Dragon Tamer","The Hierophant","The Judge","The Jungle","TheSurvivalist","Wandering Minibosses"],"gold_per_floor":[119,294,294,139,158,158,191,191,191,191,226,245,273,293,293,388,388,405,405,405,419,419,419,439,439,512,512,537,537,554,554,554,655,655,674,674,674,674,684,684,717,717,744,744,761,788,800,831,831,930,930,948,943,908,908,536,576,576,263,311,311,311,321,341,351,351,439,439,453,552,567,571,355,355,355,372,372,301,316,316,342,353,353,415,415,423,428,352,400,433,452,452,484,484,484,463,463,471,471,471,547,547,568,571,414,432,432,465,465,465,465,443,443],"floor_reached":112,"language":"ENG","playtime":11395,"items_purged":[],"score":2940,"play_id":"b9f205c7-8bd1-40ee-a925-b63a64ca3ef6","local_time":"20210215003408","is_ascension_mode":true,"campfire_choices":[{"data":"RobotSpaceExplorer:FreezeRay","floor":6.0,"key":"SMITH"},{"data":"RobotSpaceExplorer:GlueSpray","floor":8.0,"key":"SMITH"},{"data":"RobotSpaceExplorer:RigExplosive","floor":10.0,"key":"SMITH"},{"floor":15.0,"key":"REST"},{"data":"RobotSpaceExplorer:Accelerator","floor":23.0,"key":"SMITH"},{"data":"ReplayTheSpireMod:Chaos Vortex","floor":29.0,"key":"SMITH"},{"floor":32.0,"key":"RECALL"},{"floor":40.0,"key":"REST"},{"floor":44.0,"key":"REST"},{"floor":49.0,"key":"REST"},{"data":"RobotSpaceExplorer:DroneSwarm","floor":58.0,"key":"SMITH"},{"data":"RobotSpaceExplorer:TrailblazerForm","floor":61.0,"key":"SMITH"},{"floor":66.0,"key":"REST"},{"floor":74.0,"key":"REST"},{"floor":83.0,"key":"REST"},{"floor":95.0,"key":"REST"},{"data":"RobotSpaceExplorer:Autoloader","floor":97.0,"key":"SMITH"},{"floor":100.0,"key":"REST"},{"floor":109,"key":"REST"}],"circlet_count":0,"master_deck":["RobotSpaceExplorer:Scan","RobotSpaceExplorer:MiniLasers+1","RobotSpaceExplorer:FreezeRay+1","RobotSpaceExplorer:RigExplosive+1","RobotSpaceExplorer:GlueSpray+1","RobotSpaceExplorer:FreezingShield","RobotSpaceExplorer:StarLightning","RobotSpaceExplorer:Reload","RobotSpaceExplorer:Multitool","RobotSpaceExplorer:Accelerator+1","RobotSpaceExplorer:BigMissile+1","ReplayTheSpireMod:Chaos Vortex+1","theJungle:Gourd","theJungle:Gourd","theJungle:Gourd","theJungle:Gourd","theJungle:Gourd","infinitespire:DeathsTouch","RobotSpaceExplorer:PowerGlove+1","RobotSpaceExplorer:MiniBoosters","RobotSpaceExplorer:Autoloader","StSpp:MindBarrier","Replay:Dark Deal","Dark Shackles","infinitespire:UltimateForm+1","RobotSpaceExplorer:ExhaustFan","Writhe","RobotSpaceExplorer:PowerGlove+1","RobotSpaceExplorer:Probe+1","RobotSpaceExplorer:StunGrenade+1","RobotSpaceExplorer:GlueShot+1","RobotSpaceExplorer:Scanner","ReplayTheSpireMod:Splinters","stsjorbsmod:CULLCard","RobotSpaceExplorer:TrailblazerForm+1","StSpp:MindBarrier","infinitespire:Gouge","RobotSpaceExplorer:DoubleFind","RobotSpaceExplorer:DoubleFind","RobotSpaceExplorer:DroneSwarm+1","infinitespire:FutureSight","RobotSpaceExplorer:Comet","RobotSpaceExplorer:Comet","RobotSpaceExplorer:GlueShot","RobotSpaceExplorer:DualCore","RobotSpaceExplorer:FreezeRay","ReplayTheSpireMod:Faulty Equipment","RobotSpaceExplorer:Explosion","Bite","Bite","Bite","Bite","Bite","RobotSpaceExplorer:DoubleFind","RobotSpaceExplorer:TrailblazerForm","RobotSpaceExplorer:PowerCollector+1","RobotSpaceExplorer:TrailblazerForm","infinitespire:FinalStrike","RobotSpaceExplorer:Autoloader+1","RobotSpaceExplorer:Autoloader","RobotSpaceExplorer:StarDust"],"relics":["RobotSpaceExplorer:TurboCore","EVO:Axolotl","NeowsBlessing","Strawberry","infinitespire:CursedDice","Toy Ornithopter","StuffTheSpire:Experiment12","ReplayFunnel","Philosopher\u0027s Stone","RobotSpaceExplorer:Reprocessor","Potion Belt","infinitespire:Broken Mirror","theJungle:BirthdayCakeSlice","reliquary:IridiumChain","Whetstone","reliquary:FerryPass","StuffTheSpire:HeavyRock","InkBottle","ReplayTheSpireMod:SealedPack","Lantern","Ancient Tea Set","Strange Spoon","Replay:Bandana","potionbrewer:Torch","reliquary:Bookmark","InkBottle","Pen Nib","Oddly Smooth Stone","ChewingGum","Incense Burner","Gremlin Horn","Replay:Bottled Flurry","reliquary:Knoch","StuffTheSpire:DarkSteelAnvil","Akabeko","SlaversCollar","infinitespire:Satchel","Replay:Bottled Steam","Ice Cream","StSpp:TwinEgg","StuffTheSpire:GrapeVine","StuffTheSpire:CocoNut","MealTicket","Replay:Bottled Snecko","reliquary:BrokenClock","ClockworkSouvenir","potionbrewer:SlideRule","Quantum Egg"],"acts_visited":["Exordium","Exordium","TheBeyond","Exordium","TheCity","TheBeyond"],"potions_floor_usage":[108,108],"damage_taken":[{"damage":0.0,"enemies":"Jaw Worm","floor":1.0,"turns":1.0},{"damage":0.0,"enemies":"2 Louse","floor":5.0,"turns":1.0},{"damage":0.0,"enemies":"Lagavulin","floor":7.0,"turns":1.0},{"damage":82.0,"enemies":"Gremlin Nob","floor":11.0,"turns":6.0},{"damage":1.0,"enemies":"Cultist","floor":12.0,"turns":5.0},{"damage":9.0,"enemies":"3 Sentries","floor":13.0,"turns":7.0},{"damage":6.0,"enemies":"Blue Slaver","floor":14.0,"turns":4.0},{"damage":53.0,"enemies":"Slime Boss","floor":16.0,"turns":18.0},{"damage":11.0,"enemies":"Shell Parasite","floor":18.0,"turns":9.0},{"damage":9.0,"enemies":"theJungle:MUSHROOMGANG","floor":21.0,"turns":1.0},{"damage":0.0,"enemies":"theJungle:Lyon","floor":24.0,"turns":6.0},{"damage":10.0,"enemies":"theJungle:2_Phrogs","floor":28.0,"turns":8.0},{"damage":4.0,"enemies":"Snake Plant","floor":30.0,"turns":3.0},{"damage":0.0,"enemies":"theJungle:QueenSpyder","floor":33.0,"turns":12.0},{"damage":44.0,"enemies":"3 Shapes","floor":35.0,"turns":4.0},{"damage":19.0,"enemies":"3 Darklings","floor":39.0,"turns":4.0},{"damage":29.0,"enemies":"Nemesis","floor":41.0,"turns":14.0},{"damage":0.0,"enemies":"Transient","floor":45.0,"turns":6.0},{"damage":0.0,"enemies":"Nightmare","floor":46.0,"turns":10.0},{"damage":27.0,"enemies":"Maw","floor":47.0,"turns":9.0},{"damage":24.0,"enemies":"Giant Head","floor":48.0,"turns":11.0},{"damage":38.0,"enemies":"Donu and Deca","floor":50.0,"turns":13.0},{"damage":0.0,"enemies":"2 Louse","floor":52.0,"turns":1.0},{"damage":36.0,"enemies":"Jaw Worm","floor":53.0,"turns":4.0},{"damage":0.0,"enemies":"Gremlin Nob","floor":57.0,"turns":2.0},{"damage":9.0,"enemies":"Small Slimes","floor":63.0,"turns":2.0},{"damage":24.0,"enemies":"3 Sentries","floor":64.0,"turns":4.0},{"damage":8.0,"enemies":"3 Louse","floor":65.0,"turns":2.0},{"damage":0.0,"enemies":"Slime Boss","floor":67.0,"turns":6.0},{"damage":0.0,"enemies":"Shell Parasite","floor":69.0,"turns":3.0},{"damage":4.0,"enemies":"3 Byrds","floor":71.0,"turns":2.0},{"damage":52.0,"enemies":"Centurion and Healer","floor":72.0,"turns":4.0},{"damage":0.0,"enemies":"Sentry and Sphere","floor":76.0,"turns":3.0},{"damage":13.0,"enemies":"Book of Stabbing","floor":79.0,"turns":6.0},{"damage":0.0,"enemies":"Replay:Snechameleon","floor":81.0,"turns":1.0},{"damage":10.0,"enemies":"Shelled Parasite and Fungi","floor":82.0,"turns":4.0},{"damage":0.0,"enemies":"Champ","floor":84.0,"turns":9.0},{"damage":0.0,"enemies":"3 Shapes","floor":86.0,"turns":2.0},{"damage":26.0,"enemies":"Orb Walker","floor":87.0,"turns":4.0},{"damage":23.0,"enemies":"2 Orb Walkers","floor":90.0,"turns":8.0},{"damage":29.0,"enemies":"Nemesis","floor":91.0,"turns":7.0},{"damage":0.0,"enemies":"Reptomancer","floor":93.0,"turns":8.0},{"damage":0.0,"enemies":"R_Hoarder","floor":96.0,"turns":13.0},{"damage":64.0,"enemies":"Jaw Worm Horde","floor":98.0,"turns":5.0},{"damage":31.0,"enemies":"Time Eater","floor":101.0,"turns":21.0},{"damage":0,"enemies":"Small Slimes","floor":103,"turns":1},{"damage":0,"enemies":"Cultist","floor":104,"turns":3},{"damage":0,"enemies":"Jaw Worm","floor":106,"turns":3},{"damage":75,"enemies":"3 Sentries","floor":108,"turns":3},{"damage":61,"enemies":"Gremlin Nob","floor":112,"turns":2}],"seed_played":"1340867770440048317","potions_obtained":[{"floor":7.0,"key":"Elixir"},{"floor":11.0,"key":"Weak Potion"},{"floor":12.0,"key":"RobotSpaceExplorer:PlasmaFlask"},{"floor":13.0,"key":"blueLaboratory:Moonshine"},{"floor":16.0,"key":"blueLaboratory:SavagePotion"},{"floor":18.0,"key":"DistilledChaos"},{"floor":24.0,"key":"Adrenaline Potion"},{"floor":30.0,"key":"potionbrewer:MidasPotion"},{"floor":33.0,"key":"Strength Potion"},{"floor":39.0,"key":"blueLaboratory:AbyssPotion"},{"floor":41.0,"key":"blueLaboratory:BottledHope"},{"floor":45.0,"key":"blueLaboratory:BottledHope"},{"floor":46.0,"key":"blueLaboratory:LouseDecoction"},{"floor":52.0,"key":"Toxic Potion"},{"floor":53.0,"key":"potionbrewer:CleansingPotion"},{"floor":57.0,"key":"blueLaboratory:ForbiddenFruitJuice"},{"floor":64.0,"key":"Block Potion"},{"floor":71.0,"key":"Adrenaline Potion"},{"floor":76.0,"key":"Toxic Potion"},{"floor":79.0,"key":"potionbrewer:SplittingPotion"},{"floor":84.0,"key":"BlessingOfTheForge"},{"floor":86.0,"key":"Strength Potion"},{"floor":91.0,"key":"AttackPotion"},{"floor":96.0,"key":"blueLaboratory:PhilterOfMotion"},{"floor":101.0,"key":"blueLaboratory:BottledHope"},{"floor":104,"key":"LiquidMemories"},{"floor":108,"key":"blueLaboratory:AbyssPotion"}],"is_trial":false,"path_per_floor":["M","?","?","$","M","R","E","R","T","R","E","M","E","M","R","B",null,"M","?","?","M","?","R","M","?","T","AVR","E","R","M","?","R","B",null,"M","?","?","AVR","M","R","E","?","T","R","M","NM","M","E","R","B",null,"M","M","?","?","$","E","R","$","T","R","AVR","M","E","M","R","B",null,"M","?","M","M","$","R","?","M","T","$","E","?","E","M","R","B",null,"M","M","$","?","?","E","?","E","T","R","E","R","M","T","R","B",null,"M","M","$","M","AVR","E","R","?","T","E"],"character_chosen":"RobotSpaceExplorer","items_purchased":["RobotSpaceExplorer:FreezeRay","Strawberry","Ancient Tea Set","Strange Spoon","Replay:Bandana","reliquary:Bookmark","reliquary:SculptingSteel","Incense Burner","RobotSpaceExplorer:FreezeRay","reliquary:Knoch","infinitespire:Satchel","reliquary:BrokenClock"],"campfire_rested":10,"item_purchase_floors":[4,4,56,56,56,59,59,73,73,78,88,105],"current_hp_per_floor":[75,75,75,82,82,82,82,82,82,82,29,28,39,33,57,14,82,76,76,57,82,82,82,82,82,82,82,72,72,68,73,73,83,87,43,43,33,33,19,45,16,38,38,64,64,79,52,38,64,41,87,87,51,72,72,72,72,72,72,72,72,72,68,44,48,74,76,87,87,87,83,38,38,64,64,71,71,71,60,60,60,52,78,87,87,87,63,63,42,41,33,33,38,45,73,78,78,14,14,42,17,94,94,94,94,94,94,19,47,47,47,0,0],"gold":443,"neow_bonus":"THREE_ENEMY_KILL","is_daily":false,"chose_seed":false,"campfire_upgraded":8,"win_rate":0.0,"timestamp":1613311448,"path_taken":["M","?","?","$","?","R","E","R","T","R","E","M","E","M","R","BOSS","M","?","?","M","?","R","?","?","T","AVR","E","R","M","?","R","BOSS","M","?","?","AVR","M","R","E","?","T","R","M","NM","?","E","R","BOSS","M","M","?","?","$","E","R","?","T","R","AVR","?","E","M","R","BOSS","M","?","M","M","$","R","?","M","T","?","E","?","E","?","R","BOSS","M","M","$","?","?","E","?","E","T","R","E","R","?","?","R","BOSS","M","M","$","M","AVR","E","R","?","T","E"],"items_purchased_type":["Card","Relic","Relic","Relic","Relic","Relic","Relic","Relic","Card","Relic","Relic","Relic"],"build_version":"2020-12-22","purchased_purges":0,"victory":false,"max_hp_per_floor":[75,75,75,82,82,82,82,82,82,82,82,82,82,82,82,82,82,82,82,82,82,82,82,82,82,82,82,82,82,82,87,87,87,87,87,87,87,87,87,87,87,87,87,87,87,87,87,87,87,87,87,87,87,87,87,87,87,87,87,87,87,87,87,87,87,87,87,87,87,87,87,87,87,87,87,87,87,87,87,87,87,87,87,87,87,87,87,87,87,87,87,87,87,94,94,94,94,94,94,94,94,94,94,94,94,94,94,94,94,94,94,94,94],"card_choices":[{"not_picked":["RobotSpaceExplorer:MetalStrike","RobotSpaceExplorer:LuckyStrike","RobotSpaceExplorer:ScrapToss"],"picked":"SKIP","floor":1.0},{"not_picked":["RobotSpaceExplorer:ScrapMissile","RobotSpaceExplorer:MiniDrones"],"picked":"RobotSpaceExplorer:RigExplosive","floor":5.0},{"not_picked":["RobotSpaceExplorer:StarLightning","RobotSpaceExplorer:Pulsar"],"picked":"RobotSpaceExplorer:GlueSpray","floor":7.0},{"not_picked":["RobotSpaceExplorer:ScrapMissile","RobotSpaceExplorer:DoubleBlock"],"picked":"RobotSpaceExplorer:FreezingShield","floor":11.0},{"not_picked":["RobotSpaceExplorer:DoubleFind","RobotSpaceExplorer:ScrapMissile"],"picked":"RobotSpaceExplorer:StarLightning","floor":12.0},{"not_picked":["RobotSpaceExplorer:ShovelStrike","RobotSpaceExplorer:FrostMissile"],"picked":"RobotSpaceExplorer:Reload","floor":13.0},{"not_picked":["RobotSpaceExplorer:MiniDrones","RobotSpaceExplorer:FreezingShield"],"picked":"RobotSpaceExplorer:Multitool","floor":14.0},{"not_picked":["RobotSpaceExplorer:Explosion","RobotSpaceExplorer:Scanner"],"picked":"RobotSpaceExplorer:Accelerator","floor":16.0},{"not_picked":["RobotSpaceExplorer:SwiftStep+1","RobotSpaceExplorer:MakeshiftVolley+1"],"picked":"RobotSpaceExplorer:BigMissile+1","floor":18.0},{"not_picked":["infinitespire:Menacing","infinitespire:Punishment"],"picked":"ReplayTheSpireMod:Chaos Vortex","floor":20.0},{"not_picked":["RobotSpaceExplorer:ShovelStrike","RobotSpaceExplorer:ImprovisedAttack","RobotSpaceExplorer:SwiftStep+1"],"picked":"SKIP","floor":21.0},{"not_picked":["RobotSpaceExplorer:Counterblock+1","RobotSpaceExplorer:TurboDodge","RobotSpaceExplorer:SurgingShield"],"picked":"SKIP","floor":24.0},{"not_picked":["RobotSpaceExplorer:ScrapToss","RobotSpaceExplorer:RigExplosive"],"picked":"RobotSpaceExplorer:PowerGlove+1","floor":28.0},{"not_picked":["RobotSpaceExplorer:FranticSearch","RobotSpaceExplorer:FreezingShield"],"picked":"RobotSpaceExplorer:MiniBoosters","floor":30.0},{"not_picked":["RobotSpaceExplorer:Accelerator","RobotSpaceExplorer:ShockMissile"],"picked":"RobotSpaceExplorer:Autoloader","floor":33.0},{"not_picked":["RobotSpaceExplorer:Ammunition","RobotSpaceExplorer:Probe","RobotSpaceExplorer:SurgingStrike"],"picked":"SKIP","floor":35.0},{"not_picked":["Thinking Ahead","Replay:Sssssssssstrike"],"picked":"StSpp:MindBarrier","floor":37.0},{"not_picked":["Chrysalis","Enlightenment"],"picked":"Replay:Dark Deal","floor":37.0},{"not_picked":["Thinking Ahead","StuffTheSpire:PlasmaPulse"],"picked":"Dark Shackles","floor":37.0},{"not_picked":["RobotSpaceExplorer:ShovelStrike+1","RobotSpaceExplorer:Calculate","RobotSpaceExplorer:MakeshiftVolley+1"],"picked":"SKIP","floor":39.0},{"not_picked":["RobotSpaceExplorer:ImprovisedAttack+1","RobotSpaceExplorer:FrostMissile+1"],"picked":"RobotSpaceExplorer:ExhaustFan","floor":41.0},{"not_picked":["RobotSpaceExplorer:DoubleBlock+1","RobotSpaceExplorer:SwiftStep"],"picked":"RobotSpaceExplorer:PowerGlove+1","floor":45.0},{"not_picked":["RobotSpaceExplorer:Calculate+1","RobotSpaceExplorer:ImprovisedAttack+1"],"picked":"RobotSpaceExplorer:Probe+1","floor":46.0},{"not_picked":["RobotSpaceExplorer:FranticSearch+1","RobotSpaceExplorer:ShockKick+1"],"picked":"RobotSpaceExplorer:StunGrenade+1","floor":47.0},{"not_picked":["RobotSpaceExplorer:Counterblock","RobotSpaceExplorer:ExhaustFan"],"picked":"RobotSpaceExplorer:GlueShot+1","floor":48.0},{"not_picked":["RobotSpaceExplorer:HighVoltage","RobotSpaceExplorer:Exploration"],"picked":"RobotSpaceExplorer:Scanner","floor":50.0},{"not_picked":["Shade:CarefulCut","StSpp:MinorTwinStrike"],"picked":"stsjorbsmod:CULLCard","floor":51.0},{"not_picked":["RobotSpaceExplorer:Asteroid","RobotSpaceExplorer:Explosion"],"picked":"RobotSpaceExplorer:TrailblazerForm","floor":51.0},{"not_picked":["Dramatic Entrance","ReplayTheSpireMod:Trickstab"],"picked":"StSpp:MindBarrier","floor":51.0},{"not_picked":["ReplayTheSpireMod:Echoes of Time","ReplayTheSpireMod:Black Plague"],"picked":"infinitespire:Gouge","floor":51.0},{"not_picked":["RobotSpaceExplorer:ScrapMissile","RobotSpaceExplorer:Pulsar"],"picked":"RobotSpaceExplorer:DoubleFind","floor":52.0},{"not_picked":["RobotSpaceExplorer:Counterblock","RobotSpaceExplorer:FranticSearch"],"picked":"RobotSpaceExplorer:DoubleFind","floor":53.0},{"not_picked":["RobotSpaceExplorer:FranticSearch","RobotSpaceExplorer:SlimeMissile"],"picked":"RobotSpaceExplorer:DroneSwarm","floor":57.0},{"not_picked":["RobotSpaceExplorer:Counterblock","RobotSpaceExplorer:FrostMissile"],"picked":"RobotSpaceExplorer:Comet","floor":63.0},{"not_picked":["RobotSpaceExplorer:SurgingShield","RobotSpaceExplorer:DoubleBlock","RobotSpaceExplorer:Discharger"],"picked":"SKIP","floor":64.0},{"not_picked":["RobotSpaceExplorer:Counterblock","RobotSpaceExplorer:ShockKick","RobotSpaceExplorer:BigMissile"],"picked":"SKIP","floor":65.0},{"not_picked":["RobotSpaceExplorer:HighVoltage","RobotSpaceExplorer:Scanner"],"picked":"RobotSpaceExplorer:Comet","floor":67.0},{"not_picked":["RobotSpaceExplorer:Jetpack","RobotSpaceExplorer:FreezingShield"],"picked":"RobotSpaceExplorer:GlueShot","floor":69.0},{"not_picked":["RobotSpaceExplorer:Counterblock","RobotSpaceExplorer:MiniDrones"],"picked":"RobotSpaceExplorer:DualCore","floor":71.0},{"not_picked":["RobotSpaceExplorer:SurgingShield+1","RobotSpaceExplorer:Ammunition","RobotSpaceExplorer:StunGrenade+1"],"picked":"SKIP","floor":72.0},{"not_picked":["RobotSpaceExplorer:Jetpack","RobotSpaceExplorer:Electropulse"],"picked":"RobotSpaceExplorer:Explosion","floor":76.0},{"not_picked":["RobotSpaceExplorer:SurgingShield","RobotSpaceExplorer:FrostMissile","RobotSpaceExplorer:FranticSearch"],"picked":"SKIP","floor":79.0},{"not_picked":["RobotSpaceExplorer:LaserBurst","RobotSpaceExplorer:ImprovisedAttack"],"picked":"RobotSpaceExplorer:DoubleFind","floor":81.0},{"not_picked":["RobotSpaceExplorer:ShovelStrike","RobotSpaceExplorer:SwiftStep","RobotSpaceExplorer:ShockKick"],"picked":"SKIP","floor":82.0},{"not_picked":["RobotSpaceExplorer:Comet","RobotSpaceExplorer:Asteroid"],"picked":"RobotSpaceExplorer:TrailblazerForm","floor":84.0},{"not_picked":["RobotSpaceExplorer:Blitz+1","RobotSpaceExplorer:ScrapShield","RobotSpaceExplorer:SurgingStrike+1"],"picked":"SKIP","floor":86.0},{"not_picked":["RobotSpaceExplorer:SurgingStrike+1","RobotSpaceExplorer:ShovelStrike+1"],"picked":"RobotSpaceExplorer:PowerCollector+1","floor":87.0},{"not_picked":["RobotSpaceExplorer:FranticSearch+1","RobotSpaceExplorer:RigExplosive+1"],"picked":"RobotSpaceExplorer:TrailblazerForm","floor":89.0},{"not_picked":["RobotSpaceExplorer:SurgingStrike","RobotSpaceExplorer:Jetpack+1","RobotSpaceExplorer:SurgingShield"],"picked":"SKIP","floor":91.0},{"not_picked":["RobotSpaceExplorer:JunkDive+1","RobotSpaceExplorer:Electropulse","RobotSpaceExplorer:Pulsar"],"picked":"SKIP","floor":93.0},{"not_picked":["ReplayTheSpireMod:??????????????????????","infinitespire:Menacing"],"picked":"infinitespire:FinalStrike","floor":96.0},{"not_picked":["RobotSpaceExplorer:GlueSpray+1","RobotSpaceExplorer:Electropulse+1"],"picked":"RobotSpaceExplorer:Autoloader","floor":96.0},{"not_picked":["RobotSpaceExplorer:SwiftStep","RobotSpaceExplorer:Reload+1","RobotSpaceExplorer:SlimeMissile"],"picked":"SKIP","floor":98.0},{"not_picked":["RobotSpaceExplorer:Asteroid","RobotSpaceExplorer:Exploration"],"picked":"RobotSpaceExplorer:Autoloader","floor":101.0},{"not_picked":["RobotSpaceExplorer:Discharger","RobotSpaceExplorer:SwiftStep","RobotSpaceExplorer:Ammunition"],"picked":"SKIP","floor":103},{"not_picked":["RobotSpaceExplorer:ScrapMissile","RobotSpaceExplorer:ShockKick","RobotSpaceExplorer:DualCore"],"picked":"SKIP","floor":104},{"not_picked":["RobotSpaceExplorer:PowerGlove","RobotSpaceExplorer:StunGrenade"],"picked":"RobotSpaceExplorer:StarDust","floor":106},{"not_picked":["RobotSpaceExplorer:SwiftStep","RobotSpaceExplorer:Electropulse","RobotSpaceExplorer:Blitz"],"picked":"SKIP","floor":108}],"player_experience":1815067,"relics_obtained":[{"floor":7.0,"key":"infinitespire:CursedDice"},{"floor":9.0,"key":"Toy Ornithopter"},{"floor":11.0,"key":"StuffTheSpire:Experiment12"},{"floor":13.0,"key":"ReplayFunnel"},{"floor":28.0,"key":"infinitespire:Broken Mirror"},{"floor":41.0,"key":"Whetstone"},{"floor":43.0,"key":"reliquary:FerryPass"},{"floor":46.0,"key":"StuffTheSpire:HeavyRock"},{"floor":48.0,"key":"InkBottle"},{"floor":55.0,"key":"Lantern"},{"floor":57.0,"key":"potionbrewer:Torch"},{"floor":60.0,"key":"Pen Nib"},{"floor":64.0,"key":"Blood Vial"},{"floor":77.0,"key":"Replay:Bottled Flurry"},{"floor":79.0,"key":"StuffTheSpire:DarkSteelAnvil"},{"floor":81.0,"key":"Akabeko"},{"floor":89.0,"key":"Replay:Bottled Steam"},{"floor":90.0,"key":"Ice Cream"},{"floor":91.0,"key":"StSpp:TwinEgg"},{"floor":93.0,"key":"StuffTheSpire:GrapeVine"},{"floor":94.0,"key":"StuffTheSpire:CocoNut"},{"floor":96.0,"key":"MealTicket"},{"floor":99.0,"key":"Replay:Bottled Snecko"},{"floor":108,"key":"potionbrewer:SlideRule"},{"floor":111,"key":"Quantum Egg"}],"event_choices":[{"damage_healed":0.0,"max_hp_gain":0.0,"max_hp_loss":0.0,"gold_gain":175.0,"event_name":"betterThird:BetterSerpent","player_choice":"AGREE","floor":2.0,"gold_loss":0.0,"damage_taken":119.0},{"cards_removed":["Doubt"],"damage_healed":0.0,"max_hp_gain":0.0,"max_hp_loss":0.0,"gold_gain":0.0,"event_name":"Wheel of Change","player_choice":"Card Removal","floor":3.0,"gold_loss":0.0,"damage_taken":0.0},{"damage_healed":0.0,"max_hp_gain":0.0,"max_hp_loss":0.0,"gold_gain":0.0,"event_name":"The Woman in Blue","player_choice":"Bought 0 Potions","floor":22.0,"gold_loss":0.0,"damage_taken":0.0},{"damage_healed":0.0,"max_hp_gain":0.0,"max_hp_loss":0.0,"gold_gain":0.0,"event_name":"Tomb of Lord Red Mask","player_choice":"Ignored","floor":36.0,"gold_loss":0.0,"damage_taken":0.0},{"damage_healed":0.0,"max_hp_gain":0.0,"max_hp_loss":0.0,"gold_gain":0.0,"event_name":"SensoryStone","player_choice":"Memory 3","floor":37.0,"gold_loss":0.0,"damage_taken":10.0},{"damage_healed":22.0,"max_hp_gain":0.0,"max_hp_loss":0.0,"gold_gain":0.0,"event_name":"Winding Halls","player_choice":"Writhe","floor":42.0,"gold_loss":0.0,"damage_taken":0.0,"cards_obtained":["Writhe"]},{"damage_healed":21.0,"max_hp_gain":0.0,"max_hp_loss":0.0,"gold_gain":0.0,"event_name":"The Cleric","player_choice":"Healed","floor":54.0,"gold_loss":35.0,"damage_taken":0.0},{"damage_healed":0.0,"max_hp_gain":0.0,"max_hp_loss":0.0,"gold_gain":99.0,"event_name":"betterThird:BetterNest","player_choice":"Steal","floor":70.0,"gold_loss":0.0,"damage_taken":0.0},{"damage_healed":0.0,"max_hp_gain":0.0,"max_hp_loss":0.0,"gold_gain":0.0,"event_name":"Vampires","player_choice":"Became a vampire (Vial)","floor":80.0,"relics_lost":["Blood Vial"],"gold_loss":0.0,"damage_taken":0.0,"cards_obtained":["Bite","Bite","Bite","Bite","Bite"]},{"damage_healed":0.0,"max_hp_gain":0.0,"max_hp_loss":0.0,"gold_gain":0.0,"event_name":"Mysterious Sphere","player_choice":"Fight","floor":90.0,"gold_loss":0.0,"damage_taken":0.0},{"damage_healed":0.0,"max_hp_gain":0.0,"max_hp_loss":0.0,"gold_gain":0.0,"event_name":"The Moai Head","player_choice":"Ignored","floor":92.0,"gold_loss":0.0,"damage_taken":0.0},{"damage_healed":0,"gold_gain":0,"player_choice":"Grow","damage_taken":0,"max_hp_gain":0,"max_hp_loss":0,"event_name":"Living Wall","floor":110,"gold_loss":0,"cards_upgraded":["infinitespire:UltimateForm"]}],"is_beta":false,"boss_relics":[{"not_picked":["Painkiller Herb","StuffTheSpire:ModemDavis"],"picked":"Philosopher\u0027s Stone"},{"not_picked":["StSpp:CrystalBall","RobotSpaceExplorer:SearchSpecs"],"picked":"RobotSpaceExplorer:TurboCore"},{"not_picked":["ReplayTheSpireMod:DimensionalGlitch","StSpp:Magatama"],"picked":"ReplayTheSpireMod:SealedPack"},{"not_picked":["Honey Jar","StSpp:CrystalBall"],"picked":"ChewingGum"},{"not_picked":["Kintsugi","reliquary:Ember"],"picked":"SlaversCollar"},{"not_picked":["Busted Crown","Replay:Fungal Core","StuffTheSpire:ModemDavis"]}],"items_purged_floors":[],"is_endless":true,"potions_floor_spawned":[7,11,12,13,16,18,24,30,33,39,41,45,46,52,53,57,64,71,76,79,84,86,87,91,96,101,104,108],"killed_by":"Gremlin Nob","ascension_level":3,"is_humility":true}}