{"host":"08z5bj28eube4vug","time":1613303612,"event":{"mods":["100% Spire Juice","2.2 Compatiblity","Abigail Mod","Act Like it!","BaseMod","Beaked The Cultist","Bestiary","Friendly Minions","Gensokyo","GungeonMod","Hallownest","Kiyohime????","Koishi","Lobotomy","Marisa????????","Minty Spire (QoL Compilation)","Prisma Mod","Remilia??????","Replay The Spire","Spire Arcade","StSLib","Td1madao Mod","The Alterego","The Bug Knight","The Jungle","The Sage","The Senshi","The Servant 0.9.4","Waifu the Spire","WarShipGirlsR/????R mod","Yuri Mod"],"gold_per_floor":[117,117,131,150,165,165,183,212,259,293,293,293,332,358,358,467,567,597,636,513,541,541,586,624,624,624,666,666,709,709,466,466,572,572,611,815,815,841,883,883,936,970,1042,1076,924,962,962,610,610,632],"floor_reached":51,"language":"ENG","playtime":3728,"items_purged":["Decay","Lust_TH"],"score":1460,"play_id":"96f7ad91-46f5-41df-a113-eaa218faeaa0","local_time":"20210214145332","is_ascension_mode":true,"campfire_choices":[{"data":"PrismaMod:MiyuDefendChannelDefend","floor":6,"key":"SMITH"},{"data":"PrismaMod:MiyuCheapChannelAttack","floor":11,"key":"SMITH"},{"data":"PrismaMod:MiyuUncommonDexBuff","floor":15,"key":"SMITH"},{"floor":28,"key":"REST"},{"data":"PrismaMod:MiyuUncommonDexBuff","floor":32,"key":"SMITH"},{"floor":40,"key":"DIG"},{"floor":47,"key":"DIG"},{"floor":49,"key":"DIG"}],"circlet_count":0,"master_deck":["PrismaMod:MiyuCommonDefend","PrismaMod:MiyuCommonDefend","PrismaMod:MiyuCommonDefend","PrismaMod:MiyuCommonDefend","PrismaMod:MiyuCommonDefend","PrismaMod:MiyuCommonAttack","PrismaMod:MiyuCommonAttack","PrismaMod:MiyuCommonAttack+1","PrismaMod:MiyuCommonAttack","PrismaMod:MiyuCommonAttack","PrismaMod:MiyuCheapChannelAttack+1","PrismaMod:MiyuCheapChannelDefend","AbbyMod:Ab_Strike","PrismaMod:MiyuCarnivalAttack","PrismaMod:MiyuDefendChannelDefend+1","PrismaMod:MiyuUncommonStrBuff","PrismaMod:MiyuCheapAttack1","PrismaMod:MiyuCarnivalAttack","PrismaMod:MiyuOrbIncreasePerm","PrismaMod:MiyuUncommonDexBuff+1","PrismaMod:MiyuUncommonDefend","PrismaMod:MiyuChannelAttackEvoke","PrismaMod:MiyuUncommonAOEAttack+1","PrismaMod:MiyuUncommonDexBuff+1","PrismaMod:MiyuUncommonAttack+1","Ghostly","Ghostly","Ghostly","Ghostly","Ghostly","PrismaMod:MiyuDefenseRemoval+1","PrismaMod:MiyuCheapDefend1","PrismaMod:MiyuOrbIncreasePerm","Necronomicurse","Bandage Up","PrismaMod:MiyuBride","AbeCurse","PrismaMod:MiyuUncommonPlate","PrismaMod:MiyuCheapChannelAttack+1","PrismaMod:MiyuCheapChannelVul","PrismaMod:MiyuUncommonPlate+1","PrismaMod:MiyuUberAttack","PrismaMod:MiyuCheapDexBuff+1","PrismaMod:MiyuUberAttack","PrismaMod:MiyuDevil+1","Pot Of Greed+1","Pot Of Greed+1","Pot Of Greed+1","Pot Of Greed+1","PrismaMod:MiyuEvokeCheapAttack+1"],"relics":["PrismaMod:PrismaSapphire","Shovel","Pet Ghost","Replay:Bandana","Odd Mushroom","Replay:Wanted Poster","Whetstone","theSenshi:SuperSailorFukuRelic","ReplayFunnel","DemoMod:GlassGuonStoneRelic","Necronomicon","Replay:Baseball","Replay:Grab Bag","Abe\u0027s Treasure","Fusion Hammer","SlaversCollar","ReplayTheSpireMod:TigerMarble","HollowMod:StagPassRelic","theSenshi:SailorFukuRelic","Letter Opener","ReplayTheSpireMod:CursedCoin","Grinning Jar","MealTicket","DemoMod:MeltedRock"],"acts_visited":["Exordium","TheCity","TheBeyond"],"potions_floor_usage":[4,13,16,19,23,27,42,50,50],"damage_taken":[{"damage":0,"enemies":"2 Louse","floor":1,"turns":2},{"damage":4,"enemies":"Cultist","floor":3,"turns":5},{"damage":2,"enemies":"Jaw Worm","floor":4,"turns":4},{"damage":2,"enemies":"2 Fungi Beasts","floor":5,"turns":5},{"damage":2,"enemies":"Blue Slaver","floor":7,"turns":4},{"damage":4,"enemies":"HollowMod:MossKnight","floor":8,"turns":19},{"damage":9,"enemies":"Looter","floor":10,"turns":4},{"damage":4,"enemies":"The Mushroom Lair","floor":13,"turns":4},{"damage":10,"enemies":"Exordium Thugs","floor":14,"turns":4},{"damage":0,"enemies":"Hexaghost","floor":16,"turns":9},{"damage":0,"enemies":"Spheric Guardian","floor":18,"turns":4},{"damage":10,"enemies":"Chosen","floor":19,"turns":3},{"damage":11,"enemies":"Snake Plant","floor":21,"turns":4},{"damage":14,"enemies":"HollowMod:Nosk","floor":23,"turns":10},{"damage":7,"enemies":"Centurion and Healer","floor":24,"turns":6},{"damage":0,"enemies":"Book of Stabbing","floor":27,"turns":8},{"damage":3,"enemies":"Snecko","floor":29,"turns":6},{"damage":0,"enemies":"Champ","floor":33,"turns":12},{"damage":0,"enemies":"3 Darklings","floor":35,"turns":6},{"damage":0,"enemies":"Orb Walker","floor":38,"turns":4},{"damage":0,"enemies":"Maw","floor":39,"turns":8},{"damage":0,"enemies":"Nemesis","floor":41,"turns":7},{"damage":0,"enemies":"Sphere and 2 Shapes","floor":42,"turns":4},{"damage":0,"enemies":"4 Shapes","floor":44,"turns":1},{"damage":0,"enemies":"Writhing Mass","floor":46,"turns":7},{"damage":0,"enemies":"Donu and Deca","floor":50,"turns":7}],"seed_played":"826767672579268003","potions_obtained":[{"floor":1,"key":"Weak Potion"},{"floor":3,"key":"Dexterity Potion"},{"floor":4,"key":"FearPotion"},{"floor":10,"key":"Elixir"},{"floor":16,"key":"PowerPotion"},{"floor":18,"key":"BlessingOfTheForge"},{"floor":23,"key":"GamblersBrew"},{"floor":39,"key":"Fire Potion"},{"floor":44,"key":"SteroidPotion"}],"is_trial":false,"path_per_floor":["M","?","M","M","M","R","M","E","T","M","R","?","?","M","R","B",null,"M","M","$","M","?","E","M","?","T","E","R","M","?","$","R","B",null,"M","?","?","M","M","R","E","M","T","M","$","M","R","$","R","B",null],"character_chosen":"MIYU","items_purchased":["PrismaMod:MiyuUncommonDexBuff","Replay:Baseball","Bandage Up","theSenshi:SailorFukuRelic","ReplayTheSpireMod:CursedCoin","Swift Potion","Grinning Jar","PrismaMod:MiyuEvokeCheapAttack","MealTicket"],"campfire_rested":1,"item_purchase_floors":[20,31,31,45,48,48,48,48,48],"current_hp_per_floor":[68,68,64,62,60,60,58,54,54,45,45,50,46,36,36,36,69,69,59,59,48,40,26,19,14,14,14,27,24,8,8,8,12,37,41,30,30,30,34,34,42,45,45,45,45,45,45,45,45,45],"gold":632,"neow_bonus":"ONE_RARE_RELIC","is_daily":false,"chose_seed":false,"campfire_upgraded":4,"win_rate":0.0,"timestamp":1613303612,"path_taken":["M","?","M","M","?","R","M","E","T","M","R","?","?","M","R","BOSS","M","M","$","M","?","E","M","?","T","E","R","M","?","$","R","BOSS","M","?","?","M","M","R","E","?","T","M","$","M","R","$","R","BOSS"],"items_purchased_type":["Card","Relic","Card","Relic","Relic","Potion","Relic","Card","Relic"],"build_version":"2020-12-22","purchased_purges":2,"victory":true,"max_hp_per_floor":[75,75,75,75,75,75,75,75,75,75,75,80,80,80,80,80,80,80,80,80,80,40,40,40,45,45,45,45,45,45,45,45,45,45,45,45,45,45,45,45,45,45,45,45,45,45,45,45,45,45],"card_choices":[{"not_picked":["PrismaMod:MiyuAttackChannelAttack","PrismaMod:MiyuEvokeBuffDex","PrismaMod:MiyuCheapChannelAttack"],"picked":"SKIP","floor":1},{"not_picked":["PrismaMod:MiyuCommonAOEAttack","PrismaMod:MiyuEvokeBuffDex"],"picked":"PrismaMod:MiyuCarnivalAttack","floor":3},{"not_picked":["PrismaMod:MiyuAttackChannelVul","PrismaMod:MiyuEvokeBuffStr"],"picked":"PrismaMod:MiyuDefendChannelDefend","floor":4},{"not_picked":["PrismaMod:MiyuCheapChannelDefend","PrismaMod:MiyuOrbIncreasePerm"],"picked":"PrismaMod:MiyuUncommonStrBuff","floor":5},{"not_picked":["PrismaMod:MiyuCheapChannelWeak","PrismaMod:MiyuChristmas"],"picked":"PrismaMod:MiyuCheapAttack1","floor":7},{"not_picked":["PrismaMod:MiyuCheapChannelAttack","PrismaMod:MiyuCheapStrBuff"],"picked":"PrismaMod:MiyuCarnivalAttack","floor":8},{"not_picked":["PrismaMod:MiyuCheapChannelAttack","PrismaMod:MiyuUncommonAOEAttack"],"picked":"PrismaMod:MiyuOrbIncreasePerm","floor":10},{"not_picked":["PrismaMod:MiyuCheapDexBuff","PrismaMod:MiyuUberAttack"],"picked":"PrismaMod:MiyuUncommonDexBuff","floor":13},{"not_picked":["PrismaMod:MiyuCheapChannelHeal","PrismaMod:MiyuCheapEvoke"],"picked":"PrismaMod:MiyuUncommonDefend","floor":14},{"not_picked":["PrismaMod:MiyuUberDefend","PrismaMod:MiyuDefendChannelDefend"],"picked":"PrismaMod:MiyuChannelAttackEvoke","floor":16},{"not_picked":["PrismaMod:MiyuEvokeBuffDex","PrismaMod:MiyuUncommonAttack"],"picked":"PrismaMod:MiyuUncommonAOEAttack+1","floor":18},{"not_picked":["PrismaMod:MiyuCheapStrBuff+1","PrismaMod:MiyuUberAOEAttack","PrismaMod:MiyuDefenseExplosion"],"picked":"SKIP","floor":19},{"not_picked":["PrismaMod:MiyuChristmas+1","PrismaMod:MiyuCheapChannelAttack"],"picked":"PrismaMod:MiyuUncommonAttack","floor":21},{"not_picked":["PrismaMod:MiyuCheapChannelDefend","PrismaMod:MiyuUncommonAOEAttack+1"],"picked":"PrismaMod:MiyuDefenseRemoval+1","floor":23},{"not_picked":["PrismaMod:MiyuUncommonAttack+1","PrismaMod:MiyuCheapChannelAttack","PrismaMod:MiyuEvokeCheapDefend+1"],"picked":"SKIP","floor":24},{"not_picked":["PrismaMod:MiyuAttackChannelWeak","PrismaMod:MiyuCheapChannelAttack"],"picked":"PrismaMod:MiyuCheapDefend1","floor":27},{"not_picked":["PrismaMod:MiyuUncommonAttack","PrismaMod:MiyuEvokeAllDefend"],"picked":"PrismaMod:MiyuOrbIncreasePerm","floor":29},{"not_picked":["PrismaMod:MiyuChannelAttackEvoke","PrismaMod:MiyuChannelDefendEvoke"],"picked":"PrismaMod:MiyuBride","floor":33},{"not_picked":["PrismaMod:MiyuCheapAttack1","PrismaMod:MiyuCheapChannelVul"],"picked":"PrismaMod:MiyuUncommonPlate","floor":35},{"not_picked":["PrismaMod:MiyuDefenseExplosion","PrismaMod:MiyuAttackChannelAttack"],"picked":"PrismaMod:MiyuCheapChannelAttack+1","floor":36},{"not_picked":["PrismaMod:MiyuDefenseRemoval","PrismaMod:MiyuCheapAttack2"],"picked":"PrismaMod:MiyuUncommonPlate+1","floor":38},{"not_picked":["PrismaMod:MiyuCheapAttack1","PrismaMod:MiyuCheapDexBuff"],"picked":"PrismaMod:MiyuUberAttack","floor":39},{"not_picked":["PrismaMod:MiyuCheapStrBuff","PrismaMod:MiyuCheapChannelDefend","PrismaMod:MiyuChannelDefendEvoke"],"picked":"SKIP","floor":41},{"not_picked":["PrismaMod:MiyuDefenseRemoval+1","PrismaMod:MiyuDevil"],"picked":"PrismaMod:MiyuCheapDexBuff+1","floor":42},{"not_picked":["PrismaMod:MiyuCommonAOEAttack+1","PrismaMod:MiyuUncommonAOEAttack+1"],"picked":"PrismaMod:MiyuUberAttack","floor":44},{"not_picked":["PrismaMod:MiyuUncommonAttack+1","PrismaMod:MiyuUncommonDefend+1"],"picked":"PrismaMod:MiyuDevil+1","floor":46}],"player_experience":925021,"relics_obtained":[{"floor":8,"key":"Pet Ghost"},{"floor":9,"key":"Replay:Bandana"},{"floor":13,"key":"Odd Mushroom"},{"floor":23,"key":"Whetstone"},{"floor":26,"key":"theSenshi:SuperSailorFukuRelic"},{"floor":27,"key":"ReplayFunnel"},{"floor":30,"key":"Necronomicon"},{"floor":40,"key":"ReplayTheSpireMod:TigerMarble"},{"floor":43,"key":"HollowMod:StagPassRelic"},{"floor":47,"key":"Letter Opener"},{"floor":49,"key":"DemoMod:MeltedRock"}],"event_choices":[{"damage_healed":0,"gold_gain":0,"player_choice":"Cursed","damage_taken":0,"max_hp_gain":0,"max_hp_loss":0,"event_name":"Wheel of Change","floor":2,"gold_loss":0,"cards_obtained":["Decay"]},{"damage_healed":0,"gold_gain":0,"player_choice":"Donut","damage_taken":0,"max_hp_gain":5,"max_hp_loss":0,"event_name":"Big Fish","floor":12,"gold_loss":0},{"damage_healed":0,"gold_gain":0,"player_choice":"Fought Mushrooms","damage_taken":0,"max_hp_gain":0,"max_hp_loss":0,"event_name":"Mushrooms","floor":13,"gold_loss":0},{"damage_healed":0,"gold_gain":0,"player_choice":"Became a Ghost","damage_taken":0,"max_hp_gain":0,"max_hp_loss":40,"event_name":"Ghosts","floor":22,"gold_loss":0,"cards_obtained":["Ghostly","Ghostly","Ghostly","Ghostly","Ghostly"]},{"damage_healed":0,"gold_gain":0,"player_choice":"Shed Blood","damage_taken":10,"max_hp_gain":5,"max_hp_loss":0,"event_name":"Forgotten Altar","floor":25,"gold_loss":0},{"damage_healed":0,"gold_gain":0,"player_choice":"Obtained Book","damage_taken":16,"max_hp_gain":0,"max_hp_loss":0,"event_name":"Cursed Tome","floor":30,"gold_loss":0},{"damage_healed":0,"gold_gain":0,"cards_transformed":["DemoMod:Defend_Huntress"],"player_choice":"Transformed","damage_taken":0,"max_hp_gain":0,"max_hp_loss":0,"event_name":"Transmorgrifier","floor":37,"gold_loss":0,"cards_obtained":["PrismaMod:MiyuCheapChannelVul"]}],"is_beta":false,"boss_relics":[{"not_picked":["Runic Dome","Philosopher\u0027s Stone"],"picked":"Replay:Wanted Poster"},{"not_picked":["Coffee Dripper","Runic Pyramid"],"picked":"Replay:Grab Bag"},{"not_picked":["Painkiller Herb","ReplayTheSpireMod:DimensionalGlitch"],"picked":"Abe\u0027s Treasure"},{"not_picked":["Cursed Key","Velvet Choker"],"picked":"Fusion Hammer"},{"not_picked":["Pandora\u0027s Box","Replay:Drink Me"],"picked":"SlaversCollar"}],"items_purged_floors":[20,48],"is_endless":false,"potions_floor_spawned":[1,3,4,10,16,18,23,39,44],"ascension_level":9}}