{"host":"fbdlh90rovbiajun","time":1613323085,"event":{"mods":["AchievementEnabler","BaseMod","Colored Map","Keyboard Shortcuts","Minty Spire (QoL Compilation)","SuperFastMode"],"gold_per_floor":[115,135,135,135,135,171,171,96,96,109,109,129,153,153,153,279,279,292,50,50,50,50,50,64,19,42,80,80,80,80,80,80,199,199,219,219,219,233,252,127,141,156,156,176,201,235,254,254,254],"floor_reached":48,"language":"KOR","playtime":1396,"items_purged":["Regret","Defend_R","Berserk+1"],"score":530,"play_id":"f7e3e494-9f29-4c51-bbb5-7dec34443235","local_time":"20210215021805","is_ascension_mode":false,"campfire_choices":[{"data":"Inflame","floor":7.0,"key":"SMITH"},{"data":"Heavy Blade","floor":11.0,"key":"SMITH"},{"data":"Thunderclap","floor":15.0,"key":"SMITH"},{"data":"Berserk","floor":23.0,"key":"SMITH"},{"data":"Heavy Blade","floor":28.0,"key":"SMITH"},{"data":"Spot Weakness","floor":32.0,"key":"SMITH"}],"circlet_count":0,"master_deck":["Strike_R+1","Strike_R+1","Strike_R+1","Strike_R+1","Bash","Inflame+1","Heavy Blade+1","Thunderclap+1","Battle Trance","Clash+1","Spot Weakness+1","Hemokinesis","Clash","Heavy Blade+1","Offering","Madness","Madness","Inflame+1","Iron Wave+1","Iron Wave+1","Carnage+1"],"relics":["Black Blood","NeowsBlessing","Golden Idol","Ancient Tea Set","Omamori","Calipers","Sundial","Eternal Feather","Empty Cage","Paper Frog","Meat on the Bone","White Beast Statue","Happy Flower"],"acts_visited":["Exordium","TheCity","TheBeyond"],"potions_floor_usage":[46,46,46,47],"damage_taken":[{"damage":0.0,"enemies":"Small Slimes","floor":1.0,"turns":1.0},{"damage":0.0,"enemies":"Jaw Worm","floor":2.0,"turns":1.0},{"damage":0.0,"enemies":"Lagavulin","floor":6.0,"turns":1.0},{"damage":6.0,"enemies":"Cultist","floor":10.0,"turns":3.0},{"damage":6.0,"enemies":"Exordium Wildlife","floor":12.0,"turns":2.0},{"damage":19.0,"enemies":"Blue Slaver","floor":13.0,"turns":3.0},{"damage":54.0,"enemies":"Hexaghost","floor":16.0,"turns":6.0},{"damage":22.0,"enemies":"Shell Parasite","floor":18.0,"turns":3.0},{"damage":10.0,"enemies":"3 Byrds","floor":24.0,"turns":3.0},{"damage":36.0,"enemies":"Book of Stabbing","floor":27.0,"turns":3.0},{"damage":45.0,"enemies":"Collector","floor":33.0,"turns":4.0},{"damage":16.0,"enemies":"3 Shapes","floor":35.0,"turns":2.0},{"damage":24.0,"enemies":"3 Darklings","floor":38.0,"turns":3.0},{"damage":13.0,"enemies":"Maw","floor":39.0,"turns":4.0},{"damage":27.0,"enemies":"Sphere and 2 Shapes","floor":41.0,"turns":3.0},{"damage":32.0,"enemies":"3 Darklings","floor":42.0,"turns":4.0},{"damage":25.0,"enemies":"Spire Growth","floor":44.0,"turns":3.0},{"damage":30.0,"enemies":"4 Shapes","floor":45.0,"turns":4.0},{"damage":20,"enemies":"Giant Head","floor":46,"turns":5},{"damage":35,"enemies":"Writhing Mass","floor":47,"turns":4},{"damage":32,"enemies":"Spire Growth","floor":48,"turns":2}],"seed_played":"8294494917825230425","potions_obtained":[{"floor":1.0,"key":"FearPotion"},{"floor":6.0,"key":"Explosive Potion"},{"floor":24.0,"key":"Weak Potion"},{"floor":27.0,"key":"Strength Potion"},{"floor":42.0,"key":"Energy Potion"},{"floor":44.0,"key":"Block Potion"},{"floor":45.0,"key":"Swift Potion"},{"floor":46,"key":"HeartOfIron"},{"floor":47,"key":"Strength Potion"}],"is_trial":false,"path_per_floor":["M","M","?","?","?","E","R","$","T","M","R","M","M","T","R","B",null,"M","$","?","?","?","R","M","$","T","E","R","?","$","?","R","B",null,"M","?","?","M","M","$","M","M","T","M","M","E","M","M"],"character_chosen":"IRONCLAD","items_purchased":["Spot Weakness","Hemokinesis","Heavy Blade"],"campfire_rested":0,"item_purchase_floors":[19,19,25],"current_hp_per_floor":[80,80,60,60,60,66,66,66,66,66,66,66,53,53,59,11,80,64,64,64,64,64,70,66,66,66,36,45,45,45,45,54,27,80,76,66,66,54,53,53,50,42,42,41,35,39,28,0,0],"gold":254,"neow_bonus":"THREE_ENEMY_KILL","is_daily":false,"chose_seed":false,"campfire_upgraded":6,"win_rate":0.0,"timestamp":1613323085,"path_taken":["M","M","?","?","?","E","R","$","T","M","R","M","?","?","R","BOSS","M","$","?","?","?","R","M","?","T","E","R","?","?","?","R","BOSS","M","?","?","M","M","$","M","M","T","M","M","E","?","M"],"items_purchased_type":["Card","Card","Card"],"build_version":"2020-12-22","purchased_purges":3,"victory":false,"max_hp_per_floor":[80,80,80,80,80,80,80,80,80,80,80,80,80,80,80,80,80,80,80,80,80,80,80,80,80,80,80,80,80,80,80,80,80,80,80,80,80,80,80,80,80,80,80,80,80,80,80,80,80],"card_choices":[{"not_picked":["Evolve","Blood for Blood","Armaments"],"picked":"SKIP","floor":1.0},{"not_picked":["Clothesline","Blood for Blood","Dropkick"],"picked":"SKIP","floor":2.0},{"not_picked":["Wild Strike","Clash"],"picked":"Inflame","floor":6.0},{"not_picked":["Dark Embrace","True Grit"],"picked":"Heavy Blade","floor":10.0},{"not_picked":["Searing Blow","Warcry"],"picked":"Thunderclap","floor":12.0},{"not_picked":["Sword Boomerang","Searing Blow"],"picked":"Battle Trance","floor":13.0},{"not_picked":["Rampage+1","Whirlwind+1"],"picked":"Clash+1","floor":18.0},{"not_picked":["Shrug It Off","Pommel Strike","Body Slam"],"picked":"SKIP","floor":24.0},{"not_picked":["Whirlwind+1","Anger","Twin Strike+1"],"picked":"SKIP","floor":27.0},{"not_picked":["Feed","Bludgeon"],"picked":"Offering","floor":33.0},{"not_picked":["Fire Breathing","Shrug It Off+1","Wild Strike"],"picked":"SKIP","floor":35.0},{"not_picked":["Armaments+1","Twin Strike","Heavy Blade"],"picked":"SKIP","floor":38.0},{"not_picked":["Clothesline","Body Slam","Cleave+1"],"picked":"SKIP","floor":39.0},{"not_picked":["Double Tap","Shrug It Off+1"],"picked":"Iron Wave+1","floor":41.0},{"not_picked":["Anger","Metallicize+1","Iron Wave"],"picked":"SKIP","floor":42.0},{"not_picked":["Shrug It Off+1","Wild Strike+1","Reckless Charge"],"picked":"SKIP","floor":44.0},{"not_picked":["Dropkick","Pummel+1"],"picked":"Iron Wave+1","floor":45.0},{"not_picked":["Second Wind","True Grit"],"picked":"Carnage+1","floor":46},{"not_picked":["Clash","Disarm","Dropkick"],"picked":"SKIP","floor":47}],"player_experience":43655,"relics_obtained":[{"floor":6.0,"key":"Calipers"},{"floor":9.0,"key":"Sundial"},{"floor":14.0,"key":"Eternal Feather"},{"floor":27.0,"key":"Meat on the Bone"},{"floor":43.0,"key":"White Beast Statue"},{"floor":46,"key":"Happy Flower"}],"event_choices":[{"damage_healed":0.0,"max_hp_gain":0.0,"max_hp_loss":0.0,"gold_gain":0.0,"event_name":"Golden Idol","player_choice":"Take Damage","floor":3.0,"gold_loss":0.0,"damage_taken":20.0,"relics_obtained":["Golden Idol"]},{"damage_healed":0.0,"max_hp_gain":0.0,"max_hp_loss":0.0,"gold_gain":0.0,"event_name":"Big Fish","player_choice":"Box","floor":4.0,"gold_loss":0.0,"damage_taken":0.0,"relics_obtained":["Ancient Tea Set"],"cards_obtained":["Regret"]},{"damage_healed":0.0,"max_hp_gain":0.0,"max_hp_loss":0.0,"gold_gain":0.0,"event_name":"WeMeetAgain","player_choice":"Gave Potion","floor":5.0,"gold_loss":0.0,"damage_taken":0.0,"relics_obtained":["Omamori"]},{"damage_healed":0.0,"max_hp_gain":0.0,"max_hp_loss":0.0,"gold_gain":0.0,"event_name":"The Mausoleum","player_choice":"Opened","floor":20.0,"gold_loss":0.0,"damage_taken":0.0,"relics_obtained":["Paper Frog"],"cards_obtained":["Writhe"]},{"damage_healed":0.0,"max_hp_gain":0.0,"max_hp_loss":0.0,"gold_gain":0.0,"cards_transformed":["Defend_R","Strike_R"],"event_name":"Drug Dealer","player_choice":"Became Test Subject","floor":21.0,"gold_loss":0.0,"damage_taken":0.0,"cards_obtained":["Berserk","Clash"]},{"damage_healed":0.0,"max_hp_gain":0.0,"max_hp_loss":0.0,"gold_gain":0.0,"event_name":"Back to Basics","player_choice":"Simplicity","floor":22.0,"gold_loss":0.0,"damage_taken":0.0,"cards_upgraded":["Strike_R","Strike_R","Strike_R","Strike_R"]},{"damage_healed":0.0,"max_hp_gain":0.0,"max_hp_loss":0.0,"gold_gain":0.0,"event_name":"Ghosts","player_choice":"Ignored","floor":29.0,"gold_loss":0.0,"damage_taken":0.0},{"damage_healed":0.0,"max_hp_gain":0.0,"max_hp_loss":0.0,"gold_gain":0.0,"event_name":"Vampires","player_choice":"Ignored","floor":31.0,"gold_loss":0.0,"damage_taken":0.0},{"damage_healed":0.0,"max_hp_gain":0.0,"max_hp_loss":0.0,"gold_gain":0.0,"event_name":"Winding Halls","player_choice":"Embrace Madness","floor":36.0,"gold_loss":0.0,"damage_taken":10.0,"cards_obtained":["Madness","Madness"]},{"damage_healed":0.0,"max_hp_gain":0.0,"max_hp_loss":0.0,"gold_gain":0.0,"event_name":"Duplicator","player_choice":"Copied","floor":37.0,"gold_loss":0.0,"damage_taken":0.0,"cards_obtained":["Inflame"]}],"is_beta":false,"boss_relics":[{"not_picked":["Cursed Key","Sozu"],"picked":"Empty Cage"},{"not_picked":["Philosopher\u0027s Stone","Mark of Pain"],"picked":"Black Blood"}],"items_purged_floors":[8,19,40],"is_endless":false,"potions_floor_spawned":[1,6,24,27,38,41,42,44,45,46,47],"killed_by":"Spire Growth","ascension_level":0}}