{"host":"x4i48uok34n1rpsm","time":1613290904,"event":{"mods":["Aspiration","BaseMod","Better Third Choice","Colored Map","Highlight Path","Minty Spire (QoL Compilation)","Permanent Neow","Replay The Spire","StSLib"],"gold_per_floor":[109,184,198,49,59,59,93,93,93,108,108,8,38,53,76,174,174,187,15,25,39,39,39,49,80,80,96,108,143,153,58,58,155,155,166,166,180,190,40,67,67,78,78,107,0,34,34,45,45,45,45,45,45,78,78],"floor_reached":56,"language":"ENG","playtime":4980,"items_purged":["Delirium","Strike_R","Spreading Infection","Writhe"],"score":1393,"play_id":"1e54e1f0-6c6c-4ebb-a620-2a709a333179","local_time":"20210214102144","is_ascension_mode":true,"campfire_choices":[{"data":"Bash","floor":6.0,"key":"SMITH"},{"data":"Dark Embrace","floor":8.0,"key":"SMITH"},{"data":"Armaments","floor":23.0,"key":"SMITH"},{"data":"Demon Form","floor":32,"key":"SMITH"},{"floor":41,"key":"RECALL"},{"data":"Limit Break","floor":47,"key":"SMITH"},{"data":"True Grit","floor":49,"key":"SMITH"},{"data":"Burning Pact","floor":52,"key":"SMITH"}],"circlet_count":0,"master_deck":["Strike_R","Strike_R","Strike_R","Defend_R","Defend_R","Defend_R","Defend_R","Bash+1","Twin Strike","Feel No Pain","Inflame","Dark Embrace+1","ReplayTheSpireMod:Strike From Hell","Rampage","Fiend Fire","Overencumbered","Feel No Pain","Havoc","Demon Form+1","Wild Strike+1","Disarm","Pommel Strike","Pummel","Burning Pact+1","Seeing Red+1","Armaments+1","Evolve","Warcry","Limit Break+1","Backflip","True Grit+1","Juggernaut","Pummel"],"relics":["Burning Blood","ReplayTheSpireMod:DimensionalGlitch","Pear","Pet Ghost","Blood Vial","Turnip","Replay:Ancient Bell","aspiration:HiddenCompartment","Mummified Hand","Counterbalance","PreservedInsect","Bottled Tornado","Philosopher\u0027s Stone","Replay:Baseball","ReplayTheSpireMod:Ninjato","Vajra","Red Mask","Letter Opener","Shuriken"],"acts_visited":["Exordium","TheCity","TheBeyond","TheEnding"],"potions_floor_usage":[37,50,55,55],"damage_taken":[{"damage":6.0,"enemies":"Jaw Worm","floor":1.0,"turns":5.0},{"damage":2.0,"enemies":"Small Slimes","floor":3.0,"turns":3.0},{"damage":0.0,"enemies":"2 Louse","floor":5.0,"turns":2.0},{"damage":6.0,"enemies":"Gremlin Nob","floor":7.0,"turns":3.0},{"damage":0.0,"enemies":"Blue Slaver","floor":10.0,"turns":4.0},{"damage":15.0,"enemies":"Lagavulin","floor":13.0,"turns":5.0},{"damage":12.0,"enemies":"Large Slime","floor":14.0,"turns":6.0},{"damage":20.0,"enemies":"The Guardian","floor":16.0,"turns":10.0},{"damage":0.0,"enemies":"Chosen","floor":18.0,"turns":3.0},{"damage":7.0,"enemies":"2 Thieves","floor":20.0,"turns":3.0},{"damage":10.0,"enemies":"Snake Plant","floor":21.0,"turns":4.0},{"damage":0.0,"enemies":"Snecko","floor":24.0,"turns":3.0},{"damage":1.0,"enemies":"Replay:Snechameleon","floor":25.0,"turns":4.0},{"damage":0.0,"enemies":"3 Cultists","floor":27.0,"turns":5.0},{"damage":0.0,"enemies":"Centurion and Healer","floor":28.0,"turns":4.0},{"damage":4.0,"enemies":"Book of Stabbing","floor":29.0,"turns":3.0},{"damage":16.0,"enemies":"Snake Plant","floor":30.0,"turns":2.0},{"damage":0,"enemies":"Automaton","floor":33,"turns":6},{"damage":0,"enemies":"3 Darklings","floor":35,"turns":6},{"damage":4,"enemies":"3 Shapes","floor":37,"turns":4},{"damage":0,"enemies":"3 Darklings","floor":38,"turns":4},{"damage":1,"enemies":"Giant Head","floor":40,"turns":5},{"damage":0,"enemies":"Maw","floor":42,"turns":6},{"damage":0,"enemies":"Reptomancer","floor":44,"turns":5},{"damage":0,"enemies":"Giant Head","floor":46,"turns":5},{"damage":0,"enemies":"Transient","floor":48,"turns":5},{"damage":8,"enemies":"Time Eater","floor":50,"turns":4},{"damage":12,"enemies":"Shield and Spear","floor":54,"turns":5},{"damage":46,"enemies":"The Heart","floor":55,"turns":7}],"seed_played":"-7786377758520016777","potions_obtained":[{"floor":3.0,"key":"Regen Potion"},{"floor":5.0,"key":"DistilledChaos"},{"floor":13.0,"key":"Venom Potion"},{"floor":16.0,"key":"Adrenaline Potion"},{"floor":18.0,"key":"Reflective Coating"},{"floor":21.0,"key":"Block Potion"},{"floor":25.0,"key":"Swift Potion"},{"floor":28.0,"key":"Explosive Potion"},{"floor":30.0,"key":"Swift Potion"},{"floor":35,"key":"PowerPotion"},{"floor":40,"key":"Fire Potion"},{"floor":42,"key":"AttackPotion"},{"floor":48,"key":"FearPotion"},{"floor":54,"key":"BlessingOfTheForge"}],"is_trial":false,"path_per_floor":["M","?","M","$","M","R","E","R","T","M","?","$","E","M","R_BF","B",null,"M","$","M","M","?","R","M","E","T","M","M","E","M","$","R","B",null,"M","?","M","M","$","E","R","M","T","E","?","E","R","M","R","B",null,"R","$","E","B",null],"character_chosen":"IRONCLAD","items_purchased":["Inflame","Havoc","Evolve","Warcry"],"campfire_rested":0,"item_purchase_floors":[4,19,31,31],"current_hp_per_floor":[77,66,67,67,70,70,77,77,77,80,73,73,64,56,34,18,90,90,90,86,80,80,80,84,87,87,90,90,89,77,77,77,81,90,90,90,89,90,90,90,90,90,90,90,90,90,90,90,90,85,90,90,90,81,39],"gold":78,"neow_bonus":"CURSED_BOSS_RELIC","is_daily":false,"chose_seed":false,"campfire_upgraded":7,"win_rate":0.0,"timestamp":1613290904,"path_taken":["M","?","M","$","M","R","E","R","T","M","?","?","E","M","R_BF","BOSS","M","$","M","?","?","R","M","E","T","M","M","E","M","$","R_BF","BOSS","M","?","?","M","$","E","R","M","T","E","?","E","R","M","R","BOSS","R","$","E","BOSS"],"items_purchased_type":["Card","Card","Card","Card"],"build_version":"2020-12-22","purchased_purges":4,"victory":true,"max_hp_per_floor":[80,80,80,80,80,80,90,90,90,90,90,90,90,90,90,90,90,90,90,90,90,90,90,90,90,90,90,90,90,90,90,90,90,90,90,90,90,90,90,90,90,90,90,90,90,90,90,90,90,90,90,90,90,90,90],"card_choices":[{"not_picked":["Burning Pact","ReplayTheSpireMod:Stacked"],"picked":"Twin Strike","floor":1.0},{"not_picked":["Second Wind","Rage"],"picked":"Feel No Pain","floor":3.0},{"not_picked":["True Grit","Abandon","ReplayTheSpireMod:Corrosion Curse"],"picked":"SKIP","floor":5.0},{"not_picked":["Warcry","Body Slam"],"picked":"Dark Embrace","floor":7.0},{"not_picked":["Inflame","True Grit"],"picked":"ReplayTheSpireMod:Strike From Hell","floor":10.0},{"not_picked":["Uppercut","Iron Wave"],"picked":"Rampage","floor":13.0},{"not_picked":["Headbutt","Flex","Clash"],"picked":"SKIP","floor":14.0},{"not_picked":["Replay:Undeath\u0027s Touch","Evolve"],"picked":"Armaments","floor":15.0},{"not_picked":["Impervious","Berserk"],"picked":"Fiend Fire","floor":16.0},{"not_picked":["ReplayTheSpireMod:Faulty Equipment","Parasite"],"picked":"Spreading Infection","floor":17.0},{"not_picked":["ReplayTheSpireMod:Faulty Equipment","Replay:Hysterical Blindness"],"picked":"Writhe","floor":17.0},{"not_picked":["Spreading Infection","Sickly"],"picked":"Overencumbered","floor":17.0},{"not_picked":["Burning Pact","Rupture+1"],"picked":"Feel No Pain","floor":18.0},{"not_picked":["Battle Trance","Run Through"],"picked":"Demon Form","floor":20.0},{"not_picked":["Perfected Strike","Run Through"],"picked":"Wild Strike+1","floor":21.0},{"not_picked":["Reaper","Armaments"],"picked":"Pommel Strike","floor":24.0},{"not_picked":["Sword Boomerang+1","Metallicize"],"picked":"Pummel","floor":25.0},{"not_picked":["Reckless Charge","Run Through","Combust+1"],"picked":"SKIP","floor":27.0},{"not_picked":["Clash","Pommel Strike"],"picked":"Burning Pact","floor":28.0},{"not_picked":["Flex","Cleave"],"picked":"Seeing Red+1","floor":29.0},{"not_picked":["Intimidate","Wild Strike"],"picked":"Armaments+1","floor":30.0},{"not_picked":["Exhume","Corruption"],"picked":"Limit Break","floor":33},{"not_picked":["Iron Wave+1","Shrug It Off","Power Through+1"],"picked":"SKIP","floor":35},{"not_picked":["ReplayTheSpireMod:Corrosion Curse","Body Slam+1"],"picked":"True Grit","floor":37},{"not_picked":["ReplayTheSpireMod:Strike From Hell","Sever Soul+1","Rampage+1"],"picked":"SKIP","floor":38},{"not_picked":["Battle Trance","Searing Blow","ReplayTheSpireMod:Stacked+1"],"picked":"SKIP","floor":40},{"not_picked":["Perfected Strike","Iron Wave+1"],"picked":"Juggernaut","floor":42},{"not_picked":["Perfected Strike+1","Seeing Red+1","Anger+1"],"picked":"SKIP","floor":44},{"not_picked":["Anger+1","Wild Strike+1","ReplayTheSpireMod:Strike From Hell+1"],"picked":"SKIP","floor":46},{"not_picked":["Dropkick","Thunderclap","Iron Wave+1"],"picked":"SKIP","floor":48},{"not_picked":["Whirlwind","Cleave+1"],"picked":"Pummel","floor":54}],"player_experience":255677,"relics_obtained":[{"floor":7.0,"key":"Pear"},{"floor":9.0,"key":"Pet Ghost"},{"floor":13.0,"key":"Blood Vial"},{"floor":15.0,"key":"Turnip"},{"floor":25.0,"key":"PreservedInsect"},{"floor":29.0,"key":"Bottled Tornado"},{"floor":40,"key":"Replay:Baseball"},{"floor":43,"key":"ReplayTheSpireMod:Ninjato"},{"floor":44,"key":"Vajra"},{"floor":46,"key":"Letter Opener"},{"floor":54,"key":"Shuriken"}],"event_choices":[{"damage_healed":0.0,"max_hp_gain":0.0,"max_hp_loss":0.0,"gold_gain":75.0,"event_name":"betterThird:BetterGoop","player_choice":"Gold","floor":2.0,"gold_loss":0.0,"damage_taken":11.0},{"cards_removed":["Strike_R"],"damage_healed":0.0,"max_hp_gain":0.0,"max_hp_loss":0.0,"gold_gain":0.0,"event_name":"Golden Wing","player_choice":"Card Removal","floor":11.0,"gold_loss":0.0,"damage_taken":7.0},{"damage_healed":0.0,"max_hp_gain":0.0,"max_hp_loss":0.0,"gold_gain":0.0,"event_name":"The Library","player_choice":"Read","floor":22.0,"gold_loss":0.0,"damage_taken":0.0,"cards_obtained":["Disarm"]},{"cards_removed":["Armaments"],"damage_healed":0,"gold_gain":0,"player_choice":"Took Card","damage_taken":0,"max_hp_gain":0,"max_hp_loss":0,"event_name":"NoteForYourself","floor":36,"gold_loss":0,"cards_obtained":["Backflip"]},{"damage_healed":0,"gold_gain":0,"player_choice":"Paid","damage_taken":0,"relics_obtained":["Red Mask"],"max_hp_gain":0,"max_hp_loss":0,"event_name":"Tomb of Lord Red Mask","floor":45,"gold_loss":107}],"is_beta":false,"boss_relics":[{"not_picked":["Runic Dome","aspiration:FutureDiary"],"picked":"Replay:Ancient Bell"},{"not_picked":["Nunchaku","Boot"],"picked":"aspiration:HiddenCompartment"},{"not_picked":["Quantum Egg","aspiration:SeaSaltIceCream"],"picked":"Mummified Hand"},{"not_picked":["Bird Faced Urn","Calipers"],"picked":"Counterbalance"},{"not_picked":["Black Blood","Cursed Key"],"picked":"Philosopher\u0027s Stone"}],"items_purged_floors":[4,12,19,39],"is_endless":false,"potions_floor_spawned":[3,5,13,16,18,21,25,28,30,35,40,42,48,54],"ascension_level":1}}