{"host":"cb9xh4d0ss8ax8yb","time":1613289877,"event":{"mods":["100% Spire Juice","BaseMod","Better Altar","Better Match","Better Note","Better Sensory Stone","Better Skull","Better Third Choice","Bossed Relics","Good Game Mod","Minty Spire (QoL Compilation)","StSLib","The Cursed","The Dragon Tamer","The Gatherer"],"gold_per_floor":[116,134,134,52,64,90,90,106,156,176,207,207,58,76,76,171,171,188,188,201,12,22,22,55,69,94,94,94,123,133,164,164,267,267,283,303,103,115,129,156,167,200,200,200,250,250,261,278,278,278,278],"floor_reached":50,"language":"KOR","playtime":3629,"items_purged":["Defend_G","Strike_G"],"score":691,"play_id":"09d15cb2-daaf-415d-8cc5-9ecc6532d447","local_time":"20210214170437","is_ascension_mode":true,"campfire_choices":[{"data":"Backflip","floor":7,"key":"SMITH"},{"data":"Envenom","floor":12,"key":"SMITH"},{"data":"Infinite Blades","floor":15,"key":"SMITH"},{"floor":23,"key":"RECALL"},{"floor":27,"key":"REST"},{"floor":32,"key":"REST"},{"floor":44,"key":"REST"},{"data":"1","floor":49,"key":"LIFT"}],"circlet_count":0,"master_deck":["Strike_G","Strike_G","Strike_G","Defend_G","Defend_G","Defend_G","Defend_G","Survivor","Neutralize","Die Die Die","Backflip+1","Underhanded Strike","Noxious Fumes","Quick Slash","Backstab","Envenom+1","Deflect","Infinite Blades+1","Escape Plan","Good Instincts","Prepared","Cloak And Dagger+1","Slice","Dagger Spray","Corpse Explosion","Crippling Poison","Accuracy","Acrobatics+1","Escape Plan+1"],"relics":["Ring of the Snake","REME:ComplimentaryCards","Snake Skull","Mercury Hourglass","Strawberry","Boot","Lee\u0027s Waffle","Fusion Hammer","Membership Card","Kunai","Smiling Mask","Omamori","Ancient Tea Set","Sozu","Ice Cream","Art of War","Vajra","Pantograph","Girya"],"acts_visited":["Exordium","TheCity","TheBeyond"],"potions_floor_usage":[6,11,11,22,22,24,29,33,33,40],"damage_taken":[{"damage":2,"enemies":"Jaw Worm","floor":1,"turns":5},{"damage":1,"enemies":"Cultist","floor":2,"turns":4},{"damage":0,"enemies":"2 Louse","floor":5,"turns":2},{"damage":23,"enemies":"Lagavulin","floor":6,"turns":7},{"damage":3,"enemies":"Blue Slaver","floor":8,"turns":4},{"damage":0,"enemies":"2 Fungi Beasts","floor":10,"turns":2},{"damage":10,"enemies":"Gremlin Nob","floor":11,"turns":4},{"damage":0,"enemies":"Exordium Wildlife","floor":14,"turns":3},{"damage":6,"enemies":"The Guardian","floor":16,"turns":8},{"damage":3,"enemies":"Spheric Guardian","floor":18,"turns":3},{"damage":7,"enemies":"2 Thieves","floor":20,"turns":3},{"damage":11,"enemies":"Snake Plant","floor":22,"turns":4},{"damage":15,"enemies":"Slavers","floor":24,"turns":3},{"damage":0,"enemies":"Sentry and Sphere","floor":25,"turns":4},{"damage":30,"enemies":"Gremlin Leader","floor":29,"turns":4},{"damage":7,"enemies":"Centurion and Healer","floor":30,"turns":5},{"damage":9,"enemies":"Slavers","floor":31,"turns":4},{"damage":18,"enemies":"Collector","floor":33,"turns":6},{"damage":0,"enemies":"3 Shapes","floor":35,"turns":2},{"damage":2,"enemies":"3 Darklings","floor":36,"turns":4},{"damage":0,"enemies":"Writhing Mass","floor":38,"turns":6},{"damage":8,"enemies":"4 Shapes","floor":39,"turns":4},{"damage":8,"enemies":"Reptomancer","floor":40,"turns":4},{"damage":1,"enemies":"Transient","floor":41,"turns":5},{"damage":15,"enemies":"Nemesis","floor":42,"turns":5},{"damage":19,"enemies":"Mind Bloom Boss Battle","floor":45,"turns":5},{"damage":15,"enemies":"Sphere and 2 Shapes","floor":47,"turns":4},{"damage":25,"enemies":"Spire Growth","floor":48,"turns":4},{"damage":92,"enemies":"Time Eater","floor":50,"turns":6}],"seed_played":"-7900496597833446770","potions_obtained":[{"floor":2,"key":"Weak Potion"},{"floor":5,"key":"Swift Potion"},{"floor":6,"key":"Block Potion"},{"floor":10,"key":"AttackPotion"},{"floor":16,"key":"SkillPotion"},{"floor":20,"key":"AttackPotion"},{"floor":22,"key":"CunningPotion"},{"floor":29,"key":"CultistPotion"},{"floor":30,"key":"SteroidPotion"},{"floor":33,"key":"AttackPotion"}],"is_trial":false,"path_per_floor":["M","M","?","$","M","E","R","M","T","M","E","R","$","M","R","B",null,"M","?","M","$","M","R","E","M","T","R","?","E","M","E","R","B",null,"M","M","$","M","M","E","M","E","T","R","?","?","M","M","R","B"],"character_chosen":"THE_SILENT","items_purchased":["Noxious Fumes","Lee\u0027s Waffle","Membership Card","Ice Cream"],"campfire_rested":3,"item_purchase_floors":[4,13,21,37],"current_hp_per_floor":[68,67,67,67,67,44,44,41,48,48,38,38,84,84,84,78,84,81,81,74,74,63,63,48,48,48,73,73,43,36,27,52,34,84,84,82,82,82,74,66,65,50,50,75,65,65,50,25,25,0,0],"gold":278,"neow_bonus":"RANDOM_COMMON_RELIC","is_daily":false,"chose_seed":false,"campfire_upgraded":3,"win_rate":0.0,"timestamp":1613289877,"path_taken":["M","M","?","?","M","E","R","M","T","M","E","R","$","M","R","BOSS","M","?","M","$","M","R","E","M","T","R","?","E","M","E","R","BOSS","M","M","$","M","M","E","M","E","T","R","?","?","M","M","R","BOSS"],"items_purchased_type":["Card","Relic","Relic","Relic"],"build_version":"2020-12-22","purchased_purges":2,"victory":false,"max_hp_per_floor":[70,70,70,70,70,70,70,70,77,77,77,77,84,84,84,84,84,84,84,84,84,84,84,84,84,84,84,84,84,84,84,84,84,84,84,84,84,84,84,84,84,84,84,84,84,84,84,84,84,84,84],"card_choices":[{"not_picked":["Reflex","Slice"],"picked":"Backflip","floor":1},{"not_picked":["PiercingWail","Acrobatics"],"picked":"Underhanded Strike","floor":2},{"not_picked":["Dagger Spray","Dagger Throw"],"picked":"Quick Slash","floor":5},{"not_picked":["Deadly Poison","Blade Dance"],"picked":"Backstab","floor":6},{"not_picked":["Prepared","Dash"],"picked":"Envenom","floor":8},{"not_picked":["Poisoned Stab","Acrobatics"],"picked":"Deflect","floor":10},{"not_picked":["Skewer","Predator"],"picked":"Infinite Blades","floor":11},{"not_picked":["Tactician","PiercingWail"],"picked":"Escape Plan","floor":14},{"not_picked":["Deflect","Deadly Poison"],"picked":"Cloak And Dagger","floor":18},{"not_picked":["Dark Shackles","Apotheosis"],"picked":"Good Instincts","floor":19},{"not_picked":["Choke","Outmaneuver"],"picked":"Prepared","floor":20},{"not_picked":["Riddle With Holes","Bane"],"picked":"Cloak And Dagger+1","floor":22},{"not_picked":["Sucker Punch","PiercingWail","Envenom"],"picked":"SKIP","floor":24},{"not_picked":["Outmaneuver","Backflip","Predator"],"picked":"SKIP","floor":25},{"not_picked":["Predator","Catalyst","Unload"],"picked":"SKIP","floor":29},{"not_picked":["Prepared","Sucker Punch"],"picked":"Dagger Spray","floor":30},{"not_picked":["Backflip","Dagger Throw","Slice"],"picked":"SKIP","floor":31},{"not_picked":["After Image","Glass Knife"],"picked":"Corpse Explosion","floor":33},{"not_picked":["Outmaneuver","Crippling Poison","Dodge and Roll+1"],"picked":"SKIP","floor":35},{"not_picked":["Leg Sweep","Backflip","Underhanded Strike"],"picked":"SKIP","floor":36},{"not_picked":["Deadly Poison","Well Laid Plans"],"picked":"Crippling Poison","floor":38},{"not_picked":["Poisoned Stab","Dagger Throw","Bane"],"picked":"SKIP","floor":39},{"not_picked":["Deadly Poison+1","Expertise","Predator"],"picked":"SKIP","floor":40},{"not_picked":["Concentrate","Masterful Stab+1","Dagger Spray"],"picked":"SKIP","floor":41},{"not_picked":["PiercingWail","After Image"],"picked":"Accuracy","floor":42},{"not_picked":["Cloak And Dagger+1","Tactician"],"picked":"Acrobatics+1","floor":45},{"not_picked":["Slice","Concentrate+1","Reflex"],"picked":"SKIP","floor":47},{"not_picked":["Deflect+1","Cloak And Dagger"],"picked":"Escape Plan+1","floor":48}],"player_experience":521927,"relics_obtained":[{"floor":6,"key":"Mercury Hourglass"},{"floor":9,"key":"Strawberry"},{"floor":11,"key":"Boot"},{"floor":24,"key":"Kunai"},{"floor":26,"key":"Smiling Mask"},{"floor":29,"key":"Omamori"},{"floor":31,"key":"Ancient Tea Set"},{"floor":40,"key":"Art of War"},{"floor":42,"key":"Vajra"},{"floor":43,"key":"Pantograph"},{"floor":45,"key":"Girya"}],"event_choices":[{"cards_removed":["Strike_G"],"damage_healed":0,"gold_gain":0,"player_choice":"Offered Basic","damage_taken":0,"max_hp_gain":0,"max_hp_loss":0,"event_name":"Bonfire Elementals","floor":3,"gold_loss":0},{"damage_healed":0,"gold_gain":2,"player_choice":"1","damage_taken":0,"max_hp_gain":0,"max_hp_loss":0,"event_name":"betterStone:BetterStone","floor":19,"gold_loss":0},{"damage_healed":0,"gold_gain":0,"player_choice":"Read","damage_taken":0,"max_hp_gain":0,"max_hp_loss":0,"event_name":"The Library","floor":28,"gold_loss":0,"cards_obtained":["Slice"]},{"damage_healed":0,"gold_gain":0,"player_choice":"Fight","damage_taken":0,"max_hp_gain":0,"max_hp_loss":0,"event_name":"MindBloom","floor":45,"gold_loss":0},{"cards_removed":["Cloak And Dagger"],"damage_healed":0,"gold_gain":0,"player_choice":"Removed Skill","damage_taken":0,"max_hp_gain":0,"max_hp_loss":0,"event_name":"Falling","floor":46,"gold_loss":0}],"is_beta":false,"boss_relics":[{"not_picked":["Runic Pyramid","Runic Dome"],"picked":"Fusion Hammer"},{"not_picked":["Pandora\u0027s Box","Philosopher\u0027s Stone"],"picked":"Sozu"}],"items_purged_floors":[21,37],"is_endless":false,"potions_floor_spawned":[2,5,6,10,16,20,22,29,30,33,39,40,42,48],"killed_by":"Time Eater","ascension_level":4}}