{"host":"skr63qsdfgeey3it","time":1613267497,"event":{"mods":["BaseMod","Colored Map","Hubris","Minty Spire (QoL Compilation)","Monster B Gone","Reliquary","Replay The Spire","Spicy Shops","StSLib"],"gold_per_floor":[118,81,94,94,94,124,136,136,163,191,209,284,284,294,294,294,294],"floor_reached":16,"language":"ENG","playtime":338,"items_purged":[],"score":236,"play_id":"3ee24653-7866-46ff-a313-0f554a47c5af","local_time":"20210213195137","is_ascension_mode":true,"campfire_choices":[{"data":"Mirror Shield","floor":8,"key":"SMITH"},{"floor":15,"key":"REST"}],"circlet_count":0,"master_deck":["AscendersBane","Strike_B","Strike_B","Strike_B","Strike_B","Defend_B","Defend_B","Defend_B","Defend_B","Zap+1","Dualcast","Sunder","Time Bomb+1","Streamline","Pot Of Greed","Pot Of Greed","White Noise","Mirror Shield+1","Rainbow","Capacitor","Tempest"],"relics":["Cracked Core","NeowsBlessing","Grinning Jar","PreservedInsect","reliquary:SharkskinSheath"],"acts_visited":["Exordium"],"potions_floor_usage":[16],"damage_taken":[{"damage":0,"enemies":"Cultist","floor":1,"turns":1},{"damage":0,"enemies":"Small Slimes","floor":3,"turns":1},{"damage":0,"enemies":"3 Sentries","floor":6,"turns":1},{"damage":7,"enemies":"Jaw Worm","floor":7,"turns":3},{"damage":15,"enemies":"Lagavulin","floor":10,"turns":6},{"damage":14,"enemies":"Blue Slaver","floor":11,"turns":3},{"damage":14,"enemies":"3 Louse","floor":14,"turns":3},{"damage":38,"enemies":"Slime Boss","floor":16,"turns":3}],"seed_played":"-9023715927559780906","potions_obtained":[{"floor":3,"key":"Fire Potion"},{"floor":6,"key":"ColorlessPotion"}],"is_trial":false,"path_per_floor":["M","$","M","?","?","E","M","R","T","E","M","?","?","M","R","B"],"character_chosen":"DEFECT","items_purchased":["Time Bomb"],"campfire_rested":1,"item_purchase_floors":[2],"current_hp_per_floor":[64,64,64,64,64,64,57,57,57,42,28,17,17,3,24,0,0],"gold":294,"neow_bonus":"THREE_ENEMY_KILL","is_daily":false,"chose_seed":false,"campfire_upgraded":1,"win_rate":0.0,"timestamp":1613267497,"path_taken":["M","$","M","?","?","E","?","R","T","E","M","?","?","M","R","BOSS"],"items_purchased_type":["Card"],"build_version":"2020-12-22","purchased_purges":0,"victory":false,"max_hp_per_floor":[71,71,71,71,71,71,71,71,71,71,71,71,71,71,71,71,71],"card_choices":[{"not_picked":["Coolheaded","Hello World"],"picked":"Sunder","floor":1},{"not_picked":["BasicCrystalCard","Hologram"],"picked":"Streamline","floor":3},{"not_picked":["Force Field","Leap"],"picked":"White Noise","floor":6},{"not_picked":["Scrape","Steam"],"picked":"Mirror Shield","floor":7},{"not_picked":["Double Energy","ReplayTheSpireMod:System Scan"],"picked":"Rainbow","floor":10},{"not_picked":["Reinforced Body","Streamline","Compile Driver"],"picked":"SKIP","floor":11},{"not_picked":["Rip and Tear","Leap"],"picked":"Tempest","floor":14}],"player_experience":969147,"relics_obtained":[{"floor":6,"key":"Grinning Jar"},{"floor":9,"key":"PreservedInsect"},{"floor":10,"key":"reliquary:SharkskinSheath"}],"event_choices":[{"damage_healed":0,"gold_gain":0,"player_choice":"Grow","damage_taken":0,"max_hp_gain":0,"max_hp_loss":0,"event_name":"Living Wall","floor":4,"gold_loss":0,"cards_upgraded":["Time Bomb"]},{"damage_healed":0,"gold_gain":0,"player_choice":"Upgraded","damage_taken":0,"max_hp_gain":0,"max_hp_loss":0,"event_name":"Upgrade Shrine","floor":5,"gold_loss":0,"cards_upgraded":["Zap"]},{"damage_healed":0,"gold_gain":75,"player_choice":"Gather Gold","damage_taken":11,"max_hp_gain":0,"max_hp_loss":0,"event_name":"World of Goop","floor":12,"gold_loss":0}],"is_beta":false,"boss_relics":[],"items_purged_floors":[],"is_endless":false,"potions_floor_spawned":[3,6,10,14],"killed_by":"Slime Boss","ascension_level":15}}