{"host":"3fvqec7g2448bgbh","time":1613332583,"event":{"mods":["AchievementEnabler","Aspiration","BaseMod","Colored Map","Colored Powertips","Conspire","DeckTracker","GifTheSpireLib","Highlight Path","Hubris","Infinite Spire","Minty Spire (QoL Compilation)","Permanent Neow","Rare Cards Sparkle","Relic Sorter","Replay The Spire","Spicy Shops","StSLib","Stuff the Spire","Together in Spire"],"gold_per_floor":[114,126,92,92,55,55,68,68,136,136,151,161,161,173,173,269,269,286,303,303,303,303],"floor_reached":21,"language":"ENG","playtime":1667,"items_purged":[],"score":171,"play_id":"ab9d4068-c7c9-4ab3-a7a9-ad75f7cea4ef","local_time":"20210215035623","is_ascension_mode":false,"campfire_choices":[{"data":"Ball Lightning","floor":6,"key":"SMITH"},{"data":"Dualcast","floor":15,"key":"SMITH"}],"circlet_count":0,"master_deck":["Strike_B","Strike_B","Strike_B","Strike_B","Defend_B","Defend_B","Defend_B","Zap","Dualcast+1","Reinforced Body","ReplaySolidLightProjector","FTL","Ball Lightning+1","Fusion+1","Gash","Leap","Iron Wave","StuffTheSpire:Plugnplay","Creative AI","Steam","Go for the Eyes","Writhe"],"relics":["Cracked Core","aspiration:Nostalgia","Ring of the Snake","Kunai","hubris:TerracottaHorce","Nunchaku"],"acts_visited":["Exordium","TheCity"],"potions_floor_usage":[],"damage_taken":[{"damage":0,"enemies":"Small Slimes","floor":1,"turns":2},{"damage":0,"enemies":"Jaw Worm","floor":2,"turns":3},{"damage":0,"enemies":"Cultist","floor":7,"turns":1},{"damage":0,"enemies":"Blue Slaver","floor":11,"turns":1},{"damage":0,"enemies":"2 Fungi Beasts","floor":12,"turns":1},{"damage":0,"enemies":"Looter","floor":14,"turns":1},{"damage":43,"enemies":"Slime Boss","floor":16,"turns":8},{"damage":11,"enemies":"Chosen","floor":18,"turns":2},{"damage":0,"enemies":"Spheric Guardian","floor":19,"turns":3},{"damage":64,"enemies":"Snake Plant","floor":21,"turns":4}],"seed_played":"-8667361028751699875","potions_obtained":[{"floor":2,"key":"Strength Potion"},{"floor":12,"key":"PotionOfCapacity"},{"floor":16,"key":"PowerPotion"}],"is_trial":false,"path_per_floor":["M","M","$","?","$","R","M","?","T","?","M","M","?","M","R","B",null,"M","M","?","M"],"character_chosen":"DEFECT","items_purchased":["FTL","Ball Lightning"],"campfire_rested":0,"item_purchase_floors":[3,5],"current_hp_per_floor":[75,75,75,75,75,75,75,80,80,80,80,80,80,80,80,37,69,58,58,58,0,0],"gold":303,"neow_bonus":"NOSTALGIA","is_daily":false,"chose_seed":false,"campfire_upgraded":2,"win_rate":0.0,"timestamp":1613332583,"path_taken":["M","M","$","?","$","R","M","?","T","?","M","?","?","M","R","BOSS","M","?","?","M"],"items_purchased_type":["Card","Card"],"build_version":"2020-12-22","purchased_purges":0,"victory":false,"max_hp_per_floor":[75,75,75,75,75,75,75,80,80,80,80,80,80,80,80,80,80,80,80,80,80,80],"card_choices":[{"not_picked":["Go for the Eyes","Redo"],"picked":"Reinforced Body","floor":1},{"not_picked":["Tempest","Hologram"],"picked":"ReplaySolidLightProjector","floor":2},{"not_picked":["Go for the Eyes","conspire:SharedLibrary"],"picked":"Fusion","floor":7},{"not_picked":["Lockon","Compile Driver"],"picked":"Gash","floor":11},{"not_picked":["Cold Snap","Panic Button"],"picked":"Leap","floor":12},{"not_picked":["Blizzard","conspire:Rain"],"picked":"StuffTheSpire:Plugnplay","floor":14},{"not_picked":["Rainbow","StuffTheSpire:LaunchingStrike"],"picked":"Creative AI","floor":16},{"not_picked":["StuffTheSpire:Plugnplay","Reprogram"],"picked":"Steam","floor":18},{"not_picked":["Fusion+1","StuffTheSpire:LoadUp"],"picked":"Go for the Eyes","floor":19}],"player_experience":8602,"relics_obtained":[{"floor":9,"key":"Kunai"}],"event_choices":[{"damage_healed":0,"gold_gain":0,"player_choice":"Ignored","damage_taken":0,"max_hp_gain":0,"max_hp_loss":0,"event_name":"Liars Game","floor":4,"gold_loss":0},{"damage_healed":0,"gold_gain":0,"player_choice":"Donut","damage_taken":0,"max_hp_gain":5,"max_hp_loss":0,"event_name":"Big Fish","floor":8,"gold_loss":0},{"cards_removed":["Defend_B"],"damage_healed":0,"gold_gain":0,"player_choice":"Took Card","damage_taken":0,"max_hp_gain":0,"max_hp_loss":0,"event_name":"NoteForYourself","floor":13,"gold_loss":0,"cards_obtained":["Iron Wave"]}],"is_beta":false,"boss_relics":[{"not_picked":["Replay:Wanted Poster","hubris:BlackHole"],"picked":"hubris:TerracottaHorce"}],"items_purged_floors":[],"is_endless":false,"potions_floor_spawned":[2,12,16,19],"killed_by":"Snake Plant","ascension_level":0}}