{"host":"j1dv7kwky60lg19i","time":1613307356,"event":{"mods":["ATMod(阿瑾Mod)","AchievementEnabler","Act Like it!","Arknights","BaseMod","Better Vampires","Bossed Relics","Colored Powertips","Conspire","Friendly Minions","Gensokyo","Gold Saver","Highlight Path","KinomotoSakuraMod(木之本樱)","Minty Spire (QoL Compilation)","MostiFishMod","Quarter Circle Forward PUNCH!","Quick Restart","Rare Cards Sparkle","Reimu（博丽灵梦）","Reliquary","Replay The Spire","RumiaBox-露米娅的神秘盒子","StSLib","TestMod","The Servant 0.9.4","Yakumo Yukari mod","noobMod","【功能Mod】强力的原版药水","【功能Mod】混沌之环修复补丁","【遗物Mod】简单游戏","【遗物卡牌】REMEMod","篝火指南"],"gold_per_floor":[115,15,26,42,42,69,69],"floor_reached":6,"language":"ZHS","playtime":724,"items_purged":[],"score":46,"play_id":"943c9572-0423-4479-8937-e5a1092c52e1","local_time":"20210214205556","is_ascension_mode":false,"campfire_choices":[],"circlet_count":0,"master_deck":["ats:Strike C","ats:Strike G","ats:Strike S","ats:Strike V","ats:Armor Crushing Shot","ats:Defend","ats:Defend","ats:Defend","ats:Defend","ats:Emotion Absorption","AT_ChampionKick","ats:Hammer On","Ghostly","ats:Blood Oath","ats:Automatic Cover","ats:Closed Bolt Burst Fire","ats:Song Of Battle"],"relics":["ats:Sanity","testmod-TestBox","EasyRelic","REME_ComplimentaryCards","ice","DaveBox","AT_ATBox","ChiXiaoBlade","testmod-SaigiyounoYou","Prayer Wheel","SynthV:TestCard","ats:Originium","conspire:Flyswatter"],"acts_visited":["Exordium"],"potions_floor_usage":[],"damage_taken":[{"damage":0,"enemies":"ats:Genji","floor":1,"turns":3},{"damage":0,"enemies":"Cultist","floor":3,"turns":3},{"damage":4,"enemies":"conspire:RoseBush","floor":4,"turns":4},{"damage":9,"enemies":"Gremlin Nob","floor":6,"turns":4}],"seed_played":"-5997492215773320189","potions_obtained":[{"floor":4,"key":"ColorlessPotion"}],"is_trial":false,"path_per_floor":["M","?","M","M","$","E"],"character_chosen":"DOCTOR_CLASS","items_purchased":[],"campfire_rested":0,"item_purchase_floors":[],"current_hp_per_floor":[79,79,79,79,79,72,72],"gold":69,"neow_bonus":"TEN_PERCENT_HP_BONUS","is_daily":false,"chose_seed":false,"campfire_upgraded":0,"win_rate":0.0,"timestamp":1613307356,"path_taken":["M","?","M","M","$","E"],"items_purchased_type":[],"build_version":"2020-12-22","purchased_purges":0,"victory":false,"max_hp_per_floor":[79,79,79,79,79,79,79],"card_choices":[{"not_picked":["ats:Guard Mode","ats:Ignite"],"picked":"ats:Hammer On","floor":1},{"not_picked":["ats:Burning Ground","ats:Ignite","ats:Assault Order"],"picked":"SKIP","floor":1},{"not_picked":["ats:Poison Spread","ats:Spore Proliferation","ats:Hook Shot","ats:Absolute Focus"],"picked":"ats:Blood Oath","floor":3},{"not_picked":["ats:Poison Spread","ats:Guardian Obelisk","ats:Hammer On","ats:Fractured Body"],"picked":"ats:Automatic Cover","floor":3},{"not_picked":["ats:Flexible Camouflage","ats:Encircling Forest","ats:Song Of Battle","ats:Cat Scratch"],"picked":"ats:Closed Bolt Burst Fire","floor":4},{"not_picked":["ats:Apocalypse","ats:Leaping Hammer","ats:Poison Spread","ats:Charging Defense"],"picked":"ats:Song Of Battle","floor":4}],"player_experience":201037,"relics_obtained":[{"floor":1,"key":"SynthV:TestCard"},{"floor":6,"key":"ats:Originium"},{"floor":6,"key":"conspire:Flyswatter"}],"event_choices":[{"damage_healed":0,"gold_gain":0,"player_choice":"Argue","damage_taken":0,"max_hp_gain":0,"max_hp_loss":0,"event_name":"conspire:LoneGhost","floor":2,"gold_loss":0}],"is_beta":false,"boss_relics":[],"items_purged_floors":[],"is_endless":false,"potions_floor_spawned":[4],"killed_by":"Gremlin Nob","ascension_level":0}}