{"host":"15ff3ltgpietarej","time":1613314451,"event":{"mods":["BaseMod","Bestiary","Downfall","Highlight Path","Minty Spire (QoL Compilation)","Relic Stats","StSLib"],"gold_per_floor":[99,111,129,229,214,214,240,240,240,240,260,260,295,309,323,424,424,424,444,464,258,258,292,342,242,276,276,292,310,338,338,357,453,453,453,473,487,500,517,417,417,434,141,155,155,155,155],"floor_reached":45,"language":"ENG","playtime":2564,"items_purged":["hexamod:Strike"],"score":572,"play_id":"0bc14f83-fe21-4cd3-897b-686edec51503","local_time":"20210214155411","is_ascension_mode":true,"campfire_choices":[{"floor":1.0,"key":"REST"},{"data":"hexamod:GhostLash","floor":6.0,"key":"SMITH"},{"data":"hexamod:Sear","floor":10.0,"key":"SMITH"},{"data":"hexamod:GiftsFromTheDead","floor":12.0,"key":"SMITH"},{"data":"hexamod:ExtraCrispy","floor":18.0,"key":"SMITH"},{"data":"hexamod:UnleashSpirits","floor":25.0,"key":"SMITH"},{"data":"hexamod:SoulSteal","floor":27.0,"key":"SMITH"},{"floor":35,"key":"RECALL"},{"data":"hexamod:Hexaguard","floor":40,"key":"SMITH"}],"circlet_count":0,"master_deck":["hexamod:Strike","hexamod:Strike","hexamod:Defend","hexamod:Defend","hexamod:Defend","hexamod:Defend","hexamod:Sear+1","hexamod:Float","hexamod:UnleashSpirits+1","hexamod:GhostShield","hexamod:GhostLash+1","hexamod:GiftsFromTheDead+1","hexamod:FlamesFromBeyond","hexamod:ExtraCrispy+1","hexamod:HeatShield","hexamod:NightmareGuise","hexamod:PhantomCloak+1","hexamod:PowerFromBeyond","hexamod:SoulSteal+1","hexamod:FlamesFromBeyond","hexamod:PhantomFireball+1","hexamod:NightmareGuise","hexamod:Hexaguard+1","hexamod:ParanormalForm","hexamod:Hexaguard+1","hexamod:AdvancingGuard","hexamod:GhostLash","hexamod:EtherealExpedition+1","hexamod:SpectersWail","hexamod:ExtraCrispy+1"],"relics":["hexamod:SpiritBrand","Toy Ornithopter","downfall:ShatteredFragment","Ancient Tea Set","SlaversCollar","Guardian:BottledAnomaly","hexamod:SoulConsumer","Akabeko","downfall:HeartBlessingGreen","Ornamental Fan","Bronze Scales","SacredBark","downfall:HeartBlessingRed","hexamod:RecyclingMachine"],"acts_visited":["Exordium","TheCity","TheBeyond"],"potions_floor_usage":[38],"damage_taken":[{"damage":7.0,"enemies":"Small Slimes","floor":2.0,"turns":3.0},{"damage":0.0,"enemies":"Cultist","floor":3.0,"turns":4.0},{"damage":0.0,"enemies":"downfall:FleeingMerchant","floor":5.0,"turns":4.0},{"damage":0.0,"enemies":"2 Louse","floor":11.0,"turns":2.0},{"damage":2.0,"enemies":"Gremlin Nob","floor":13.0,"turns":3.0},{"damage":7.0,"enemies":"Exordium Wildlife","floor":14.0,"turns":2.0},{"damage":11.0,"enemies":"Gremlin Gang","floor":15.0,"turns":4.0},{"damage":15.0,"enemies":"IC_STATUS_ARCHETYPE","floor":16.0,"turns":5.0},{"damage":0.0,"enemies":"3 Byrds","floor":19.0,"turns":3.0},{"damage":10.0,"enemies":"Chosen","floor":20.0,"turns":5.0},{"damage":0.0,"enemies":"downfall:FleeingMerchant","floor":21.0,"turns":4.0},{"damage":24.0,"enemies":"Book of Stabbing","floor":23.0,"turns":5.0},{"damage":3.0,"enemies":"Gremlin Leader","floor":26.0,"turns":5.0},{"damage":11.0,"enemies":"Snake Plant","floor":28.0,"turns":3.0},{"damage":3.0,"enemies":"Centurion and Healer","floor":29.0,"turns":6.0},{"damage":1.0,"enemies":"Book of Stabbing","floor":30.0,"turns":5.0},{"damage":0.0,"enemies":"Snecko","floor":32.0,"turns":4.0},{"damage":7.0,"enemies":"WA_ARCHETYPE_CALM","floor":33.0,"turns":8.0},{"damage":11,"enemies":"Orb Walker","floor":36,"turns":3},{"damage":24,"enemies":"3 Darklings","floor":37,"turns":6},{"damage":12,"enemies":"Jaw Worm Horde","floor":38,"turns":2},{"damage":0,"enemies":"Spire Growth","floor":39,"turns":4},{"damage":0,"enemies":"Sphere and 2 Shapes","floor":42,"turns":3},{"damage":0,"enemies":"downfall:FleeingMerchant","floor":43,"turns":4},{"damage":14,"enemies":"Writhing Mass","floor":44,"turns":6},{"damage":56,"enemies":"Reptomancer","floor":45,"turns":2}],"seed_played":"7577356192376684167","potions_obtained":[{"floor":3.0,"key":"hexamod:EctoCoolerPotion"},{"floor":9.0,"key":"Fruit Juice"},{"floor":9.0,"key":"sneckomod:MuddlingPotion"},{"floor":9.0,"key":"SmokeBomb"},{"floor":11.0,"key":"Weak Potion"},{"floor":14.0,"key":"hexamod:SoulburnPotion"},{"floor":26.0,"key":"SpeedPotion"},{"floor":30.0,"key":"PowerPotion"},{"floor":33.0,"key":"SkillPotion"},{"floor":37,"key":"EssenceOfSteel"},{"floor":42,"key":"ColorlessPotion"},{"floor":44,"key":"hexamod:SoulburnPotion"}],"is_trial":false,"path_per_floor":["R","M","M","?","$","R","T","?","?","R","M","R","E","M","M","B",null,"R","M","M","$","?","E","T","R","E","R","M","M","E","?","M","B",null,"R","M","M","M","M","R","T","M","$","M","E"],"character_chosen":"THE_SPIRIT","items_purchased":["Guardian:BottledAnomaly","hexamod:PowerFromBeyond","hexamod:RecyclingMachine","hexamod:SpectersWail"],"campfire_rested":1,"item_purchase_floors":[21,21,43,43],"current_hp_per_floor":[70,63,63,63,63,63,63,42,52,52,52,52,50,43,32,17,75,75,75,65,65,65,46,46,46,47,47,45,46,54,54,63,60,75,75,64,44,41,45,45,45,49,53,43,0,0,0],"gold":155,"neow_bonus":"THREE_RARE_CARDS","is_daily":false,"chose_seed":false,"campfire_upgraded":7,"win_rate":0.0,"timestamp":1613314451,"path_taken":["R","M","M","?","$","R","T","?","?","R","M","R","E","?","M","BOSS","R","M","M","$","?","E","T","R","E","R","M","M","E","?","M","BOSS","R","M","?","?","M","R","T","M","$","M","E"],"items_purchased_type":["Relic","Card","Relic","Card"],"build_version":"2020-12-22","purchased_purges":1,"victory":false,"max_hp_per_floor":[70,70,70,70,70,70,70,70,75,75,75,75,75,75,75,75,75,75,75,75,75,75,75,75,75,75,75,75,75,75,75,75,75,75,75,75,75,75,75,75,75,75,75,75,75,75,75],"relic_stats":{"counters":[26,105],"Ornamental Fan":[60],"Bronze Scales":[104],"obtain_stats":[{"downfall:ShatteredFragment":8,"downfall:HeartBlessingRed":40,"SacredBark":34,"downfall:HeartBlessingGreen":25,"Ancient Tea Set":13,"Akabeko":24,"SlaversCollar":17,"Ornamental Fan":26,"Bronze Scales":30,"hexamod:SoulConsumer":23,"hexamod:RecyclingMachine":43,"Guardian:BottledAnomaly":21,"hexamod:SpiritBrand":0,"Toy Ornithopter":7},{"downfall:ShatteredFragment":3,"downfall:HeartBlessingRed":22,"SacredBark":18,"downfall:HeartBlessingGreen":12,"Ancient Tea Set":5,"Akabeko":12,"SlaversCollar":8,"Ornamental Fan":13,"Bronze Scales":16,"hexamod:SoulConsumer":12,"hexamod:RecyclingMachine":24,"Guardian:BottledAnomaly":11,"hexamod:SpiritBrand":0,"Toy Ornithopter":3},{"downfall:ShatteredFragment":11,"downfall:HeartBlessingRed":90,"SacredBark":75,"downfall:HeartBlessingGreen":44,"Ancient Tea Set":16,"Akabeko":44,"SlaversCollar":27,"Ornamental Fan":49,"Bronze Scales":63,"hexamod:SoulConsumer":44,"hexamod:RecyclingMachine":97,"Guardian:BottledAnomaly":39,"hexamod:SpiritBrand":0,"Toy Ornithopter":11}],"Toy Ornithopter":30},"card_choices":[{"not_picked":["hexamod:VolcanoVisage","hexamod:TimeWarp"],"picked":"hexamod:UnleashSpirits","floor":0.0},{"not_picked":["hexamod:ShieldOfDarkness","hexamod:ThermalTransfer"],"picked":"hexamod:GhostShield","floor":2.0},{"not_picked":["hexamod:BurningTouch","hexamod:Incineration"],"picked":"hexamod:GhostLash","floor":3.0},{"not_picked":["hexamod:Haunt","hexamod:NightmareStrike"],"picked":"hexamod:GiftsFromTheDead","floor":5.0},{"not_picked":["hexamod:Hexaguard","hexamod:PhantomFireball"],"picked":"hexamod:FlamesFromBeyond","floor":11.0},{"not_picked":["hexamod:RadiantFlame","hexamod:SkipABeat","hexamod:ThermalTransfer"],"picked":"SKIP","floor":13.0},{"not_picked":["hexamod:AdvancingGuard","hexamod:ShieldOfDarkness"],"picked":"hexamod:ExtraCrispy","floor":14.0},{"not_picked":["hexamod:GhostShield","hexamod:GhostOfSpireFuture"],"picked":"hexamod:HeatShield","floor":15.0},{"not_picked":["hexamod:RetreatToShadows+1","hexamod:HeatMetal"],"picked":"hexamod:NightmareGuise","floor":19.0},{"not_picked":["hexamod:StepThrough","hexamod:InspiringFlames+1","hexamod:AdvancingGuard+1"],"picked":"SKIP","floor":20.0},{"not_picked":["hexamod:SuperheatedStrike","hexamod:SwordOfDarkness"],"picked":"hexamod:PhantomCloak+1","floor":21.0},{"not_picked":["hexamod:CatchUp+1","hexamod:HeatMetal"],"picked":"hexamod:SoulSteal","floor":23.0},{"not_picked":["hexamod:GhostflameBarrier","hexamod:EmpoweredFlame","hexamod:Firestarter"],"picked":"SKIP","floor":26.0},{"not_picked":["hexamod:RadiantFlame","hexamod:HeatCrush"],"picked":"hexamod:FlamesFromBeyond","floor":28.0},{"not_picked":["hexamod:NightmareStrike","hexamod:ThermalTransfer"],"picked":"hexamod:PhantomFireball+1","floor":29.0},{"not_picked":["hexamod:SkipABeat","hexamod:SuperheatedStrike+1"],"picked":"hexamod:NightmareGuise","floor":30.0},{"not_picked":["hexamod:Firestarter","hexamod:PhantomFireball"],"picked":"hexamod:Hexaguard","floor":32.0},{"not_picked":["hexamod:UnleashSpirits","hexamod:TimeWarp"],"picked":"hexamod:ParanormalForm","floor":33.0},{"not_picked":["hexamod:ShieldOfDarkness+1","hexamod:SwordOfDarkness","hexamod:Incineration"],"picked":"SKIP","floor":36},{"not_picked":["hexamod:FlamesFromBeyond","hexamod:BacktrackSmack+1"],"picked":"hexamod:Hexaguard+1","floor":37},{"not_picked":["hexamod:SuperheatedStrike","hexamod:PhantomCloak","hexamod:ThirdSeal"],"picked":"SKIP","floor":38},{"not_picked":["hexamod:SecondSeal","hexamod:NightmareGuise"],"picked":"hexamod:AdvancingGuard","floor":39},{"not_picked":["hexamod:EmpoweredFlame","hexamod:FastForward"],"picked":"hexamod:GhostLash","floor":42},{"not_picked":["hexamod:ThirdSeal","hexamod:BacktrackSmack"],"picked":"hexamod:EtherealExpedition+1","floor":43},{"not_picked":["hexamod:GhostLash+1","hexamod:SecondSeal"],"picked":"hexamod:ExtraCrispy+1","floor":44}],"player_experience":464481,"relics_obtained":[{"floor":7.0,"key":"Toy Ornithopter"},{"floor":13.0,"key":"Ancient Tea Set"},{"floor":23.0,"key":"hexamod:SoulConsumer"},{"floor":24.0,"key":"Akabeko"},{"floor":26.0,"key":"Ornamental Fan"},{"floor":30.0,"key":"Bronze Scales"}],"event_choices":[{"damage_healed":0.0,"max_hp_gain":0.0,"max_hp_loss":0.0,"gold_gain":0.0,"event_name":"Lab","player_choice":"Got Potions","floor":9.0,"gold_loss":0.0,"damage_taken":0.0}],"is_beta":false,"boss_relics":[{"not_picked":["Fusion Hammer","Empty Cage"],"picked":"SlaversCollar"},{"not_picked":["Black Star","hexamod:UnbrokenSoul"],"picked":"SacredBark"}],"items_purged_floors":[43],"is_endless":false,"potions_floor_spawned":[3,11,13,14,20,26,30,33,37,42,44],"killed_by":"Reptomancer","ascension_level":4}}