{"host":"29uuqgkzqd703i93","time":1613343493,"event":{"mods":["BaseMod","Minty Spire (QoL Compilation)"],"gold_per_floor":[111,21,38,51,61,61,87,52,123,179,199,199,210,210,210,306,306,320,340,353,353,370,370,388,35,87,11,111,37,49,63,63,168,168,183,183,183,27,27,58,58,127,127,141,141,158,169,183,183,183],"floor_reached":51,"language":"ENG","playtime":4660,"items_purged":[],"score":681,"play_id":"c0ae5eec-2a67-4b7b-832b-5176fb38facb","local_time":"20210214235813","is_ascension_mode":false,"campfire_choices":[{"data":"A Thousand Cuts","floor":6,"key":"SMITH"},{"floor":15,"key":"REST"},{"floor":23,"key":"REST"},{"floor":32,"key":"REST"},{"floor":41,"key":"REST"},{"data":"Envenom","floor":49,"key":"SMITH"}],"circlet_count":0,"master_deck":["Strike_G","Strike_G","Strike_G","Strike_G","Strike_G","Defend_G","Defend_G+1","Defend_G","Defend_G","Defend_G","Survivor","Neutralize","A Thousand Cuts+1","Cloak And Dagger+1","Blade Dance","Setup+1","Backflip","Slice","Well Laid Plans","Poisoned Stab","Dagger Spray","Cloak And Dagger","Envenom+1","CurseOfTheBell","Dash","Blade Dance+1","Leg Sweep","Dodge and Roll+1","Dodge and Roll","Blade Dance","PiercingWail","Sucker Punch","Leg Sweep+1","Noxious Fumes","Crippling Poison","Backflip","Night Terror","Prepared","Enlightenment","Dark Shackles","Good Instincts","Concentrate+1","Infinite Blades","Footwork+1","Doubt","PiercingWail+1","Finisher","Parasite","Heel Hook"],"relics":["Ring of the Snake","Shovel","Meat on the Bone","MealTicket","Calling Bell","Centennial Puzzle","Paper Crane","Unceasing Top","Lizard Tail","Anchor","Pocketwatch","Eternal Feather","Black Star","Bottled Tornado","Dream Catcher","Bronze Scales","Ornamental Fan","Kunai","Toxic Egg 2"],"acts_visited":["Exordium","TheCity","TheBeyond"],"potions_floor_usage":[28,28,28,40,40,50,50,50],"damage_taken":[{"damage":1,"enemies":"Cultist","floor":1,"turns":4},{"damage":0,"enemies":"2 Louse","floor":3,"turns":2},{"damage":2,"enemies":"Small Slimes","floor":4,"turns":3},{"damage":15,"enemies":"Exordium Thugs","floor":5,"turns":5},{"damage":23,"enemies":"3 Sentries","floor":7,"turns":6},{"damage":8,"enemies":"3 Sentries","floor":10,"turns":6},{"damage":3,"enemies":"Red Slaver","floor":11,"turns":4},{"damage":10,"enemies":"Looter","floor":13,"turns":3},{"damage":36,"enemies":"Hexaghost","floor":16,"turns":11},{"damage":30,"enemies":"Spheric Guardian","floor":18,"turns":6},{"damage":8,"enemies":"3 Byrds","floor":19,"turns":4},{"damage":28,"enemies":"Centurion and Healer","floor":20,"turns":6},{"damage":13,"enemies":"Shelled Parasite and Fungi","floor":22,"turns":8},{"damage":17,"enemies":"Snake Plant","floor":24,"turns":5},{"damage":20,"enemies":"Colosseum Slavers","floor":28,"turns":5},{"damage":38,"enemies":"Colosseum Nobs","floor":28,"turns":6},{"damage":63,"enemies":"3 Cultists","floor":30,"turns":8},{"damage":2,"enemies":"Snecko","floor":31,"turns":6},{"damage":36,"enemies":"Automaton","floor":33,"turns":11},{"damage":13,"enemies":"Orb Walker","floor":35,"turns":5},{"damage":58,"enemies":"Reptomancer","floor":40,"turns":10},{"damage":11,"enemies":"3 Darklings","floor":44,"turns":3},{"damage":29,"enemies":"Transient","floor":46,"turns":5},{"damage":0,"enemies":"Maw","floor":47,"turns":8},{"damage":11,"enemies":"Writhing Mass","floor":48,"turns":6},{"damage":37,"enemies":"Donu and Deca","floor":50,"turns":11}],"seed_played":"-1985593633854778627","potions_obtained":[{"floor":3,"key":"GhostInAJar"},{"floor":5,"key":"PowerPotion"},{"floor":11,"key":"LiquidMemories"},{"floor":16,"key":"AttackPotion"},{"floor":28,"key":"PowerPotion"},{"floor":30,"key":"AttackPotion"},{"floor":31,"key":"Fire Potion"},{"floor":35,"key":"Strength Potion"},{"floor":46,"key":"BlessingOfTheForge"},{"floor":47,"key":"Ancient Potion"}],"is_trial":false,"path_per_floor":["M","$","M","M","M","R","E","?","T","?","M","?","M","?","R","B",null,"M","M","M","?","M","R","M","$","T","$","?","$","M","M","R","B",null,"M","T","?","$","?","E","R","T","T","M","?","M","M","M","R","B",null],"character_chosen":"THE_SILENT","items_purchased":["Blade Dance","Setup","Lizard Tail","Blade Dance","PiercingWail","Sucker Punch","Noxious Fumes","Dream Catcher"],"campfire_rested":4,"item_purchase_floors":[2,2,25,25,27,27,29,38],"current_hp_per_floor":[69,69,69,67,52,52,29,46,46,38,47,33,35,35,56,32,70,40,44,28,28,27,48,43,58,58,70,24,39,25,35,70,46,70,57,57,57,70,60,14,59,59,59,48,70,41,41,42,69,44],"gold":183,"neow_bonus":"THREE_RARE_CARDS","is_daily":false,"chose_seed":false,"campfire_upgraded":2,"win_rate":0.0,"timestamp":1613343493,"path_taken":["M","?","?","M","M","R","E","?","T","?","M","?","M","?","R","BOSS","M","M","?","?","M","R","?","$","T","$","?","?","M","M","R","BOSS","M","?","?","?","?","E","R","?","T","M","?","?","M","M","R","BOSS"],"items_purchased_type":["Card","Card","Relic","Card","Card","Card","Card","Relic"],"build_version":"2020-12-22","purchased_purges":0,"victory":true,"max_hp_per_floor":[70,70,70,70,70,70,70,70,70,70,70,70,70,70,70,70,70,70,70,70,70,70,70,70,70,70,70,70,70,70,70,70,70,70,70,70,70,70,70,70,70,70,70,70,70,70,70,70,70,70],"card_choices":[{"not_picked":["After Image","Grand Finale"],"picked":"A Thousand Cuts","floor":0},{"not_picked":["Calculated Gamble","Underhanded Strike"],"picked":"Cloak And Dagger","floor":1},{"not_picked":["Bane","Prepared"],"picked":"Backflip","floor":3},{"not_picked":["Bane","Predator"],"picked":"Slice","floor":4},{"not_picked":["Eviscerate","PiercingWail"],"picked":"Dagger Spray","floor":5},{"not_picked":["Caltrops","Acrobatics"],"picked":"Well Laid Plans","floor":7},{"not_picked":["Acrobatics","PiercingWail"],"picked":"Poisoned Stab","floor":10},{"not_picked":["Slice","Dagger Throw"],"picked":"Dagger Spray","floor":11},{"not_picked":["Finisher","Flying Knee"],"picked":"Cloak And Dagger","floor":13},{"not_picked":["Storm of Steel","Night Terror"],"picked":"Envenom","floor":16},{"not_picked":["Acrobatics","Escape Plan"],"picked":"Dash","floor":18},{"not_picked":["Masterful Stab","Dodge and Roll"],"picked":"Blade Dance+1","floor":19},{"not_picked":["Flying Knee","Sucker Punch"],"picked":"Leg Sweep","floor":20},{"not_picked":["Bane","Dagger Throw+1"],"picked":"Dodge and Roll+1","floor":22},{"not_picked":["Slice","Dagger Spray"],"picked":"Dodge and Roll","floor":24},{"not_picked":["Choke","Catalyst"],"picked":"Leg Sweep+1","floor":28},{"not_picked":["Catalyst","Dodge and Roll+1"],"picked":"Crippling Poison","floor":30},{"not_picked":["All Out Attack","Eviscerate"],"picked":"Backflip","floor":31},{"not_picked":["Venomology","Phantasmal Killer"],"picked":"Night Terror","floor":33},{"not_picked":["All Out Attack+1","PiercingWail"],"picked":"Prepared","floor":35},{"not_picked":["Chrysalis","Forethought"],"picked":"Enlightenment","floor":39},{"not_picked":["Mayhem","HandOfGreed"],"picked":"Dark Shackles","floor":39},{"not_picked":["Impatience","PanicButton"],"picked":"Good Instincts","floor":39},{"not_picked":["Quick Slash","Cloak And Dagger"],"picked":"Concentrate+1","floor":40},{"not_picked":["Acrobatics","Underhanded Strike+1"],"picked":"Infinite Blades","floor":41},{"not_picked":["Prepared+1","Dagger Spray+1"],"picked":"Footwork+1","floor":44},{"not_picked":["Deadly Poison+1","Quick Slash+1"],"picked":"PiercingWail+1","floor":46},{"not_picked":["Dagger Throw+1","Flechettes+1"],"picked":"Finisher","floor":47},{"not_picked":["Deadly Poison+1","Flying Knee"],"picked":"Heel Hook","floor":48}],"player_experience":95013,"relics_obtained":[{"floor":7,"key":"Shovel"},{"floor":9,"key":"Meat on the Bone"},{"floor":10,"key":"MealTicket"},{"floor":17,"key":"Centennial Puzzle"},{"floor":17,"key":"Paper Crane"},{"floor":17,"key":"Unceasing Top"},{"floor":26,"key":"Anchor"},{"floor":28,"key":"Pocketwatch"},{"floor":28,"key":"Eternal Feather"},{"floor":36,"key":"Bottled Tornado"},{"floor":40,"key":"Bronze Scales"},{"floor":40,"key":"Ornamental Fan"},{"floor":42,"key":"Kunai"},{"floor":43,"key":"Toxic Egg 2"}],"event_choices":[{"damage_healed":17,"gold_gain":0,"player_choice":"Healed","damage_taken":0,"max_hp_gain":0,"max_hp_loss":0,"event_name":"The Cleric","floor":8,"gold_loss":35},{"damage_healed":0,"gold_gain":0,"player_choice":"Searched \u00272\u0027 times","damage_taken":0,"max_hp_gain":0,"max_hp_loss":0,"event_name":"Dead Adventurer","floor":10,"gold_loss":0},{"damage_healed":0,"gold_gain":0,"player_choice":"Entered Light","damage_taken":14,"max_hp_gain":0,"max_hp_loss":0,"event_name":"Shining Light","floor":12,"gold_loss":0,"cards_upgraded":["Defend_G","Setup"]},{"damage_healed":0,"gold_gain":0,"player_choice":"Forge","damage_taken":0,"max_hp_gain":0,"max_hp_loss":0,"event_name":"Accursed Blacksmith","floor":14,"gold_loss":0,"cards_upgraded":["Cloak And Dagger"]},{"cards_removed":["Writhe"],"damage_healed":0,"gold_gain":0,"player_choice":"Removed Curses","damage_taken":0,"max_hp_gain":0,"max_hp_loss":0,"event_name":"Fountain of Cleansing","floor":21,"gold_loss":0},{"damage_healed":0,"gold_gain":0,"player_choice":"Fight","damage_taken":0,"max_hp_gain":0,"max_hp_loss":0,"event_name":"Colosseum","floor":28,"gold_loss":0},{"damage_healed":0,"gold_gain":0,"player_choice":"Fought Nobs","damage_taken":0,"max_hp_gain":0,"max_hp_loss":0,"event_name":"Colosseum","floor":28,"gold_loss":0},{"cards_removed":["Dagger Spray"],"damage_healed":0,"gold_gain":0,"player_choice":"Removed Attack","damage_taken":0,"max_hp_gain":0,"max_hp_loss":0,"event_name":"Falling","floor":37,"gold_loss":0},{"damage_healed":0,"gold_gain":0,"player_choice":"Memory 3","damage_taken":10,"max_hp_gain":0,"max_hp_loss":0,"event_name":"SensoryStone","floor":39,"gold_loss":0},{"damage_healed":22,"gold_gain":0,"player_choice":"Heal","damage_taken":0,"max_hp_gain":0,"max_hp_loss":0,"event_name":"MindBloom","floor":45,"gold_loss":0,"cards_obtained":["Doubt"]}],"is_beta":false,"boss_relics":[{"not_picked":["Philosopher\u0027s Stone","Sozu"],"picked":"Calling Bell"},{"not_picked":["Fusion Hammer","SacredBark"],"picked":"Black Star"}],"items_purged_floors":[],"is_endless":false,"potions_floor_spawned":[3,5,11,16,22,28,28,30,31,33,35,46,47],"ascension_level":0}}