{"host":"ifvrsrzj00f2ebkn","time":1613273728,"event":{"mods":["BaseMod","Colored Map","Colored Powertips","Minty Spire (QoL Compilation)","Random Character Button","StSLib"],"gold_per_floor":[111,111,286,307,257,257,271,271,271,271,309,234,255,278,278,397,397,410,335,404,422,422,422,457,130,156,171,171,194,217,191,191,191,191],"floor_reached":33,"language":"ENG","playtime":6962,"items_purged":["Strike_R","Strike_R"],"score":265,"play_id":"1763607f-d1e4-450b-a574-6be82b7c0745","local_time":"20210214113528","is_ascension_mode":false,"campfire_choices":[{"data":"Defend_R","floor":6,"key":"SMITH"},{"data":"Defend_R","floor":8,"key":"SMITH"},{"floor":15,"key":"REST"},{"data":"Immolate","floor":23,"key":"SMITH"},{"data":"Inflame","floor":32,"key":"SMITH"}],"circlet_count":0,"master_deck":["Strike_R","Defend_R+1","Defend_R+1","Defend_R","Defend_R","Bash","Body Slam","Whirlwind","Twin Strike","Pommel Strike","Inflame+1","Immolate+1","Offering","Barricade","Battle Trance","Inflame+1","Entrench+1","Headbutt"],"relics":["Burning Blood","PreservedInsect","Golden Idol","Paper Frog","Omamori","Dream Catcher","Calling Bell","Strawberry","Matryoshka","Prayer Wheel","Centennial Puzzle","Self Forming Clay","Potion Belt","Lee\u0027s Waffle","Pen Nib","Oddly Smooth Stone"],"acts_visited":["Exordium","TheCity"],"potions_floor_usage":[11,11,16,16,33,33,33],"damage_taken":[{"damage":0,"enemies":"2 Louse","floor":1,"turns":5},{"damage":5,"enemies":"Small Slimes","floor":4,"turns":4},{"damage":1,"enemies":"Cultist","floor":7,"turns":4},{"damage":24,"enemies":"3 Sentries","floor":11,"turns":9},{"damage":7,"enemies":"Blue Slaver","floor":13,"turns":5},{"damage":4,"enemies":"Exordium Wildlife","floor":14,"turns":3},{"damage":67,"enemies":"Hexaghost","floor":16,"turns":11},{"damage":1,"enemies":"3 Byrds","floor":18,"turns":6},{"damage":23,"enemies":"Shell Parasite","floor":21,"turns":16},{"damage":34,"enemies":"Gremlin Leader","floor":24,"turns":5},{"damage":6,"enemies":"3 Cultists","floor":27,"turns":3},{"damage":14,"enemies":"Shelled Parasite and Fungi","floor":29,"turns":5},{"damage":15,"enemies":"Snake Plant","floor":30,"turns":4},{"damage":91,"enemies":"Champ","floor":33,"turns":12}],"seed_played":"-138996338986565491","potions_obtained":[{"floor":1,"key":"ColorlessPotion"},{"floor":7,"key":"Strength Potion"},{"floor":11,"key":"CultistPotion"},{"floor":14,"key":"Weak Potion"},{"floor":16,"key":"Energy Potion"},{"floor":18,"key":"Explosive Potion"},{"floor":27,"key":"DuplicationPotion"}],"is_trial":false,"path_per_floor":["M","?","?","M","?","R","M","R","T","?","E","$","M","M","R","B",null,"M","?","T","M","?","R","E","$","T","M","?","M","M","$","R","B"],"character_chosen":"IRONCLAD","items_purchased":["Offering","Lee\u0027s Waffle","Headbutt"],"campfire_rested":1,"item_purchase_floors":[25,25,31],"current_hp_per_floor":[80,60,60,61,61,61,66,66,66,66,48,48,47,49,73,12,87,87,87,87,70,70,70,42,94,94,94,94,86,77,77,77,0,0],"gold":191,"neow_bonus":"RANDOM_COMMON_RELIC","is_daily":false,"chose_seed":false,"campfire_upgraded":4,"win_rate":0.0,"timestamp":1613273728,"path_taken":["M","?","?","M","?","R","M","R","T","?","E","$","?","M","R","BOSS","M","?","?","M","?","R","E","$","T","M","?","?","M","?","R","BOSS"],"items_purchased_type":["Card","Relic","Card"],"build_version":"2020-12-22","purchased_purges":2,"victory":false,"max_hp_per_floor":[80,80,80,80,80,80,80,80,80,80,80,80,80,80,80,80,87,87,87,87,87,87,87,87,94,94,94,94,94,94,94,94,94,94],"card_choices":[{"not_picked":["Clothesline","Iron Wave"],"picked":"Body Slam","floor":1},{"not_picked":["Body Slam","Fire Breathing","Metallicize"],"picked":"SKIP","floor":4},{"not_picked":["Clash","Wild Strike","Perfected Strike"],"picked":"SKIP","floor":7},{"not_picked":["Berserk","Warcry","Evolve"],"picked":"SKIP","floor":11},{"not_picked":["Sever Soul","Armaments"],"picked":"Whirlwind","floor":13},{"not_picked":["Perfected Strike","Ghostly Armor","Armaments"],"picked":"SKIP","floor":14},{"not_picked":["Pummel","Clothesline"],"picked":"Twin Strike","floor":15},{"not_picked":["Wild Strike","Dual Wield"],"picked":"Pommel Strike","floor":18},{"not_picked":["Wild Strike","Dropkick","Clothesline+1"],"picked":"SKIP","floor":18},{"not_picked":["Clothesline","Body Slam"],"picked":"Inflame","floor":21},{"not_picked":["Clothesline","Warcry","Perfected Strike"],"picked":"SKIP","floor":21},{"not_picked":["Hemokinesis","Dark Embrace+1","Ghostly Armor"],"picked":"SKIP","floor":24},{"not_picked":["Perfected Strike","Seeing Red"],"picked":"Barricade","floor":27},{"not_picked":["Dropkick","Armaments+1","Warcry"],"picked":"SKIP","floor":27},{"not_picked":["Body Slam+1","Intimidate"],"picked":"Battle Trance","floor":29},{"not_picked":["Pommel Strike","Ghostly Armor","Shockwave"],"picked":"SKIP","floor":29},{"not_picked":["Pommel Strike","Thunderclap"],"picked":"Inflame+1","floor":30},{"not_picked":["Thunderclap","Uppercut"],"picked":"Entrench+1","floor":30}],"player_experience":24972,"relics_obtained":[{"floor":9,"key":"Paper Frog"},{"floor":10,"key":"Omamori"},{"floor":11,"key":"Dream Catcher"},{"floor":17,"key":"Strawberry"},{"floor":17,"key":"Matryoshka"},{"floor":17,"key":"Prayer Wheel"},{"floor":20,"key":"Centennial Puzzle"},{"floor":20,"key":"Self Forming Clay"},{"floor":24,"key":"Potion Belt"},{"floor":26,"key":"Pen Nib"},{"floor":26,"key":"Oddly Smooth Stone"}],"event_choices":[{"damage_healed":0,"gold_gain":0,"player_choice":"Take Damage","damage_taken":20,"relics_obtained":["Golden Idol"],"max_hp_gain":0,"max_hp_loss":0,"event_name":"Golden Idol","floor":2,"gold_loss":0},{"damage_healed":0,"gold_gain":175,"player_choice":"AGREE","damage_taken":0,"max_hp_gain":0,"max_hp_loss":0,"event_name":"Liars Game","floor":3,"gold_loss":0,"cards_obtained":["Doubt"]},{"cards_removed":["Doubt"],"damage_healed":0,"gold_gain":0,"player_choice":"Card Removal","damage_taken":0,"max_hp_gain":0,"max_hp_loss":0,"event_name":"The Cleric","floor":5,"gold_loss":50},{"damage_healed":0,"gold_gain":0,"player_choice":"Relic","damage_taken":0,"max_hp_gain":0,"max_hp_loss":0,"event_name":"Wheel of Change","floor":10,"gold_loss":0},{"cards_removed":["Strike_R"],"damage_healed":0,"gold_gain":0,"player_choice":"Gave Gold","damage_taken":0,"max_hp_gain":0,"max_hp_loss":0,"event_name":"Beggar","floor":19,"gold_loss":75},{"damage_healed":0,"gold_gain":0,"player_choice":"Read","damage_taken":0,"max_hp_gain":0,"max_hp_loss":0,"event_name":"The Library","floor":22,"gold_loss":0,"cards_obtained":["Immolate"]},{"cards_removed":["Strike_R"],"damage_healed":0,"gold_gain":0,"player_choice":"Offered Basic","damage_taken":0,"max_hp_gain":0,"max_hp_loss":0,"event_name":"Bonfire Elementals","floor":28,"gold_loss":0}],"is_beta":false,"boss_relics":[{"not_picked":["Runic Dome","Velvet Choker"],"picked":"Calling Bell"}],"items_purged_floors":[12,25],"is_endless":false,"potions_floor_spawned":[1,7,11,14,16,18,27],"killed_by":"Champ","ascension_level":0}}