{"host":"gfxjwtol062e9znw","time":1613294252,"event":{"mods":["BaseMod","Colored Map","Minty Spire (QoL Compilation)","Rare Cards Sparkle","StSLib"],"gold_per_floor":[364,378,27,41,56,56,88,88,167,183,194,194,194,204,204,300,300,314,169,188,188,203,203,235,262,262,278,226,226,259,107,107,107,107],"floor_reached":33,"language":"ENG","playtime":2179,"items_purged":["Pain"],"score":445,"play_id":"ff6b7067-1444-4a1d-8092-73cbcf1d499f","local_time":"20210214201732","is_ascension_mode":true,"campfire_choices":[{"floor":6.0,"key":"REST"},{"floor":8.0,"key":"REST"},{"floor":13,"key":"REST"},{"data":"Blur","floor":15,"key":"SMITH"},{"floor":23,"key":"REST"},{"floor":29,"key":"REST"},{"data":"Adrenaline","floor":32,"key":"SMITH"}],"circlet_count":0,"master_deck":["Strike_G","Strike_G","Strike_G","Strike_G","Strike_G","Defend_G","Defend_G","Defend_G","Defend_G","Defend_G","Survivor","Neutralize","Footwork","PiercingWail","Caltrops+1","Quick Slash+1","Prepared","Backflip","Blur+1","Cloak And Dagger","Dash+1","Unload+1","Dagger Spray+1","Well Laid Plans","Blur+1","Backstab+1","Dagger Throw+1","Adrenaline+1","Escape Plan+1","Deflect"],"relics":["Ring of the Snake","Molten Egg 2","WingedGreaves","Question Card","Philosopher\u0027s Stone","Omamori","Orichalcum","Letter Opener","Frozen Egg 2"],"acts_visited":["Exordium","TheCity"],"potions_floor_usage":[16,24,24,25,25,30,30,33,33],"damage_taken":[{"damage":6.0,"enemies":"2 Louse","floor":1.0,"turns":3.0},{"damage":11.0,"enemies":"Cultist","floor":2.0,"turns":5.0},{"damage":3.0,"enemies":"Jaw Worm","floor":4.0,"turns":5.0},{"damage":10.0,"enemies":"Large Slime","floor":5.0,"turns":9.0},{"damage":15.0,"enemies":"Lagavulin","floor":7.0,"turns":11.0},{"damage":10,"enemies":"Lots of Slimes","floor":10,"turns":5},{"damage":3,"enemies":"3 Louse","floor":11,"turns":4},{"damage":3,"enemies":"2 Fungi Beasts","floor":14,"turns":4},{"damage":42,"enemies":"Slime Boss","floor":16,"turns":17},{"damage":0,"enemies":"Chosen","floor":18,"turns":5},{"damage":0,"enemies":"3 Byrds","floor":20,"turns":2},{"damage":9,"enemies":"Snake Plant","floor":22,"turns":5},{"damage":6,"enemies":"Book of Stabbing","floor":24,"turns":5},{"damage":9,"enemies":"Gremlin Leader","floor":25,"turns":7},{"damage":0,"enemies":"Snecko","floor":27,"turns":4},{"damage":10,"enemies":"Book of Stabbing","floor":30,"turns":5},{"damage":80,"enemies":"Champ","floor":33,"turns":15}],"seed_played":"-5188409469492413014","potions_obtained":[{"floor":2.0,"key":"GamblersBrew"},{"floor":5.0,"key":"CunningPotion"},{"floor":11,"key":"SteroidPotion"},{"floor":16,"key":"AttackPotion"},{"floor":20,"key":"LiquidBronze"},{"floor":24,"key":"Explosive Potion"},{"floor":27,"key":"SkillPotion"},{"floor":30,"key":"PowerPotion"}],"is_trial":false,"path_per_floor":["M","M","$","M","M","R","E","R","T","M","M","?","R","M","R","B",null,"M","$","M","?","M","R","E","E","T","M","$","R","E","$","R","B"],"character_chosen":"THE_SILENT","items_purchased":["Molten Egg 2","Caltrops","DuplicationPotion","Well Laid Plans","AttackPotion","GhostInAJar","Deflect"],"campfire_rested":5,"item_purchase_floors":[3,3,19,19,28,31,31],"current_hp_per_floor":[57,46,46,43,33,54,39,60,60,50,47,47,68,65,65,23,58,58,58,58,58,49,70,64,55,55,55,55,70,60,60,60,0,0],"gold":107,"neow_bonus":"TWO_FIFTY_GOLD","is_daily":false,"chose_seed":false,"campfire_upgraded":2,"win_rate":0.0,"timestamp":1613294252,"path_taken":["M","M","$","M","M","R","E","R","T","M","M","?","R","M","R","BOSS","M","$","M","?","M","R","E","E","T","M","$","R","E","$","R","BOSS"],"items_purchased_type":["Relic","Card","Potion","Card","Potion","Potion","Card"],"build_version":"2020-12-22","purchased_purges":1,"victory":false,"max_hp_per_floor":[70,70,70,70,70,70,70,70,70,70,70,70,70,70,70,70,70,70,70,70,70,70,70,70,70,70,70,70,70,70,70,70,70,70],"card_choices":[{"not_picked":["Well Laid Plans","Underhanded Strike"],"picked":"Footwork","floor":1.0},{"not_picked":["Deadly Poison","Escape Plan"],"picked":"PiercingWail","floor":2.0},{"not_picked":["Infinite Blades","Setup"],"picked":"Quick Slash+1","floor":4.0},{"not_picked":["Catalyst","Flying Knee+1"],"picked":"Prepared","floor":5.0},{"not_picked":["Accuracy","Eviscerate+1"],"picked":"Backflip","floor":7.0},{"not_picked":["Calculated Gamble","Deadly Poison","Blade Dance"],"picked":"Blur","floor":10},{"not_picked":["Flying Knee+1","Finisher+1","Endless Agony+1"],"picked":"Cloak And Dagger","floor":11},{"not_picked":["Flying Knee+1","Quick Slash+1","Prepared"],"picked":"Dash+1","floor":14},{"not_picked":["Die Die Die+1","Storm of Steel","Doppelganger"],"picked":"Unload+1","floor":16},{"not_picked":["Dodge and Roll","Backflip","Prepared+1"],"picked":"Dagger Spray+1","floor":18},{"not_picked":["Dagger Spray+1","Night Terror","PiercingWail"],"picked":"Blur+1","floor":20},{"not_picked":["Terror","Blade Dance","Poisoned Stab+1"],"picked":"Dagger Throw+1","floor":22},{"not_picked":["Flying Knee+1","Riddle With Holes+1","Choke+1","Quick Slash+1"],"picked":"SKIP","floor":24},{"not_picked":["Deflect","Blade Dance+1","Slice+1"],"picked":"Adrenaline","floor":25},{"not_picked":["Dagger Throw+1","Expertise","Masterful Stab+1","Dodge and Roll"],"picked":"SKIP","floor":27},{"not_picked":["Endless Agony+1","Accuracy+1","Outmaneuver"],"picked":"Escape Plan+1","floor":30}],"player_experience":180136,"relics_obtained":[{"floor":7.0,"key":"WingedGreaves"},{"floor":9,"key":"Question Card"},{"floor":24,"key":"Omamori"},{"floor":25,"key":"Orichalcum"},{"floor":26,"key":"Letter Opener"},{"floor":30,"key":"Frozen Egg 2"}],"event_choices":[{"damage_healed":0,"gold_gain":0,"player_choice":"Forge","damage_taken":0,"max_hp_gain":0,"max_hp_loss":0,"event_name":"Accursed Blacksmith","floor":12,"gold_loss":0,"cards_upgraded":["Caltrops"]},{"damage_healed":0,"gold_gain":0,"player_choice":"Read","damage_taken":0,"max_hp_gain":0,"max_hp_loss":0,"event_name":"The Library","floor":21,"gold_loss":0,"cards_obtained":["Backstab"]}],"is_beta":false,"boss_relics":[{"not_picked":["WristBlade","Snecko Eye"],"picked":"Philosopher\u0027s Stone"}],"items_purged_floors":[3],"is_endless":false,"potions_floor_spawned":[2,5,11,16,20,24,27,30],"killed_by":"Champ","ascension_level":9}}