{"host":"vumwfieg2b2mnrfl","time":1613326033,"event":{"mods":["AchievementEnabler","BaseMod","Minty Spire (QoL Compilation)","Rare Cards Sparkle","Relic Stats"],"gold_per_floor":[109,125,204,204,204,230,230,244,244,279,31,51,51,68,68,140,140,152,167,201,212,212,212,212,212],"floor_reached":24,"language":"ENG","playtime":800,"items_purged":["Parasite"],"score":412,"play_id":"29d4da24-f18f-47ad-9087-6a5cbe178230","local_time":"20210214120713","is_ascension_mode":true,"campfire_choices":[{"floor":7.0,"key":"REST"},{"data":"Bouncing Flask","floor":13.0,"key":"SMITH"},{"floor":15.0,"key":"REST"},{"floor":23,"key":"REST"}],"circlet_count":0,"master_deck":["AscendersBane","Strike_G","Strike_G","Strike_G","Strike_G","Defend_G","Defend_G","Defend_G","Defend_G","Defend_G","Survivor","Neutralize","Masterful Stab","Backstab","Blade Dance","Poisoned Stab","Deadly Poison","Bouncing Flask+1","Bane","Deadly Poison","Envenom","Blade Dance","Bouncing Flask"],"relics":["Ring of the Snake","The Specimen","Oddly Smooth Stone","InkBottle","Blue Candle","Orichalcum","Snecko Eye","Red Mask"],"acts_visited":["Exordium","TheCity"],"potions_floor_usage":[21,24],"damage_taken":[{"damage":10.0,"enemies":"Small Slimes","floor":1.0,"turns":5.0},{"damage":0.0,"enemies":"Cultist","floor":2.0,"turns":4.0},{"damage":27.0,"enemies":"3 Sentries","floor":6.0,"turns":11.0},{"damage":3.0,"enemies":"Jaw Worm","floor":8.0,"turns":3.0},{"damage":11.0,"enemies":"Lagavulin","floor":10.0,"turns":6.0},{"damage":5.0,"enemies":"Looter","floor":12.0,"turns":3.0},{"damage":7.0,"enemies":"Blue Slaver","floor":14.0,"turns":2.0},{"damage":3.0,"enemies":"Hexaghost","floor":16.0,"turns":8.0},{"damage":15.0,"enemies":"Chosen","floor":18.0,"turns":4.0},{"damage":2.0,"enemies":"Spheric Guardian","floor":19.0,"turns":3.0},{"damage":12.0,"enemies":"Masked Bandits","floor":20.0,"turns":3.0},{"damage":18,"enemies":"Snake Plant","floor":21,"turns":3},{"damage":28,"enemies":"Book of Stabbing","floor":24,"turns":3}],"seed_played":"6089655466119463699","potions_obtained":[{"floor":1.0,"key":"AttackPotion"},{"floor":5.0,"key":"CultistPotion"},{"floor":8.0,"key":"SpeedPotion"},{"floor":12.0,"key":"Fire Potion"},{"floor":18.0,"key":"DuplicationPotion"},{"floor":21,"key":"Dexterity Potion"}],"is_trial":false,"path_per_floor":["M","M","?","?","?","E","R","M","T","E","$","M","R","M","R","B",null,"M","M","?","M","?","R","E"],"character_chosen":"THE_SILENT","items_purchased":["Orichalcum"],"campfire_rested":3,"item_purchase_floors":[11],"current_hp_per_floor":[49,49,49,49,49,22,41,38,38,27,27,22,22,15,33,30,55,40,38,26,8,8,26,0,0],"gold":212,"neow_bonus":"ONE_RARE_RELIC","is_daily":false,"chose_seed":false,"campfire_upgraded":1,"win_rate":0.0,"timestamp":1613326033,"path_taken":["M","M","?","?","?","E","R","M","T","E","$","?","R","M","R","BOSS","M","M","?","M","?","R","E"],"items_purchased_type":["Relic"],"build_version":"2020-12-22","purchased_purges":1,"victory":false,"max_hp_per_floor":[66,66,66,66,66,66,66,66,66,66,63,63,63,63,63,63,63,63,63,63,63,63,63,63,63],"relic_stats":{"counters":[13,58],"Blue Candle":[0],"Snecko Eye":[29,30,28,35],"Orichalcum":[96],"obtain_stats":[{"The Specimen":0,"Blue Candle":10,"Oddly Smooth Stone":6,"Snecko Eye":17,"Red Mask":20,"Orichalcum":11,"InkBottle":9,"Ring of the Snake":0},{"The Specimen":0,"Blue Candle":5,"Oddly Smooth Stone":3,"Snecko Eye":8,"Red Mask":11,"Orichalcum":5,"InkBottle":4,"Ring of the Snake":0},{"The Specimen":0,"Blue Candle":29,"Oddly Smooth Stone":20,"Snecko Eye":42,"Red Mask":52,"Orichalcum":29,"InkBottle":23,"Ring of the Snake":0}],"InkBottle":[12],"Ring of the Snake":[26]},"card_choices":[{"not_picked":["Calculated Gamble","Cloak And Dagger"],"picked":"Masterful Stab","floor":1.0},{"not_picked":["Infinite Blades","Quick Slash"],"picked":"Backstab","floor":2.0},{"not_picked":["Acrobatics","A Thousand Cuts"],"picked":"Poisoned Stab","floor":6.0},{"not_picked":["Blade Dance","Masterful Stab"],"picked":"Deadly Poison","floor":8.0},{"not_picked":["Calculated Gamble","Distraction"],"picked":"Bouncing Flask","floor":10.0},{"not_picked":["Deflect","Tactician"],"picked":"Bane","floor":12.0},{"not_picked":["Concentrate","Tactician"],"picked":"Deadly Poison","floor":14.0},{"not_picked":["Grand Finale","Bullet Time"],"picked":"Envenom","floor":16.0},{"not_picked":["Quick Slash","Acrobatics"],"picked":"Blade Dance","floor":18.0},{"not_picked":["All Out Attack+1","Prepared"],"picked":"Bouncing Flask","floor":19.0},{"not_picked":["Heel Hook","Dagger Throw","Finisher"],"picked":"SKIP","floor":21}],"player_experience":557147,"relics_obtained":[{"floor":6.0,"key":"Oddly Smooth Stone"},{"floor":9.0,"key":"InkBottle"},{"floor":10.0,"key":"Blue Candle"},{"floor":20.0,"key":"Red Mask"}],"event_choices":[{"damage_healed":0.0,"max_hp_gain":0.0,"max_hp_loss":0.0,"gold_gain":79.0,"event_name":"Golden Wing","player_choice":"Gained Gold","floor":3.0,"gold_loss":0.0,"damage_taken":0.0},{"damage_healed":0.0,"max_hp_gain":0.0,"max_hp_loss":0.0,"gold_gain":0.0,"cards_transformed":["Strike_G"],"event_name":"Living Wall","player_choice":"Change","floor":4.0,"gold_loss":0.0,"damage_taken":0.0,"cards_obtained":["Blade Dance"]},{"damage_healed":0.0,"max_hp_gain":0.0,"max_hp_loss":0.0,"gold_gain":0.0,"event_name":"Lab","player_choice":"Got Potions","floor":5.0,"gold_loss":0.0,"damage_taken":0.0},{"damage_healed":0.0,"max_hp_gain":0.0,"max_hp_loss":0.0,"gold_gain":0.0,"event_name":"Masked Bandits","player_choice":"Fought Bandits","floor":20.0,"gold_loss":0.0,"damage_taken":0.0},{"damage_healed":0,"gold_gain":0,"player_choice":"Ignored","damage_taken":0,"max_hp_gain":0,"max_hp_loss":0,"event_name":"Vampires","floor":22,"gold_loss":0}],"is_beta":false,"boss_relics":[{"not_picked":["SlaversCollar","Empty Cage"],"picked":"Snecko Eye"}],"items_purged_floors":[11],"is_endless":false,"potions_floor_spawned":[1,8,12,16,18,21],"killed_by":"Book of Stabbing","ascension_level":20}}