{"host":"dth0zvmc1sacm2fc","time":1613268662,"event":{"mods":["BaseMod","DeckTracker","Downfall","Googly Eyes","Marisa????????","Minty Spire (QoL Compilation)","StSLib","The Mystic","The Servant 0.9.4"],"gold_per_floor":[99,111,129,114,114,114,114,139,153,17,46,46,46,56,67,166,166,66,78,96,54,54,64,87,87,87,101,101,113,113,141,156,259,259,259,272,282,302,10,27,27,27,27,27],"floor_reached":42,"language":"ENG","playtime":9581,"items_purged":[],"score":530,"play_id":"3684117c-8e23-4a69-b7ed-fb619bc25a10","local_time":"20210214031102","is_ascension_mode":false,"campfire_choices":[{"data":"Slimebound:Split","floor":1,"key":"SMITH"},{"data":"Slimebound:LeechLife","floor":6,"key":"SMITH"},{"data":"Slimebound:FirmFortitude","floor":18,"key":"SMITH"},{"data":"Slimebound:LeadByExample","floor":28,"key":"SMITH"},{"data":"Slimebound:AcidTongue","floor":30,"key":"SMITH"},{"floor":35,"key":"RECALL"}],"circlet_count":0,"master_deck":["Slimebound:Strike_Slimebound","Slimebound:Strike_Slimebound","Slimebound:Strike_Slimebound","Slimebound:Tackle","Slimebound:Defend_Slimebound","Slimebound:Defend_Slimebound","Slimebound:Defend_Slimebound+1","Slimebound:Defend_Slimebound","Slimebound:Split+1","Slimebound:CorrosiveSpit+1","Slimebound:SplitMire","Slimebound:PressTheAttack","Slimebound:SplitLeeching","Slimebound:LeechLife+1","Slimebound:ProtectTheBoss","Slimebound:Replication","Slimebound:LeadByExample+1","Slimebound:LevelUp","Slimebound:LeechEnergy","Slimebound:OozeBath","Slimebound:ItLooksTasty","Slimebound:Schlurp","Slimebound:FirmFortitude+1","Slimebound:AcidTongue+1","Slimebound:SplitMire","Slimebound:LivingWall","Slimebound:Split+1","Slimebound:LivingWall","Writhe","Slimebound:LeechEnergy","Slimebound:LivingWall+1","Slimebound:Overexert","Slimebound:FirmFortitude","CurseOfTheBell","Slimebound:SamplingLick","Slimebound:SplitLeeching","expansioncontent:DashGenerateEvil","Slimebound:GoopSpray","Slimebound:SamplingLick","Slimebound:SlimeSpikes+1"],"relics":["Slimebound:AbsorbEndCombat","Bag of Marbles","White Beast Statue","Pantograph","Busted Crown","downfall:HeartBlessingBlue","War Paint","Blood Vial","Mango","Calling Bell","Nunchaku","Darkstone Periapt","Bird Faced Urn","Thread and Needle"],"acts_visited":["Exordium","TheCity","TheBeyond"],"potions_floor_usage":[31,31,33,38,42],"damage_taken":[{"damage":11,"enemies":"2 Louse","floor":2,"turns":3},{"damage":1,"enemies":"Cultist","floor":3,"turns":4},{"damage":5,"enemies":"downfall:FleeingMerchant","floor":4,"turns":4},{"damage":12,"enemies":"Lagavulin","floor":8,"turns":6},{"damage":11,"enemies":"Jaw Worm","floor":9,"turns":3},{"damage":12,"enemies":"downfall:FleeingMerchant","floor":10,"turns":4},{"damage":27,"enemies":"3 Sentries","floor":11,"turns":7},{"damage":15,"enemies":"3 Louse","floor":14,"turns":4},{"damage":11,"enemies":"Red Slaver","floor":15,"turns":3},{"damage":52,"enemies":"WA_ARCHETYPE_RETAIN","floor":16,"turns":11},{"damage":23,"enemies":"downfall:LooterAlt2","floor":19,"turns":4},{"damage":32,"enemies":"Spheric Guardian","floor":20,"turns":6},{"damage":15,"enemies":"downfall:FleeingMerchant","floor":21,"turns":4},{"damage":20,"enemies":"Centurion and Healer","floor":23,"turns":6},{"damage":30,"enemies":"Snake Plant","floor":27,"turns":3},{"damage":16,"enemies":"3 Cultists","floor":29,"turns":5},{"damage":38,"enemies":"Book of Stabbing","floor":31,"turns":6},{"damage":13,"enemies":"Snecko","floor":32,"turns":6},{"damage":69,"enemies":"DF_ARCHETYPE_CLAW","floor":33,"turns":10},{"damage":33,"enemies":"3 Shapes","floor":36,"turns":4},{"damage":11,"enemies":"Orb Walker","floor":37,"turns":5},{"damage":44,"enemies":"Sphere and 2 Shapes","floor":38,"turns":9},{"damage":8,"enemies":"downfall:FleeingMerchant","floor":39,"turns":4},{"damage":36,"enemies":"3 Darklings","floor":40,"turns":8},{"damage":127,"enemies":"Reptomancer","floor":42,"turns":3}],"seed_played":"2438280322171407332","potions_obtained":[{"floor":11,"key":"LiquidMemories"},{"floor":14,"key":"SteroidPotion"},{"floor":15,"key":"EssenceOfSteel"},{"floor":20,"key":"FairyPotion"},{"floor":31,"key":"bronze:BurnAndBuffPotion"},{"floor":32,"key":"DuplicationPotion"},{"floor":33,"key":"Swift Potion"},{"floor":37,"key":"Fruit Juice"},{"floor":38,"key":"Weak Potion"},{"floor":39,"key":"Strength Potion"},{"floor":40,"key":"Energy Potion"}],"is_trial":false,"path_per_floor":["R","M","M","$","?","R","T","E","M","$","E","?","T","M","M","B",null,"R","M","M","$","?","M","T","?","?","M","R","M","R","E","M","B",null,"R","M","M","M","$","M","T","E"],"character_chosen":"SLIMEBOUND","items_purchased":["Slimebound:LevelUp","Slimebound:LeechEnergy","Slimebound:LivingWall","expansioncontent:DashGenerateEvil","Slimebound:GoopSpray","Slimebound:SamplingLick"],"campfire_rested":0,"item_purchase_floors":[10,10,21,39,39,39],"current_hp_per_floor":[71,60,65,66,66,66,66,65,62,56,41,41,41,34,27,27,71,81,68,56,58,58,56,56,56,56,34,34,32,32,42,54,20,95,95,65,71,46,50,50,50,0,0,0],"gold":27,"neow_bonus":"TEN_PERCENT_HP_BONUS","is_daily":false,"chose_seed":false,"campfire_upgraded":5,"win_rate":0.0,"timestamp":1613268662,"path_taken":["R","M","M","$","?","R","T","E","M","?","E","?","?","M","M","BOSS","R","M","M","$","?","?","T","?","?","M","R","M","R","E","M","BOSS","R","M","M","M","$","M","T","E"],"items_purchased_type":["Card","Card","Card","Card","Card","Card"],"build_version":"2020-12-22","purchased_purges":0,"victory":false,"max_hp_per_floor":[71,71,71,71,71,71,71,71,71,71,71,71,71,71,71,71,71,81,81,81,81,81,81,81,81,81,81,81,81,81,95,95,95,95,95,95,95,100,100,100,100,100,100,100],"card_choices":[{"not_picked":["Slimebound:RollThrough","Slimebound:Schlurp"],"picked":"Slimebound:SplitMire","floor":2},{"not_picked":["Slimebound:ViciousTackle","Slimebound:SamplingLick"],"picked":"Slimebound:PressTheAttack","floor":3},{"not_picked":["Slimebound:RejuvenatingLick","Slimebound:HauntingLick"],"picked":"Slimebound:SplitLeeching","floor":4},{"not_picked":["Slimebound:DisruptingSlam","Slimebound:Equalize"],"picked":"Slimebound:ProtectTheBoss","floor":8},{"not_picked":["Slimebound:PressTheAttack","Slimebound:ItLooksTasty"],"picked":"Slimebound:Replication","floor":9},{"not_picked":["Slimebound:LeechingTouch","Slimebound:FlameTackle"],"picked":"Slimebound:LeadByExample","floor":10},{"not_picked":["Slimebound:DisruptingSlam","Slimebound:SplitLeeching"],"picked":"Slimebound:OozeBath","floor":11},{"not_picked":["Slimebound:Dissolve","Slimebound:SplitLeeching"],"picked":"Slimebound:ItLooksTasty","floor":14},{"not_picked":["Slimebound:MegaLick","Slimebound:SlimeSpikes"],"picked":"Slimebound:Schlurp","floor":15},{"not_picked":["Slimebound:DouseInSlime","Slimebound:Teamwork"],"picked":"Slimebound:FirmFortitude","floor":16},{"not_picked":[],"picked":"Slimebound:AcidTongue","floor":19},{"not_picked":["Slimebound:GoopTackle"],"picked":"SKIP","floor":20},{"not_picked":[],"picked":"Slimebound:SplitMire","floor":21},{"not_picked":[],"picked":"Slimebound:LivingWall","floor":23},{"not_picked":[],"picked":"Slimebound:LeechEnergy","floor":27},{"not_picked":[],"picked":"Slimebound:LivingWall+1","floor":29},{"not_picked":[],"picked":"Slimebound:Overexert","floor":31},{"not_picked":["Slimebound:FinishingTackle"],"picked":"SKIP","floor":32},{"not_picked":[],"picked":"Slimebound:FirmFortitude","floor":33},{"not_picked":["Slimebound:RollThrough"],"picked":"SKIP","floor":36},{"not_picked":[],"picked":"Slimebound:SamplingLick","floor":37},{"not_picked":[],"picked":"Slimebound:SplitLeeching","floor":38},{"not_picked":["Slimebound:RollThrough"],"picked":"SKIP","floor":39},{"not_picked":[],"picked":"Slimebound:SlimeSpikes+1","floor":40}],"player_experience":159824,"relics_obtained":[{"floor":8,"key":"Bag of Marbles"},{"floor":11,"key":"White Beast Statue"},{"floor":13,"key":"Pantograph"},{"floor":24,"key":"War Paint"},{"floor":31,"key":"Mango"},{"floor":34,"key":"Nunchaku"},{"floor":34,"key":"Darkstone Periapt"},{"floor":34,"key":"Bird Faced Urn"},{"floor":41,"key":"Thread and Needle"}],"event_choices":[],"is_beta":false,"boss_relics":[{"not_picked":["Fusion Hammer","Runic Dome"],"picked":"Busted Crown"},{"not_picked":["bronze:MakeshiftBattery","Tiny House"],"picked":"Calling Bell"}],"items_purged_floors":[],"is_endless":false,"potions_floor_spawned":[11,14,15,16,19,20,21,23,27,29,31,32,33,36,37,38,39,40],"killed_by":"Reptomancer","ascension_level":0}}