{"host":"lw59ann91yhh6pk4","time":1613331318,"event":{"mods":["Act Like it!","BaseMod","Colored Map","Colored Powertips","Downfall","Duelist Mod","GifTheSpireLib","Hermit","MarisaÅiñ∂âJÅ@ñÇóùçπÅj","Minty Spire (QoL Compilation)","StSLib","The Animator","The Bug Knight","The Construct","The Cursed","The Disciple","The Hierophant","The Jungle","The Necromancer","The Runesmith","The Servant 0.9.4","slay the spire mod where everything is the same but ironclad has a cowboy hat"],"gold_per_floor":[112,112,37,57,57,83,95,126,152,152,165,193,212,41,41,142,142,127,2,2,2,2,2,2,2,2,2,2,2,2,2,2,2,2,2,2,2,2,2,2,2,2,2,2,2,2,2,2,2,2,2],"floor_reached":50,"language":"ENG","playtime":3325,"items_purged":["Decay","Strike_W","Whirlwind_of_Bones"],"score":716,"play_id":"0674f606-09d6-4762-9a37-1ba81a420fd8","local_time":"20210214203518","is_ascension_mode":true,"campfire_choices":[{"data":"Bone_Wall","floor":10,"key":"SMITH"},{"data":"Blood_Whip","floor":15,"key":"SMITH"},{"floor":32,"key":"REST"},{"data":"Apotheosis","floor":46,"key":"SMITH"},{"floor":49,"key":"RECALL"}],"circlet_count":0,"master_deck":["Strike_W","Strike_W","Strike_W","Defend_W","Defend_W","Defend_W","Defend_W","Negative_Energy_Arrows","Bone_Wall+1","Blood_Curse+1","Necrotic_Claws","Blood_Whip+1","Necrotic_Claws","Spectral_Walk","Grasp_Heart","Shade_Step+1","Death_Coil+1","Negative_Energy_Burst","Hellfire","Bone_Bullets+1","Slay_Living+1","Shade_Step+1","Requiem+1","Shackles_Of_Pain","Reap_The_Weak","Negative_Energy_Javelin+1","Blood_Curse+1","Apotheosis+1","Bone_Prison+1","Shade_Step"],"relics":["Vampire_Amulet","Boot","Ancient Tea Set","Omamori","Vajra","Meat on the Bone","Ectoplasm","Question Card","Blue Candle","Ornamental Fan","Pear","Calling Bell","Potion Belt","Kunai","Dead Branch","WingedGreaves","HollowMod:StagPassRelic"],"acts_visited":["Exordium","TheCity","TheBeyond"],"potions_floor_usage":[16,24,25,31,33,37,45,47,50,50,50,50,50,50,50],"damage_taken":[{"damage":0,"enemies":"Jaw Worm","floor":1,"turns":4},{"damage":0,"enemies":"Cultist","floor":4,"turns":2},{"damage":20,"enemies":"3 Sentries","floor":6,"turns":9},{"damage":0,"enemies":"2 Louse","floor":7,"turns":2},{"damage":19,"enemies":"Gremlin Nob","floor":8,"turns":5},{"damage":0,"enemies":"Lots of Slimes","floor":11,"turns":2},{"damage":2,"enemies":"HollowMod:MossKnight","floor":12,"turns":5},{"damage":5,"enemies":"Blue Slaver","floor":13,"turns":4},{"damage":11,"enemies":"Hexaghost","floor":16,"turns":7},{"damage":12,"enemies":"2 Thieves","floor":18,"turns":2},{"damage":7,"enemies":"Spheric Guardian","floor":21,"turns":3},{"damage":9,"enemies":"theDuelist:KaibaA2","floor":23,"turns":3},{"damage":3,"enemies":"Snecko","floor":24,"turns":3},{"damage":27,"enemies":"Slavers","floor":25,"turns":3},{"damage":6,"enemies":"HollowMod:Nosk","floor":27,"turns":5},{"damage":2,"enemies":"Centurion and Healer","floor":28,"turns":3},{"damage":2,"enemies":"Snake Plant","floor":30,"turns":2},{"damage":11,"enemies":"Sentry and Sphere","floor":31,"turns":4},{"damage":62,"enemies":"Champ","floor":33,"turns":7},{"damage":7,"enemies":"Orb Walker","floor":35,"turns":2},{"damage":16,"enemies":"3 Darklings","floor":37,"turns":4},{"damage":28,"enemies":"4 Shapes","floor":39,"turns":4},{"damage":24,"enemies":"Nemesis","floor":40,"turns":5},{"damage":28,"enemies":"Giant Head","floor":42,"turns":7},{"damage":5,"enemies":"Maw","floor":45,"turns":6},{"damage":28,"enemies":"4 Shapes","floor":47,"turns":5},{"damage":7,"enemies":"Writhing Mass","floor":48,"turns":4},{"damage":41,"enemies":"Time Eater","floor":50,"turns":6}],"seed_played":"8870155365253480492","potions_obtained":[{"floor":1,"key":"Energy Potion"},{"floor":8,"key":"PowerPotion"},{"floor":11,"key":"SpeedPotion"},{"floor":21,"key":"Fire Potion"},{"floor":25,"key":"Strength Potion"},{"floor":28,"key":"LiquidBronze"},{"floor":31,"key":"Fruit Juice"},{"floor":33,"key":"LiquidMemories"},{"floor":40,"key":"Fire Potion"},{"floor":45,"key":"GamblersBrew"},{"floor":47,"key":"Fruit Juice"},{"floor":48,"key":"EntropicBrew"}],"is_trial":false,"path_per_floor":["M","?","$","M","?","E","M","E","T","R","M","E","M","$","R","B",null,"M","$","?","M","?","E","M","E","T","E","M","?","M","M","R","B",null,"M","?","M","?","M","E","?","E","T","?","M","R","M","M","R","B"],"character_chosen":"NECROMANCER","items_purchased":["Spectral_Walk"],"campfire_rested":1,"item_purchase_floors":[14],"current_hp_per_floor":[75,75,75,75,75,61,65,48,48,48,58,58,55,55,55,46,75,65,65,65,60,60,53,52,43,43,49,51,51,51,49,76,28,90,85,85,71,71,51,41,41,27,27,27,36,36,33,40,40,0,0],"gold":2,"neow_bonus":"RANDOM_COMMON_RELIC","is_daily":false,"chose_seed":false,"campfire_upgraded":3,"win_rate":0.0,"timestamp":1613331318,"path_taken":["M","?","?","?","?","E","M","E","T","R","?","E","M","?","R","BOSS","M","$","?","M","?","E","?","E","T","E","M","?","M","?","R","BOSS","M","?","M","?","?","E","?","E","T","?","M","R","M","M","R","BOSS"],"items_purchased_type":["Card"],"build_version":"2020-12-22","purchased_purges":3,"victory":false,"max_hp_per_floor":[75,75,75,75,75,75,75,75,75,75,75,75,75,75,75,75,75,75,75,75,75,75,75,75,75,75,85,85,85,85,90,90,90,90,90,90,90,90,90,90,90,90,90,90,90,90,95,95,95,95,95],"card_choices":[{"not_picked":["Summon_Lich","Blood_Whip"],"picked":"Blood_Curse","floor":1},{"not_picked":["Strike_from_Beyond","Negative_Energy_Sphere"],"picked":"Whirlwind_of_Bones","floor":4},{"not_picked":["Uncharnel","Deaths_Shadow","Violent_Necrosis"],"picked":"SKIP","floor":6},{"not_picked":["Uncharnel","Bones_to_Steel"],"picked":"Necrotic_Claws","floor":7},{"not_picked":["Blood_Magic","Blood_Wake","Necromantic_Selection"],"picked":"SKIP","floor":8},{"not_picked":["Blood_for_Blood","Finger_Of_Death"],"picked":"Blood_Whip","floor":11},{"not_picked":["Toxic_Smoke_Screen","Blood_for_Blood","Negative_Energy_Sphere"],"picked":"SKIP","floor":12},{"not_picked":["Blood_Whip","Deaths_Shadow"],"picked":"Necrotic_Claws","floor":13},{"not_picked":["Summon_Vampire_Lady","Summon_Death_Knight"],"picked":"Grasp_Heart","floor":16},{"not_picked":["Bone_Spikes","Negative_Energy_Javelin"],"picked":"Death_March_Dance+1","floor":18},{"not_picked":["Bone_Armory+1","Chill_Blood"],"picked":"Death_Coil+1","floor":21},{"not_picked":["Negative_Energy_Shield","Necromantic_Selection"],"picked":"Negative_Energy_Burst","floor":23},{"not_picked":["Summon_Undead_Army","Plague_Bolt","Death_March_Dance+1","Scare"],"picked":"SKIP","floor":24},{"not_picked":["Bone_Spikes","Blood_Whip","Whirlwind_of_Bones"],"picked":"Hellfire","floor":25},{"not_picked":["Chill_Blood+1","Negative_Energy_Mist","Plague_Bolt"],"picked":"Bone_Bullets+1","floor":27},{"not_picked":["Bone_Shift","Blood_Shield","Blood_Whip+1"],"picked":"Slay_Living+1","floor":28},{"not_picked":["Negative_Energy_Javelin","Negative_Energy_Mist","Siphon_Strength"],"picked":"Requiem","floor":30},{"not_picked":["Bone_Shift","Negative_Energy_Mist","Death_March_Dance"],"picked":"Shackles_Of_Pain","floor":31},{"not_picked":["Cloudkill","Blood_Wake","Summon_Vampire_Lady"],"picked":"Reap_The_Weak","floor":33},{"not_picked":["Stop_Heart","Bone_Armory","Negative_Energy_Mist+1"],"picked":"Negative_Energy_Javelin+1","floor":35},{"not_picked":["Necrotic_Claws+1","Negative_Energy_Javelin","Pandemic+1","Vampiric_Strike+1"],"picked":"SKIP","floor":37},{"not_picked":["Bone_Shift","Necromantic_Selection+1","Whirlwind_of_Bones","Consume_Illness"],"picked":"SKIP","floor":39},{"not_picked":["Finger_Of_Death","Stop_Heart+1","Cloudkill"],"picked":"Blood_Curse+1","floor":40},{"not_picked":["Blood_Is_Power","Deaths_Shadow+1","Life_Tap","Necrotic_Claws"],"picked":"SKIP","floor":42},{"not_picked":["Good Instincts","Master of Strategy","Impatience"],"picked":"Apotheosis","floor":44},{"not_picked":["Strike_from_Beyond+1","Blood_Shield","Death_Coil+1"],"picked":"Bone_Prison+1","floor":45},{"not_picked":["Finger_Of_Death+1","Consume_Illness+1","Negative_Energy_Javelin+1"],"picked":"Shade_Step","floor":47},{"not_picked":["Acid_Javelin","Blood_Curse","Blood_Whip+1","Vampiric_Strike+1"],"picked":"SKIP","floor":48}],"player_experience":130805,"relics_obtained":[{"floor":6,"key":"Ancient Tea Set"},{"floor":8,"key":"Omamori"},{"floor":9,"key":"Vajra"},{"floor":12,"key":"Meat on the Bone"},{"floor":23,"key":"Question Card"},{"floor":25,"key":"Blue Candle"},{"floor":26,"key":"Ornamental Fan"},{"floor":27,"key":"Pear"},{"floor":34,"key":"Potion Belt"},{"floor":34,"key":"Kunai"},{"floor":34,"key":"Dead Branch"},{"floor":40,"key":"WingedGreaves"},{"floor":42,"key":"HollowMod:StagPassRelic"}],"event_choices":[{"damage_healed":0,"gold_gain":0,"player_choice":"Cursed","damage_taken":0,"max_hp_gain":0,"max_hp_loss":0,"event_name":"Wheel of Change","floor":2,"gold_loss":0,"cards_obtained":["Decay"]},{"damage_healed":0,"gold_gain":0,"player_choice":"Forge","damage_taken":0,"max_hp_gain":0,"max_hp_loss":0,"event_name":"Accursed Blacksmith","floor":5,"gold_loss":0,"cards_upgraded":["Blood_Curse"]},{"damage_healed":0,"gold_gain":0,"player_choice":"Read","damage_taken":0,"max_hp_gain":0,"max_hp_loss":0,"event_name":"The Library","floor":20,"gold_loss":0,"cards_obtained":["Shade_Step"]},{"damage_healed":0,"gold_gain":0,"player_choice":"Upgraded","damage_taken":0,"max_hp_gain":0,"max_hp_loss":0,"event_name":"Upgrade Shrine","floor":22,"gold_loss":0,"cards_upgraded":["Shade_Step"]},{"damage_healed":0,"gold_gain":0,"player_choice":"Copied","damage_taken":0,"max_hp_gain":0,"max_hp_loss":0,"event_name":"Duplicator","floor":29,"gold_loss":0,"cards_obtained":["Shade_Step"]},{"cards_removed":["Death_March_Dance"],"damage_healed":0,"gold_gain":0,"player_choice":"Removed Attack","damage_taken":0,"max_hp_gain":0,"max_hp_loss":0,"event_name":"Falling","floor":36,"gold_loss":0},{"damage_healed":0,"gold_gain":0,"player_choice":"Upgraded","damage_taken":0,"max_hp_gain":0,"max_hp_loss":0,"event_name":"Upgrade Shrine","floor":38,"gold_loss":0,"cards_upgraded":["Requiem"]},{"damage_healed":0,"gold_gain":0,"player_choice":"Ignored","damage_taken":0,"max_hp_gain":0,"max_hp_loss":0,"event_name":"OrinTheCat","floor":41,"gold_loss":0},{"damage_healed":0,"gold_gain":0,"player_choice":"Memory 1","damage_taken":0,"max_hp_gain":0,"max_hp_loss":0,"event_name":"SensoryStone","floor":44,"gold_loss":0}],"is_beta":false,"boss_relics":[{"not_picked":["Velvet Choker","Fusion Hammer"],"picked":"Ectoplasm"},{"not_picked":["Astrolabe","Busted Crown"],"picked":"Calling Bell"}],"items_purged_floors":[3,14,19],"is_endless":false,"potions_floor_spawned":[1,8,11,13,21,25,28,31,33,40,45,47,48],"killed_by":"Time Eater","ascension_level":1}}