{"host":"7fwnp8pk7osg3ahc","time":1613290448,"event":{"mods":["2.2 Compatiblity","BaseMod","Downfall","Marisa????????","Minty Spire (QoL Compilation)","Replay The Spire","StSLib","The Servant 0.9.4"],"gold_per_floor":[99,110,20,40,51,51,51,51,51,66,66,166,178,193,211,211,211],"floor_reached":16,"language":"ENG","playtime":720,"items_purged":["Strike_MRS"],"score":94,"play_id":"c99f70bf-a52b-4856-b9a5-a2a9882342c3","local_time":"20210214021408","is_ascension_mode":false,"campfire_choices":[{"data":"UpSweep","floor":1,"key":"SMITH"},{"data":"DC","floor":6,"key":"SMITH"},{"data":"MasterSpark","floor":9,"key":"SMITH"}],"circlet_count":0,"master_deck":["Strike_MRS","Strike_MRS","Strike_MRS","Defend_MRS","Defend_MRS","Defend_MRS","MasterSpark+1","UpSweep+1","DC+1","ShootingEcho","BigCrunch","ShootTheMoon+1","CasketOfStar"],"relics":["MiniHakkero","Regal Pillow","Incense Burner","ReplayTheSpireMod:Ring of Collecting","Ring of Fangs"],"acts_visited":["Exordium"],"potions_floor_usage":[],"damage_taken":[{"damage":5,"enemies":"Small Slimes","floor":2,"turns":2},{"damage":0,"enemies":"downfall:FleeingMerchant","floor":3,"turns":4},{"damage":11,"enemies":"Jaw Worm","floor":4,"turns":2},{"damage":0,"enemies":"Cultist","floor":5,"turns":3},{"damage":7,"enemies":"3 Louse","floor":10,"turns":3},{"damage":11,"enemies":"Exordium Wildlife","floor":13,"turns":5},{"damage":6,"enemies":"2 Fungi Beasts","floor":14,"turns":2},{"damage":5,"enemies":"Blue Slaver","floor":15,"turns":4},{"damage":31,"enemies":"SI_SHIV_ARCHETYPE","floor":16,"turns":6}],"seed_played":"5954545601042256313","potions_obtained":[{"floor":10,"key":"ShroomBrew"},{"floor":14,"key":"hexamod:SoulburnPotion"},{"floor":15,"key":"champ:CounterPotion"}],"is_trial":false,"path_per_floor":["R","M","$","M","M","R","T","?","R","M","?","?","M","M","M","B"],"character_chosen":"MARISA","items_purchased":[],"campfire_rested":0,"item_purchase_floors":[],"current_hp_per_floor":[75,70,70,59,59,59,59,59,59,52,52,52,41,35,30,0,0],"gold":211,"neow_bonus":"RANDOM_COMMON_RELIC","is_daily":false,"chose_seed":false,"campfire_upgraded":3,"win_rate":0.0,"timestamp":1613290448,"path_taken":["R","M","$","M","M","R","T","?","R","M","?","?","M","M","M","BOSS"],"items_purchased_type":[],"build_version":"2020-12-22","purchased_purges":1,"victory":false,"max_hp_per_floor":[75,75,75,75,75,75,75,75,75,75,75,75,75,75,75,75,75],"card_choices":[{"not_picked":["GalacticHalo","LuminesStrike"],"picked":"DC","floor":2},{"not_picked":["MeteoricShower","NonDirectionalLaser"],"picked":"ShootingEcho","floor":3},{"not_picked":["UnstableBomb","GravityBeat"],"picked":"BigCrunch","floor":4},{"not_picked":["BlazeAway","GravityBeat","OneTimeOff"],"picked":"SKIP","floor":5},{"not_picked":["EarthLightRay","MilkyWay","IllusionStar"],"picked":"SKIP","floor":10},{"not_picked":["LuminesStrike","FairyDestructionRay","OortCloud"],"picked":"SKIP","floor":13},{"not_picked":["AsteroidBelt","GalacticHalo","Orbital"],"picked":"SKIP","floor":14},{"not_picked":["NonDirectionalLaser","WitchOfGreed"],"picked":"CasketOfStar","floor":15}],"player_experience":632647,"relics_obtained":[{"floor":7,"key":"Incense Burner"},{"floor":8,"key":"ReplayTheSpireMod:Ring of Collecting"},{"floor":8,"key":"Ring of Fangs"}],"event_choices":[],"is_beta":false,"boss_relics":[],"items_purged_floors":[3],"is_endless":false,"potions_floor_spawned":[10,14,15],"killed_by":"SI_SHIV_ARCHETYPE","ascension_level":0}}