{"host":"3c27c697js19kaoo","time":1613287716,"event":{"mods":["ATMod(°¢èªMod)","Act Like it!","Arknights","Aspiration","BaseMod","CapriCore","Dota2Spire","Hermit","Minty Spire (QoL Compilation)","Quick Restart","Reliquary","Replay The Spire","Spicy Shops","StSLib","The Alterego","The Cursed","The Marked","The Runesmith","The Servant 0.9.4","¡¾¹¦ÄÜMod¡¿»ìãçÖ®»·ÐÞ¸´²¹¶¡","¡¾ÒÅÎï¿¨ÅÆ¡¿REMEMod"],"gold_per_floor":[117,130,149,149,149,193,193,227,254,254,270,29,68,86,86,206,206,229,229,101,101,101,101,135,148,199,214,233,233,264,279,279,376,376,387,399,445,445,463,463,494,494,494,129,146,176,187,202,202,202],"floor_reached":51,"language":"ZHS","playtime":1782,"items_purged":["Pain"],"score":905,"play_id":"50071c10-de8d-42ca-b574-84a192766e7d","local_time":"20210214152836","is_ascension_mode":true,"campfire_choices":[{"floor":7,"key":"REST"},{"floor":10,"key":"REST"},{"floor":15,"key":"REST"},{"data":"AT_OneInchPunch","floor":23,"key":"SMITH"},{"data":"theMarked:ChannelForce","floor":29,"key":"SMITH"},{"floor":32,"key":"REST"},{"data":"theMarked:MuscleMemory","floor":40,"key":"SMITH"},{"data":"theMarked:SoldierOfQuellstein","floor":49,"key":"SMITH"}],"circlet_count":0,"master_deck":["theMarked:Strike","theMarked:Strike+1","theMarked:Strike","theMarked:Strike","theMarked:Strike+1","theMarked:Defend","theMarked:Defend","theMarked:Defend","theMarked:Defend","theMarked:SoldierOfQuellstein+1","theMarked:BiggerThanFate","AT_OneInchPunch+1","theMarked:SwordAndMagic","theMarked:ChannelForce+1","theMarked:SwordAndMagic","theMarked:ThrowWeapon","theMarked:EmpowerWeapon+1","theMarked:MuscleMemory+1","BottledTime+1","Replace+1","SilverBlades+1"],"relics":["theMarked:ArtifactOfAir","REME_ComplimentaryCards","AT_ATBox","NeowsBlessing","Bloody Idol","Art of War","AT_SeraphEmbrace","AT_TimeSand","Oddly Smooth Stone","AT_RedNoBalance","Matryoshka","aspiration:MobileForge","ReplayTheSpireMod:Shallot","FossilizedHelix","Nunchaku","reliquary:PorcupineQuills","Thread and Needle","aspiration:ServantSkillbook","Dota2Spire:ShivaGuard","Whetstone","WarpedTongs","AT_SpeedBoots","AT_SilvercatRing","Replay:Multitool","Centennial Puzzle"],"acts_visited":["Exordium","TheCity","TheBeyond"],"potions_floor_usage":[8,16,16,16,30,30],"damage_taken":[{"damage":0,"enemies":"Cultist","floor":1,"turns":1},{"damage":0,"enemies":"Jaw Worm","floor":2,"turns":1},{"damage":0,"enemies":"Small Slimes","floor":3,"turns":1},{"damage":31,"enemies":"Lagavulin","floor":6,"turns":4},{"damage":11,"enemies":"Gremlin Nob","floor":8,"turns":3},{"damage":0,"enemies":"Exordium Wildlife","floor":11,"turns":2},{"damage":6,"enemies":"Lagavulin","floor":13,"turns":3},{"damage":1,"enemies":"Large Slime","floor":14,"turns":3},{"damage":39,"enemies":"Fading Forest","floor":16,"turns":11},{"damage":0,"enemies":"Spheric Guardian","floor":18,"turns":2},{"damage":15,"enemies":"Book of Stabbing","floor":24,"turns":4},{"damage":8,"enemies":"2 Thieves","floor":25,"turns":3},{"damage":0,"enemies":"Centurion and Healer","floor":27,"turns":2},{"damage":0,"enemies":"Shelled Parasite and Fungi","floor":28,"turns":3},{"damage":27,"enemies":"Gremlin Leader","floor":30,"turns":3},{"damage":0,"enemies":"3 Cultists","floor":31,"turns":3},{"damage":21,"enemies":"Collector","floor":33,"turns":6},{"damage":0,"enemies":"Orb Walker","floor":35,"turns":2},{"damage":0,"enemies":"3 Darklings","floor":36,"turns":3},{"damage":3,"enemies":"2 Orb Walkers","floor":37,"turns":3},{"damage":1,"enemies":"Writhing Mass","floor":39,"turns":3},{"damage":0,"enemies":"Nemesis","floor":41,"turns":5},{"damage":0,"enemies":"Transient","floor":45,"turns":5},{"damage":0,"enemies":"Giant Head","floor":46,"turns":4},{"damage":7,"enemies":"4 Shapes","floor":47,"turns":5},{"damage":0,"enemies":"Writhing Mass","floor":48,"turns":2},{"damage":7,"enemies":"Time Eater","floor":50,"turns":7}],"seed_played":"8956953244676615696","potions_obtained":[{"floor":3,"key":"Dexterity Potion"},{"floor":6,"key":"Energy Potion"},{"floor":13,"key":"AttackPotion"},{"floor":14,"key":"Dota2Spire:Clarity"},{"floor":24,"key":"Strength Potion"},{"floor":27,"key":"theMarked:ChargePotion"},{"floor":28,"key":"Toxic Potion"},{"floor":31,"key":"Dota2Spire:Clarity"},{"floor":35,"key":"Flashbang"},{"floor":38,"key":"theMarked:HoverShot"},{"floor":38,"key":"BlessingOfTheForge"}],"is_trial":false,"path_per_floor":["M","M","M","?","T","E","R","E","T","R","M","$","E","M","R","B",null,"M","?","$","?","?","R","E","M","T","M","M","R","E","M","R","B",null,"M","M","?","?","M","R","E","?","T","$","M","E","M","M","R","B",null],"character_chosen":"THE_DEFAULT","items_purchased":["AT_SilverBalance","ReplayTheSpireMod:Shallot","Replay:Multitool"],"campfire_rested":4,"item_purchase_floors":[12,20,44],"current_hp_per_floor":[70,70,70,53,53,22,43,32,32,53,53,53,29,34,55,14,70,35,35,35,35,35,35,25,27,32,37,42,42,20,25,46,30,70,70,70,70,70,70,70,70,70,70,70,70,70,68,70,70,63],"gold":202,"neow_bonus":"THREE_ENEMY_KILL","is_daily":false,"chose_seed":false,"campfire_upgraded":4,"win_rate":0.0,"timestamp":1613287716,"path_taken":["M","M","?","?","?","E","R","E","T","R","?","$","E","M","R","BOSS","M","?","$","?","?","R","E","M","T","M","?","R","E","M","R","BOSS","M","M","?","?","?","R","E","?","T","$","M","E","?","M","R","BOSS"],"items_purchased_type":["Relic","Relic","Relic"],"build_version":"2020-12-22","purchased_purges":1,"victory":true,"max_hp_per_floor":[70,70,70,70,70,70,70,70,70,70,70,70,70,70,70,70,70,70,70,70,70,70,70,70,70,70,70,70,70,70,70,70,70,70,70,70,70,70,70,70,70,70,70,70,70,70,70,70,70,70],"card_choices":[{"not_picked":["theMarked:EnhanceMovement","theMarked:WardOff"],"picked":"theMarked:SwordAndMagic","floor":1},{"not_picked":["theMarked:EnhanceMovement","theMarked:TakeCover","theMarked:Memento"],"picked":"SKIP","floor":2},{"not_picked":["theMarked:Aftermath","theMarked:TunnelVision","theMarked:Improvise"],"picked":"SKIP","floor":3},{"not_picked":["theMarked:HeightenedSenses","theMarked:ResourceFulStrike","theMarked:Electrocute"],"picked":"SKIP","floor":6},{"not_picked":["theMarked:Pokerface","theMarked:TwofoldDefense"],"picked":"theMarked:ChannelForce","floor":8},{"not_picked":["theMarked:AttractMetal","theMarked:WardOff","theMarked:WastefulAttack"],"picked":"SKIP","floor":11},{"not_picked":["theMarked:WardOff","theMarked:ThrowWeapon"],"picked":"theMarked:SwordAndMagic","floor":13},{"not_picked":["theMarked:SwordAndMagic","theMarked:AttractMetal","theMarked:Improvise"],"picked":"SKIP","floor":14},{"not_picked":["theMarked:Abjuration","theMarked:Defy"],"picked":"theMarked:ThrowWeapon","floor":16},{"not_picked":["theMarked:ElectricStrings","theMarked:Standoff","theMarked:TakeCover"],"picked":"SKIP","floor":18},{"not_picked":["theMarked:Memento","theMarked:Aftermath","theMarked:SwordAndMagic"],"picked":"SKIP","floor":24},{"not_picked":["theMarked:Parkour+1","theMarked:ResourceFulStrike","theMarked:Memento"],"picked":"SKIP","floor":25},{"not_picked":["theMarked:TakeCover","theMarked:SelfDefenseTraining","theMarked:Seal"],"picked":"SKIP","floor":27},{"not_picked":["theMarked:Parkour+1","theMarked:Seal","theMarked:ChainLightning+1"],"picked":"SKIP","floor":28},{"not_picked":["theMarked:RepellingDischarge","theMarked:SwordAndMagic+1"],"picked":"theMarked:EmpowerWeapon","floor":30},{"not_picked":["theMarked:UnarmedFury","theMarked:AttractMetal+1"],"picked":"theMarked:MuscleMemory","floor":31},{"not_picked":["StarChef","theMarked:ElectricStrings","Rearm","theMarked:KeepCalmAndFight+1"],"picked":"SKIP","floor":35},{"not_picked":["DoubleEdge+1","theMarked:Friction+1","Rearm+1"],"picked":"BottledTime+1","floor":36},{"not_picked":["theMarked:RepellingDischarge+1","Starlight","theMarked:BanishingWave+1","theMarked:WastefulAttack"],"picked":"SKIP","floor":39},{"not_picked":["theMarked:Reabsorb","Contraction+1","theMarked:Memento+1","theMarked:ResourceFulStrike"],"picked":"SKIP","floor":41},{"not_picked":["MoonPhase","theMarked:Electrocute","Orbit"],"picked":"Replace+1","floor":45},{"not_picked":["theMarked:RogueSparks+1","theMarked:Memento+1","Unruled+1"],"picked":"SilverBlades+1","floor":46},{"not_picked":["FastForward+1","Orbit+1","DoubleEdge","theMarked:TakeCover"],"picked":"SKIP","floor":47},{"not_picked":["theMarked:BiggerThanFate","theMarked:ResourceFulStrike+1","Rearm","BottledTime"],"picked":"SKIP","floor":48}],"player_experience":224465,"relics_obtained":[{"floor":5,"key":"Art of War"},{"floor":6,"key":"AT_ArchangelStaff"},{"floor":8,"key":"AT_TimeSand"},{"floor":9,"key":"Oddly Smooth Stone"},{"floor":13,"key":"Matryoshka"},{"floor":24,"key":"FossilizedHelix"},{"floor":26,"key":"Nunchaku"},{"floor":26,"key":"reliquary:PorcupineQuills"},{"floor":30,"key":"Thread and Needle"},{"floor":37,"key":"Dota2Spire:ShivaGuard"},{"floor":41,"key":"Whetstone"},{"floor":43,"key":"AT_SpeedBoots"},{"floor":43,"key":"AT_SilvercatRing"},{"floor":46,"key":"Centennial Puzzle"}],"event_choices":[{"damage_healed":0,"gold_gain":0,"player_choice":"Take Damage","damage_taken":17,"relics_obtained":["Golden Idol"],"max_hp_gain":0,"max_hp_loss":0,"event_name":"Golden Idol","floor":4,"gold_loss":0},{"damage_healed":0,"gold_gain":0,"player_choice":"Gave Idol","damage_taken":0,"relics_obtained":["Bloody Idol"],"max_hp_gain":0,"max_hp_loss":0,"event_name":"Forgotten Altar","floor":19,"relics_lost":["Golden Idol"],"gold_loss":0},{"damage_healed":0,"gold_gain":0,"player_choice":"Ignored","damage_taken":0,"max_hp_gain":0,"max_hp_loss":0,"event_name":"Ghosts","floor":21,"gold_loss":0},{"damage_healed":0,"gold_gain":0,"player_choice":"Fight","damage_taken":0,"max_hp_gain":0,"max_hp_loss":0,"event_name":"Mysterious Sphere","floor":37,"gold_loss":0},{"damage_healed":0,"gold_gain":0,"player_choice":"Got Potions","damage_taken":0,"max_hp_gain":0,"max_hp_loss":0,"event_name":"Lab","floor":38,"gold_loss":0},{"damage_healed":0,"gold_gain":0,"player_choice":"Rummage","damage_taken":0,"relics_obtained":["WarpedTongs"],"max_hp_gain":0,"max_hp_loss":0,"event_name":"Accursed Blacksmith","floor":42,"gold_loss":0,"cards_obtained":["Pain"]}],"is_beta":false,"boss_relics":[{"not_picked":["Honey Jar","Replay:Drink Me"],"picked":"aspiration:MobileForge"},{"not_picked":["Coffee Dripper","Velvet Choker"],"picked":"aspiration:ServantSkillbook"}],"items_purged_floors":[44],"is_endless":false,"potions_floor_spawned":[3,6,13,14,24,27,28,31,35,39,41,45],"ascension_level":1}}