{"host":"8o45mh5p3pp1o2mi","time":1613329314,"event":{"mods":["BaseMod","Bestiary","Better Match","Better Third Choice","BetterRewards","Dark Map","Downfall","Fox Events","Minty Spire (QoL Compilation)","Rare Cards Sparkle","Relic Stats","Replay The Spire","Shop Mod","Spire Exporter","StSLib","everything is the same but u backflip on backflip"],"gold_per_floor":[99,111,63,76,88,98,98,116,128,128,145,172,72,89,100,200,200,200,220,245,258,250,250,250,250],"floor_reached":23,"language":"ENG","playtime":4239,"items_purged":[],"score":197,"play_id":"f6a8195e-c547-4622-a09a-5e0a7744e231","local_time":"20210214190154","is_ascension_mode":false,"campfire_choices":[{"floor":1,"key":"DIG"},{"data":"hexamod:TurnItUp","floor":13,"key":"SMITH"},{"floor":18,"key":"RECALL"}],"circlet_count":0,"master_deck":["hexamod:Strike","hexamod:Strike","hexamod:Strike","hexamod:Strike","hexamod:Defend","hexamod:Defend","hexamod:Defend","hexamod:Defend","hexamod:Sear","hexamod:Float","ReplayTheSpireMod:Necrogeddon","hexamod:FlamesFromBeyond","hexamod:TimeOfNeed","hexamod:SpectersWail","hexamod:SpectersWail","hexamod:GhostShield","hexamod:SpectralAdrenaline","hexamod:StepThrough","hexamod:RadiantFlame","hexamod:PhantomCloak","Pot Of Greed","Pot Of Greed","hexamod:TurnItUp+1","hexamod:HauntingEcho","hexamod:FastForward","Pot Of Greed","hexamod:ParanormalForm","hexamod:EtherealExpedition","hexamod:GhostOfSpireFuture+1","hexamod:ThermalTransfer+1","hexamod:FirstSeal","hexamod:SecondSeal","hexamod:ThirdSeal","hexamod:FourthSeal"],"relics":["hexamod:SpiritBrand","Bird Faced Urn","Turnip","The Courier","Grinning Jar","downfall:HeartBlessingGreen","SlaversCollar","Red Mask"],"acts_visited":["Exordium","TheCity"],"potions_floor_usage":[8,14,16,20],"damage_taken":[{"damage":0,"enemies":"Cultist","floor":2,"turns":3},{"damage":0,"enemies":"downfall:FleeingMerchant","floor":3,"turns":4},{"damage":0,"enemies":"Small Slimes","floor":4,"turns":3},{"damage":0,"enemies":"2 Louse","floor":5,"turns":3},{"damage":0,"enemies":"downfall:LooterAlt","floor":6,"turns":3},{"damage":0,"enemies":"Exordium Wildlife","floor":8,"turns":3},{"damage":6,"enemies":"Large Slime","floor":9,"turns":5},{"damage":10,"enemies":"Exordium Thugs","floor":11,"turns":4},{"damage":15,"enemies":"Replay:BlueRogue","floor":12,"turns":7},{"damage":7,"enemies":"Blue Slaver","floor":14,"turns":3},{"damage":7,"enemies":"2 Fungi Beasts","floor":15,"turns":3},{"damage":17,"enemies":"IC_STATUS_ARCHETYPE","floor":16,"turns":4},{"damage":10,"enemies":"downfall:LooterAlt2","floor":19,"turns":5},{"damage":38,"enemies":"Masked Bandits","floor":20,"turns":4},{"damage":0,"enemies":"Chosen","floor":21,"turns":4},{"damage":32,"enemies":"Book of Stabbing","floor":23,"turns":5}],"seed_played":"-3060965887433728877","potions_obtained":[{"floor":4,"key":"SkillPotion"},{"floor":6,"key":"Venom Potion"},{"floor":9,"key":"hexamod:SoulburnPotion"},{"floor":12,"key":"LifebloodPotion"},{"floor":16,"key":"bronze:BurnAndBuffPotion"},{"floor":19,"key":"Explosive Potion"},{"floor":21,"key":"Slimebound:ThreeZeroPotion"}],"is_trial":false,"path_per_floor":["R","M","$","M","M","M","T","M","M","T","M","E","R","M","M","B",null,"R","M","?","M","?","E"],"character_chosen":"THE_SPIRIT","items_purchased":["hexamod:SpectersWail"],"campfire_rested":0,"item_purchase_floors":[3],"current_hp_per_floor":[63,63,63,63,63,63,63,63,57,57,51,42,42,37,34,21,63,63,57,23,27,20,0,0,0],"gold":250,"neow_bonus":"RANDOM_COLORLESS_2","is_daily":false,"chose_seed":false,"campfire_upgraded":1,"win_rate":0.0,"timestamp":1613329314,"path_taken":["R","M","$","M","?","M","T","?","M","?","?","E","R","M","M","BOSS","R","M","?","M","?","E"],"items_purchased_type":["Card"],"build_version":"2020-12-22","purchased_purges":0,"victory":false,"max_hp_per_floor":[63,63,63,63,63,63,63,63,63,63,63,63,63,63,63,63,63,63,63,63,63,63,63,63,63],"relic_stats":{"counters":[16,63],"Bird Faced Urn":[42],"Turnip":[2],"obtain_stats":[{"SlaversCollar":17,"Bird Faced Urn":1,"downfall:HeartBlessingGreen":13,"Turnip":7,"The Courier":10,"Red Mask":20,"Grinning Jar":12,"hexamod:SpiritBrand":0},{"SlaversCollar":12,"Bird Faced Urn":0,"downfall:HeartBlessingGreen":9,"Turnip":5,"The Courier":7,"Red Mask":14,"Grinning Jar":9,"hexamod:SpiritBrand":0},{"SlaversCollar":45,"Bird Faced Urn":0,"downfall:HeartBlessingGreen":35,"Turnip":16,"The Courier":24,"Red Mask":54,"Grinning Jar":35,"hexamod:SpiritBrand":0}]},"card_choices":[{"not_picked":["Magnetism","Transmutation"],"picked":"ReplayTheSpireMod:Necrogeddon","floor":0},{"not_picked":["hexamod:GhostLash","hexamod:RetreatToShadows"],"picked":"hexamod:FlamesFromBeyond","floor":2},{"not_picked":["hexamod:SpectersWail","hexamod:BurningTouch"],"picked":"hexamod:TimeOfNeed","floor":3},{"not_picked":["hexamod:NightmareStrike","hexamod:Rewind"],"picked":"hexamod:GhostShield","floor":4},{"not_picked":["hexamod:ShieldOfDarkness","hexamod:AdvancingGuard"],"picked":"hexamod:SpectralAdrenaline","floor":5},{"not_picked":["hexamod:BacktrackSmack","hexamod:Firestarter"],"picked":"hexamod:NightmareStrike","floor":6},{"not_picked":["hexamod:HeatMetal","hexamod:GhostShield"],"picked":"hexamod:StepThrough","floor":8},{"not_picked":["hexamod:Again","hexamod:BacktrackSmack"],"picked":"hexamod:RadiantFlame","floor":9},{"not_picked":["hexamod:ExtraCrispy","hexamod:SuperheatedStrike"],"picked":"hexamod:PhantomCloak","floor":11},{"not_picked":["hexamod:HauntingEcho","hexamod:SpectersWail"],"picked":"hexamod:TurnItUp","floor":12},{"not_picked":["hexamod:SecondSeal","hexamod:BurningTouch"],"picked":"hexamod:HauntingEcho","floor":14},{"not_picked":["hexamod:HeatMetal","hexamod:SuperheatedStrike"],"picked":"hexamod:FastForward","floor":15},{"not_picked":["hexamod:VolcanoVisage","hexamod:GhostflameInferno"],"picked":"hexamod:ParanormalForm","floor":16},{"not_picked":["hexamod:NightmareStrike","hexamod:SwordOfDarkness"],"picked":"hexamod:EtherealExpedition","floor":19},{"not_picked":["hexamod:NightmareStrike","hexamod:SpectralAdrenaline"],"picked":"hexamod:GhostOfSpireFuture+1","floor":20},{"not_picked":["hexamod:GhostOfSpireFuture+1","hexamod:HauntingEcho"],"picked":"hexamod:ThermalTransfer+1","floor":21}],"player_experience":203067,"relics_obtained":[{"floor":1,"key":"Bird Faced Urn"},{"floor":7,"key":"Turnip"},{"floor":10,"key":"The Courier"},{"floor":12,"key":"Grinning Jar"},{"floor":20,"key":"Red Mask"}],"event_choices":[{"damage_healed":0,"gold_gain":0,"player_choice":"Fought Bandits","damage_taken":0,"max_hp_gain":0,"max_hp_loss":0,"event_name":"Masked Bandits","floor":20,"gold_loss":0}],"is_beta":false,"boss_relics":[{"not_picked":["Ring of Chaos","bronze:MakeshiftBattery"],"picked":"SlaversCollar"}],"items_purged_floors":[],"is_endless":false,"potions_floor_spawned":[4,6,9,12,16,19,21],"killed_by":"Book of Stabbing","ascension_level":0}}