{"host":"pbf6u3tyx46snqc7","time":1613330092,"event":{"mods":["AchievementEnabler","BaseMod","Colored Map","Minty Spire (QoL Compilation)","Rare Cards Sparkle","SuperFastMode"],"gold_per_floor":[363,363,380,380,380,380,396,321,321,21,39,56,4,22,22,22,22],"floor_reached":16,"language":"KOR","playtime":515,"items_purged":["Defend_R","Defend_R"],"score":138,"play_id":"f1a92085-84fd-4819-ad45-86f2b66ac3c3","local_time":"20210215041452","is_ascension_mode":true,"campfire_choices":[{"data":"Armaments","floor":6.0,"key":"SMITH"},{"floor":15,"key":"REST"}],"circlet_count":0,"master_deck":["AscendersBane","Strike_R","Strike_R","Strike_R","Defend_R","Defend_R","Bash","Armaments+1"],"relics":["Burning Blood","Unceasing Top","TheAbacus"],"acts_visited":["Exordium"],"potions_floor_usage":[11,16,16],"damage_taken":[{"damage":8.0,"enemies":"Jaw Worm","floor":1.0,"turns":5.0},{"damage":5.0,"enemies":"Small Slimes","floor":3.0,"turns":4.0},{"damage":1,"enemies":"Cultist","floor":7,"turns":4},{"damage":21,"enemies":"Gremlin Gang","floor":11,"turns":4},{"damage":3,"enemies":"Exordium Thugs","floor":12,"turns":5},{"damage":10,"enemies":"Blue Slaver","floor":14,"turns":3},{"damage":98,"enemies":"Hexaghost","floor":16,"turns":14}],"seed_played":"-3771181395801853731","potions_obtained":[{"floor":7,"key":"SneckoOil"},{"floor":12,"key":"Regen Potion"}],"is_trial":false,"path_per_floor":["M","?","M","?","?","R","M","$","T","$","M","M","$","M","R","B"],"character_chosen":"IRONCLAD","items_purchased":["TheAbacus","AttackPotion","BloodPotion"],"campfire_rested":1,"item_purchase_floors":[10,10,13],"current_hp_per_floor":[70,75,76,69,69,69,74,74,74,74,59,62,62,58,77,0,0],"gold":22,"neow_bonus":"TWO_FIFTY_GOLD","is_daily":false,"chose_seed":false,"campfire_upgraded":1,"win_rate":0.0,"timestamp":1613330092,"path_taken":["M","?","M","?","?","R","?","$","T","$","?","M","?","M","R","BOSS"],"items_purchased_type":["Relic","Potion","Potion"],"build_version":"2020-12-22","purchased_purges":2,"victory":false,"max_hp_per_floor":[72,77,77,77,77,77,77,77,77,77,77,77,77,77,77,77,77],"card_choices":[{"not_picked":["Uppercut","Flex"],"picked":"Armaments","floor":1.0},{"not_picked":["Thunderclap","Whirlwind","Shrug It Off"],"picked":"SKIP","floor":3.0},{"not_picked":["Warcry","Iron Wave","Sword Boomerang"],"picked":"SKIP","floor":7},{"not_picked":["Havoc","Clothesline","Body Slam"],"picked":"SKIP","floor":11},{"not_picked":["Sever Soul","Sword Boomerang","Iron Wave"],"picked":"SKIP","floor":12},{"not_picked":["True Grit","Carnage","Intimidate"],"picked":"SKIP","floor":14}],"player_experience":425923,"relics_obtained":[{"floor":9,"key":"Unceasing Top"}],"event_choices":[{"damage_healed":0.0,"max_hp_gain":5.0,"max_hp_loss":0.0,"gold_gain":0.0,"event_name":"Big Fish","player_choice":"Donut","floor":2.0,"gold_loss":0.0,"damage_taken":0.0},{"cards_removed":["Strike_R"],"damage_healed":0.0,"max_hp_gain":0.0,"max_hp_loss":0.0,"gold_gain":0.0,"event_name":"Golden Wing","player_choice":"Card Removal","floor":4.0,"gold_loss":0.0,"damage_taken":7.0},{"cards_removed":["Strike_R"],"damage_healed":0.0,"max_hp_gain":0.0,"max_hp_loss":0.0,"gold_gain":0.0,"event_name":"Bonfire Elementals","player_choice":"Offered Basic","floor":5.0,"gold_loss":0.0,"damage_taken":0.0}],"is_beta":false,"boss_relics":[],"items_purged_floors":[8,10],"is_endless":false,"potions_floor_spawned":[7,12],"killed_by":"Hexaghost","ascension_level":10}}