{"host":"hka8b3f4pkvnp4ei","time":1613285213,"event":{"mods":["BaseMod","Minty Spire (QoL Compilation)","Quick Restart","Replay The Spire","StSLib"],"gold_per_floor":[112,112,112,112,162,162,177,177,177,177,203,220,233,250,250,250,250],"floor_reached":16,"language":"ZHS","playtime":467,"items_purged":[],"score":250,"play_id":"48adf88d-d62f-4783-9f1e-be6631de3279","local_time":"20210214144653","is_ascension_mode":true,"campfire_choices":[{"data":"Eruption","floor":8.0,"key":"SMITH"},{"data":"Study","floor":10.0,"key":"SMITH"},{"data":"Defend_P","floor":15.0,"key":"PURGE"}],"circlet_count":0,"master_deck":["AscendersBane","Strike_P","Strike_P","Strike_P","Defend_P","Eruption+1","Vigilance","ForeignInfluence","Steam","InnerPeace","Study+1","FearNoEvil"],"relics":["PureWater","NeowsBlessing","ReplayTheSpireMod:Ninjato","Anchor"],"acts_visited":["Exordium"],"potions_floor_usage":[16,16],"damage_taken":[{"damage":0.0,"enemies":"Jaw Worm","floor":1.0,"turns":1.0},{"damage":0.0,"enemies":"Small Slimes","floor":7.0,"turns":1.0},{"damage":0.0,"enemies":"Lagavulin","floor":11.0,"turns":2.0},{"damage":0.0,"enemies":"Cultist","floor":12.0,"turns":2.0},{"damage":8.0,"enemies":"Gremlin Gang","floor":13.0,"turns":4.0},{"damage":18.0,"enemies":"2 Fungi Beasts","floor":14.0,"turns":4.0},{"damage":28,"enemies":"Hexaghost","floor":16,"turns":9}],"seed_played":"-2609452630768151478","potions_obtained":[{"floor":1.0,"key":"Block Potion"},{"floor":13.0,"key":"Elixir"}],"is_trial":false,"path_per_floor":["M","?","?","$","?","$","M","R","T","R","E","M","M","M","R","B"],"character_chosen":"WATCHER","items_purchased":[],"campfire_rested":0,"item_purchase_floors":[],"current_hp_per_floor":[61,61,61,61,55,55,55,55,55,55,55,55,47,29,29,1,1],"gold":250,"neow_bonus":"THREE_ENEMY_KILL","is_daily":false,"chose_seed":false,"campfire_upgraded":2,"win_rate":0.0,"timestamp":1613285213,"path_taken":["M","?","?","$","?","$","M","R","T","R","E","M","M","M","R","BOSS"],"items_purchased_type":[],"build_version":"2020-12-22","purchased_purges":0,"victory":false,"max_hp_per_floor":[68,68,68,68,68,68,68,68,68,68,68,68,68,68,68,68,68],"card_choices":[{"not_picked":["Study","Replay:AtTheReady","Evaluate"],"picked":"SKIP","floor":1.0},{"not_picked":["ReachHeaven","Replay:AtTheReady"],"picked":"Study","floor":7.0},{"not_picked":["SashWhip","Replay:BluntJabs"],"picked":"FearNoEvil","floor":11.0},{"not_picked":["Replay:BluntJabs","Replay:AtTheReady","ThirdEye"],"picked":"SKIP","floor":12.0},{"not_picked":["CrushJoints","SashWhip","Nirvana"],"picked":"SKIP","floor":13.0},{"not_picked":["EmptyFist","Swivel","CrushJoints"],"picked":"SKIP","floor":14.0}],"player_experience":482472,"relics_obtained":[{"floor":9.0,"key":"ReplayTheSpireMod:Ninjato"},{"floor":11.0,"key":"Anchor"}],"event_choices":[{"damage_healed":0.0,"max_hp_gain":0.0,"max_hp_loss":0.0,"gold_gain":0.0,"cards_transformed":["Defend_P"],"event_name":"Living Wall","player_choice":"Change","floor":3.0,"gold_loss":0.0,"damage_taken":0.0,"cards_obtained":["InnerPeace"]},{"damage_healed":0.0,"max_hp_gain":0.0,"max_hp_loss":0.0,"gold_gain":50.0,"event_name":"FaceTrader","player_choice":"Touch","floor":5.0,"gold_loss":0.0,"damage_taken":6.0}],"is_beta":false,"boss_relics":[],"items_purged_floors":[],"is_endless":false,"potions_floor_spawned":[1,13,14],"killed_by":"Hexaghost","ascension_level":20}}