{"host":"89iuq2p5kwriuwfq","time":1613320173,"event":{"mods":["BaseMod","Curses Come First","Minty Spire (QoL Compilation)","Permanent Neow","StSLib"],"gold_per_floor":[114,114,127,127,137,171,171,203,203,219,219,37,37,69,69,171,171,184,184,194,194,211,246,261,261,261,261,293,306,306,306],"floor_reached":30,"language":"ENG","playtime":1830,"items_purged":["Defend_P"],"score":581,"play_id":"4d9819a0-4d5e-43e1-833f-fca1701dabcf","local_time":"20210214162933","is_ascension_mode":true,"campfire_choices":[{"data":"Eruption","floor":7.0,"key":"SMITH"},{"data":"MentalFortress","floor":11.0,"key":"SMITH"},{"floor":13.0,"key":"REST"},{"data":"MentalFortress","floor":15.0,"key":"SMITH"},{"floor":25.0,"key":"REST"},{"floor":27.0,"key":"REST"}],"circlet_count":0,"master_deck":["AscendersBane","Eruption+1","Vigilance","FollowUp","CutThroughFate","EmptyFist","MentalFortress+1","FlurryOfBlows","MentalFortress+1","FlurryOfBlows","InnerPeace","Blasphemy","DeceiveReality","Prostrate","Blasphemy","Wireheading","LikeWater","FlyingSleeves","WindmillStrike+1","Protect","Crescendo"],"relics":["PureWater","Boot","Darkstone Periapt","Centennial Puzzle","Pen Nib","Oddly Smooth Stone","Pandora\u0027s Box","Orichalcum","Pantograph","Kunai","Bag of Preparation"],"acts_visited":["Exordium","TheCity"],"potions_floor_usage":[30,30],"damage_taken":[{"damage":4.0,"enemies":"Small Slimes","floor":1.0,"turns":5.0},{"damage":0.0,"enemies":"Cultist","floor":3.0,"turns":4.0},{"damage":0.0,"enemies":"2 Louse","floor":5.0,"turns":2.0},{"damage":15.0,"enemies":"Lagavulin","floor":6.0,"turns":4.0},{"damage":0.0,"enemies":"3 Sentries","floor":8.0,"turns":5.0},{"damage":15.0,"enemies":"Gremlin Gang","floor":10.0,"turns":6.0},{"damage":34.0,"enemies":"Lagavulin","floor":14.0,"turns":3.0},{"damage":0.0,"enemies":"Slime Boss","floor":16.0,"turns":5.0},{"damage":0.0,"enemies":"3 Byrds","floor":18.0,"turns":5.0},{"damage":7.0,"enemies":"2 Thieves","floor":20.0,"turns":2.0},{"damage":13.0,"enemies":"Chosen and Byrds","floor":22.0,"turns":4.0},{"damage":18.0,"enemies":"Book of Stabbing","floor":23.0,"turns":6.0},{"damage":0.0,"enemies":"Centurion and Healer","floor":24.0,"turns":6.0},{"damage":47.0,"enemies":"Slavers","floor":28.0,"turns":7.0},{"damage":1.0,"enemies":"3 Cultists","floor":29.0,"turns":3.0},{"damage":5,"enemies":"Book of Stabbing","floor":30,"turns":2}],"seed_played":"7228888873150973845","potions_obtained":[{"floor":5.0,"key":"BlessingOfTheForge"},{"floor":6.0,"key":"Fire Potion"},{"floor":10.0,"key":"FearPotion"},{"floor":18.0,"key":"BlessingOfTheForge"},{"floor":28.0,"key":"Dexterity Potion"},{"floor":29.0,"key":"AttackPotion"}],"is_trial":false,"path_per_floor":["M","?","M","?","M","E","R","E","T","M","R","$","R","E","R","B",null,"M","T","M","?","M","E","M","R","T","R","E","M","E"],"character_chosen":"WATCHER","items_purchased":["MentalFortress","FlurryOfBlows"],"campfire_rested":3,"item_purchase_floors":[12,12],"current_hp_per_floor":[61,54,54,54,54,39,39,39,39,24,24,24,45,11,11,11,57,57,57,50,37,24,6,6,29,29,52,5,4,0,0],"gold":306,"neow_bonus":"REMOVE_CARD","is_daily":false,"chose_seed":false,"campfire_upgraded":3,"win_rate":0.0,"timestamp":1613320173,"path_taken":["M","?","M","?","M","E","R","E","T","?","R","$","R","E","R","BOSS","M","?","M","?","M","E","M","R","T","R","E","M","E"],"items_purchased_type":["Card","Card"],"build_version":"2020-12-22","purchased_purges":1,"victory":false,"max_hp_per_floor":[72,72,72,72,72,72,72,72,72,72,72,72,72,72,72,72,72,72,72,72,77,77,77,77,77,77,77,77,77,77,77],"card_choices":[{"not_picked":["Evaluate","Perseverance"],"picked":"FollowUp","floor":1.0},{"not_picked":["Halt","Evaluate"],"picked":"CutThroughFate","floor":3.0},{"not_picked":["ForeignInfluence","SashWhip","Study"],"picked":"SKIP","floor":5.0},{"not_picked":["Evaluate","Crescendo"],"picked":"MentalFortress","floor":6.0},{"not_picked":["DevaForm","Perseverance"],"picked":"FlurryOfBlows","floor":8.0},{"not_picked":["FollowUp","Perseverance","CrushJoints"],"picked":"SKIP","floor":10.0},{"not_picked":["WreathOfFlame","ReachHeaven"],"picked":"InnerPeace","floor":14.0},{"not_picked":["Brilliance","Wish"],"picked":"Blasphemy","floor":16.0},{"not_picked":["EmptyBody","EmptyFist"],"picked":"FlyingSleeves","floor":18.0},{"not_picked":["EmptyMind","WheelKick"],"picked":"WindmillStrike+1","floor":20.0},{"not_picked":["CutThroughFate","WaveOfTheHand+1"],"picked":"Protect","floor":22.0},{"not_picked":["ClearTheMind","Conclude","PathToVictory+1"],"picked":"SKIP","floor":23.0},{"not_picked":["Study","FollowUp"],"picked":"Crescendo","floor":24.0},{"not_picked":["BattleHymn","Crescendo","PathToVictory"],"picked":"SKIP","floor":28.0},{"not_picked":["ClearTheMind","Swivel","Nirvana"],"picked":"SKIP","floor":29.0}],"player_experience":679437,"relics_obtained":[{"floor":6.0,"key":"Darkstone Periapt"},{"floor":8.0,"key":"Centennial Puzzle"},{"floor":9.0,"key":"Pen Nib"},{"floor":14.0,"key":"Oddly Smooth Stone"},{"floor":19.0,"key":"Orichalcum"},{"floor":23.0,"key":"Pantograph"},{"floor":26.0,"key":"Kunai"},{"floor":28.0,"key":"Bag of Preparation"}],"event_choices":[{"damage_healed":0.0,"max_hp_gain":0.0,"max_hp_loss":0.0,"gold_gain":0.0,"event_name":"Scrap Ooze","player_choice":"Success","floor":2.0,"gold_loss":0.0,"damage_taken":7.0,"relics_obtained":["Boot"]},{"damage_healed":0.0,"max_hp_gain":0.0,"max_hp_loss":0.0,"gold_gain":0.0,"cards_transformed":["Strike_P"],"event_name":"Transmorgrifier","player_choice":"Transformed","floor":4.0,"gold_loss":0.0,"damage_taken":0.0,"cards_obtained":["EmptyFist"]},{"damage_healed":0.0,"max_hp_gain":5.0,"max_hp_loss":0.0,"gold_gain":0.0,"event_name":"Forgotten Altar","player_choice":"Shed Blood","floor":21.0,"gold_loss":0.0,"damage_taken":18.0}],"is_beta":false,"boss_relics":[{"not_picked":["Velvet Choker","Empty Cage"],"picked":"Pandora\u0027s Box"}],"items_purged_floors":[12],"is_endless":false,"potions_floor_spawned":[5,6,10,18,28,29],"killed_by":"Book of Stabbing","ascension_level":12}}