{"host":"hl3ams4am2ku5u4p","time":1613263435,"event":{"mods":["AchievementEnabler","Act Like it!","Aspiration","BaseMod","Beaked The Cultist","BetterRewards","CatGirl Mod","Colored Map","Colored Powertips","Conspire","Downfall","Energized Spire","Halation","Hallownest","HornydragonMod","Hubris","Infinite Spire","Mad Scientist","Magitek Elite","Minty Spire (QoL Compilation)","READ ME - Guardian Mod","Replay The Spire","Spikes Relics","StSLib","SuperFastMode","The Blackbeard","The Bug Knight","The Construct","The Disciple","The Jungle","The Mystic","The Necromancer","The Senshi"],"gold_per_floor":[117,117,117,128,128,159,159,84,84,84,84,84,115,125,125,230,230,245,255,255,271,271,271,271,271,271,286,286,316,316,331,331,435,435,445,457,457,239,249,249,249,249],"floor_reached":41,"language":"FRA","playtime":1739,"items_purged":["Strike_R","Strike_R"],"score":704,"play_id":"5332b5d6-9f2a-430a-994a-2bf45879a02c","local_time":"20210214014355","is_ascension_mode":true,"campfire_choices":[{"data":"BarbarianYell","floor":7,"key":"SMITH"},{"data":"Inflame","floor":10,"key":"SMITH"},{"data":"Shockwave","floor":10,"key":"SMITH"},{"data":"Bash","floor":12,"key":"SMITH"},{"data":"Rage","floor":12,"key":"SMITH"},{"floor":15,"key":"REST"},{"data":"Demon Form","floor":23,"key":"SMITH"},{"data":"Clash","floor":23,"key":"SMITH"},{"data":"Metallicize","floor":25,"key":"SMITH"},{"data":"conspire:ExplosiveBarrier","floor":25,"key":"SMITH"},{"floor":28,"key":"REST"},{"floor":32,"key":"REST"},{"floor":40,"key":"REST"}],"circlet_count":0,"master_deck":["Strike_R+1","Strike_R+1","Strike_R","Defend_R+1","Defend_R","Defend_R+1","Defend_R+1","Bash+1","Immolate+1","Rage+1","Flex+1","Shockwave+1","Shrug It Off+1","Clash+1","Inflame+1","BarbarianYell+1","BarbarianYell+1","conspire:ExplosiveBarrier+1","Demon Form+1","Metallicize+1","Sword Boomerang+1","Metallicize","Pommel Strike+1","Pommel Strike+1"],"relics":["Burning Blood","War Paint","construct:RocketBooster","halation:PenCase","infinitespire:Beetle Shell","Runic Cube","HollowMod:LifeEnderRelic","Juzu Bracelet","halation:EternalFortune","hubris:Backtick","Molten Egg 2"],"acts_visited":["Exordium","Exordium","TheBeyond"],"potions_floor_usage":[13,16,31,33,33,33,33,36,39,39,41],"damage_taken":[{"damage":5,"enemies":"Small Slimes","floor":1,"turns":3},{"damage":9,"enemies":"Jaw Worm","floor":4,"turns":2},{"damage":10,"enemies":"Lagavulin","floor":6,"turns":5},{"damage":20,"enemies":"Gremlin Nob","floor":13,"turns":4},{"damage":0,"enemies":"Cultist","floor":14,"turns":2},{"damage":9,"enemies":"Fading Forest","floor":16,"turns":11},{"damage":8,"enemies":"Hallownest:2_Mistakes","floor":18,"turns":6},{"damage":15,"enemies":"Hallownest:Guard_and_Sentry","floor":19,"turns":5},{"damage":25,"enemies":"Hallownest:Warrior_and_Youth","floor":21,"turns":6},{"damage":21,"enemies":"Hallownest:monsterMisterMushroom","floor":27,"turns":7},{"damage":12,"enemies":"Hallownest:Nosk","floor":29,"turns":8},{"damage":10,"enemies":"Hallownest:2_Flukemon","floor":31,"turns":5},{"damage":23,"enemies":"Hallownest:BossGrimm","floor":33,"turns":9},{"damage":17,"enemies":"Orb Walker","floor":35,"turns":4},{"damage":56,"enemies":"3 Darklings","floor":36,"turns":6},{"damage":20,"enemies":"4 Shapes","floor":39,"turns":10},{"damage":57,"enemies":"Writhing Mass","floor":41,"turns":4}],"seed_played":"-54353729073292194","potions_obtained":[{"floor":1,"key":"infinitespire:BlackPotion"},{"floor":13,"key":"PowerPotion"},{"floor":14,"key":"PowerPotion"},{"floor":18,"key":"FearPotion"},{"floor":27,"key":"AttackPotion"},{"floor":31,"key":"ColorlessPotion"},{"floor":36,"key":"Energy Potion"},{"floor":39,"key":"SkillPotion"}],"is_trial":false,"path_per_floor":["M","?","?","M","?","E","R","$","T","R","$","R","E","M","R","B",null,"M","M","?","M","?","R","?","R","T","M","R","E","?","M","R","B",null,"M","M","?","$","M","R","M"],"character_chosen":"IRONCLAD","items_purchased":["Immolate+1","Rage","Flex+1","Shockwave","War Paint","Shrug It Off","Clash","Metallicize","Pommel Strike+1"],"campfire_rested":4,"item_purchase_floors":[0,0,0,0,0,0,0,38,38],"current_hp_per_floor":[57,41,65,62,62,58,58,58,58,58,58,58,44,50,74,79,80,78,69,69,50,50,50,50,50,50,35,59,53,56,55,80,66,83,72,22,22,22,23,49,0,0],"gold":249,"neow_bonus":"","is_daily":false,"chose_seed":false,"campfire_upgraded":9,"win_rate":0.0,"timestamp":1613263435,"path_taken":["M","?","?","M","?","E","R","$","T","R","$","R","E","?","R","BOSS","M","M","?","M","?","R","?","R","T","M","R","E","?","M","R","BOSS","M","M","?","$","M","R","M"],"items_purchased_type":["Card","Card","Card","Card","Relic","Card","Card","Card","Card"],"build_version":"2020-12-22","purchased_purges":2,"victory":false,"max_hp_per_floor":[80,80,80,80,80,80,80,80,80,80,80,80,80,80,80,80,80,80,80,80,80,80,80,80,80,80,80,80,80,83,86,86,89,89,89,89,89,89,89,89,89,89],"card_choices":[{"not_picked":["Perfected Strike","Uppercut"],"picked":"Inflame","floor":1},{"not_picked":["Sword Boomerang","ReplayTheSpireMod:Corrosion Curse"],"picked":"BarbarianYell","floor":4},{"not_picked":["Juggernaut","Clash","BarbarianYell"],"picked":"SKIP","floor":6},{"not_picked":["Juggernaut","Clash"],"picked":"BarbarianYell","floor":6},{"not_picked":["Replay:Undeath\u0027s Touch","Havoc"],"picked":"conspire:ExplosiveBarrier","floor":13},{"not_picked":["Havoc","hubris:CleavingFinish","Evolve"],"picked":"SKIP","floor":14},{"not_picked":["conspire:HitWhereItHurts","Feed"],"picked":"Demon Form","floor":16},{"not_picked":["Wild Strike+1","Havoc","Burning Pact"],"picked":"SKIP","floor":18},{"not_picked":["Infernal Blade","Havoc+1","True Grit"],"picked":"SKIP","floor":19},{"not_picked":["Reckless Charge","ReplayTheSpireMod:Strike From Hell","ReplayReversal"],"picked":"SKIP","floor":21},{"not_picked":["Headbutt","infinitespire:OneForAll+1","Flex"],"picked":"SKIP","floor":27},{"not_picked":["Anger","Armaments","Second Wind"],"picked":"SKIP","floor":29},{"not_picked":["Demonic Infusion","Run Through","Shrug It Off"],"picked":"SKIP","floor":31},{"not_picked":["Flex+1","Run Through+1","Warcry+1"],"picked":"SKIP","floor":35},{"not_picked":["Second Wind","Headbutt+1"],"picked":"Sword Boomerang+1","floor":36},{"not_picked":["Havoc","Replay:Undeath\u0027s Touch+1","Shrug It Off"],"picked":"SKIP","floor":39}],"player_experience":69868,"relics_obtained":[{"floor":6,"key":"construct:RocketBooster"},{"floor":9,"key":"halation:PenCase"},{"floor":13,"key":"infinitespire:Beetle Shell"},{"floor":26,"key":"HollowMod:LifeEnderRelic"},{"floor":29,"key":"Juzu Bracelet"},{"floor":31,"key":"halation:EternalFortune"},{"floor":33,"key":"halation:EternalFortune"}],"event_choices":[{"damage_healed":0,"gold_gain":0,"player_choice":"Entered Light","damage_taken":16,"max_hp_gain":0,"max_hp_loss":0,"event_name":"Shining Light","floor":2,"gold_loss":0,"cards_upgraded":["Defend_R","Strike_R"]},{"damage_healed":0,"gold_gain":0,"player_choice":"Upgraded","damage_taken":0,"max_hp_gain":0,"max_hp_loss":0,"event_name":"Upgrade Shrine","floor":5,"gold_loss":0,"cards_upgraded":["BarbarianYell"]},{"damage_healed":0,"gold_gain":0,"player_choice":"Ignored","damage_taken":0,"max_hp_gain":0,"max_hp_loss":0,"event_name":"Mysterious Sphere","floor":37,"gold_loss":0}],"is_beta":false,"boss_relics":[{"not_picked":["aspiration:RunicSpoon","aspiration:BeakedSkillbook"],"picked":"Runic Cube"},{"not_picked":["aspiration:RitualDagger","aspiration:FutureDiary"],"picked":"hubris:Backtick"}],"items_purged_floors":[8,38],"is_endless":false,"potions_floor_spawned":[1,13,14,18,27,31,36,39],"killed_by":"Writhing Mass","ascension_level":5}}