{"host":"a1eatafr7pisesky","time":1613303331,"event":{"mods":["AchievementEnabler","BaseMod","Colored Map","Keyboard Shortcuts","Minty Spire (QoL Compilation)","Say the Spire","StSLib","SuperFastMode","everything is the same but u backflip on backflip"],"gold_per_floor":[109,34,34,52,102,134,134,34,104,104,117,130,147,178,178,256,256,269,144,419,433,258,258,270,270,270],"floor_reached":25,"language":"KOR","playtime":723,"items_purged":["Normality","Strike_R","Strike_R","Regret"],"score":411,"play_id":"2e1f386e-352c-4451-8bf2-0fdbd4756f88","local_time":"20210214204851","is_ascension_mode":true,"campfire_choices":[{"floor":7.0,"key":"REST"},{"floor":10.0,"key":"REST"},{"data":"Bash","floor":15.0,"key":"SMITH"},{"floor":23.0,"key":"REST"}],"circlet_count":0,"master_deck":["AscendersBane","Strike_R","Strike_R","Defend_R","Defend_R","Defend_R","Defend_R","Bash+1","True Grit","Carnage","Exhume","Seeing Red","Uppercut","Dark Embrace","Flame Barrier","Barricade","Shrug It Off","True Grit","Sentinel"],"relics":["Burning Blood","Dead Branch","White Beast Statue","Ornamental Fan","Bottled Lightning","Runic Pyramid"],"acts_visited":["Exordium","TheCity"],"potions_floor_usage":[25],"damage_taken":[{"damage":14.0,"enemies":"Small Slimes","floor":1.0,"turns":4.0},{"damage":4.0,"enemies":"2 Louse","floor":4.0,"turns":4.0},{"damage":51.0,"enemies":"Lagavulin","floor":6.0,"turns":10.0},{"damage":0.0,"enemies":"Cultist","floor":11.0,"turns":2.0},{"damage":13.0,"enemies":"Lots of Slimes","floor":12.0,"turns":5.0},{"damage":16.0,"enemies":"Exordium Wildlife","floor":13.0,"turns":5.0},{"damage":23.0,"enemies":"3 Sentries","floor":14.0,"turns":5.0},{"damage":13.0,"enemies":"The Guardian","floor":16.0,"turns":10.0},{"damage":48.0,"enemies":"Shell Parasite","floor":18.0,"turns":14.0},{"damage":6.0,"enemies":"Spheric Guardian","floor":21.0,"turns":4.0},{"damage":25.0,"enemies":"Cultist and Chosen","floor":24.0,"turns":8.0},{"damage":27,"enemies":"Book of Stabbing","floor":25,"turns":3}],"seed_played":"4484095017051280913","potions_obtained":[{"floor":11.0,"key":"FearPotion"},{"floor":12.0,"key":"Fruit Juice"},{"floor":13.0,"key":"EssenceOfSteel"},{"floor":14.0,"key":"SteroidPotion"},{"floor":16.0,"key":"GamblersBrew"},{"floor":18.0,"key":"FearPotion"},{"floor":21.0,"key":"Dexterity Potion"}],"is_trial":false,"path_per_floor":["M","$","?","M","?","E","R","$","T","R","M","M","M","E","R","B",null,"M","$","?","M","$","R","M","E"],"character_chosen":"IRONCLAD","items_purchased":["True Grit"],"campfire_rested":3,"item_purchase_floors":[22],"current_hp_per_floor":[60,60,53,55,55,10,32,32,32,54,60,53,48,31,31,24,66,24,24,24,24,24,48,29,2,2],"gold":270,"neow_bonus":"ONE_RARE_RELIC","is_daily":false,"chose_seed":false,"campfire_upgraded":1,"win_rate":0.0,"timestamp":1613303331,"path_taken":["M","$","?","M","?","E","R","$","T","R","M","M","?","E","R","BOSS","M","?","?","?","$","R","M","E"],"items_purchased_type":["Card"],"build_version":"2020-12-22","purchased_purges":4,"victory":false,"max_hp_per_floor":[75,75,75,75,75,75,75,75,75,75,75,75,80,80,80,80,80,80,80,80,80,80,80,80,80,80],"card_choices":[{"not_picked":["Hemokinesis","Cleave"],"picked":"True Grit","floor":1.0},{"not_picked":["Warcry","Pommel Strike"],"picked":"Carnage","floor":4.0},{"not_picked":["Wild Strike","Infernal Blade"],"picked":"Exhume","floor":6.0},{"not_picked":["Searing Blow","Hemokinesis"],"picked":"Seeing Red","floor":11.0},{"not_picked":["Iron Wave","Armaments"],"picked":"Uppercut","floor":12.0},{"not_picked":["Armaments","Disarm"],"picked":"Dark Embrace","floor":13.0},{"not_picked":["Headbutt","Sword Boomerang"],"picked":"Flame Barrier","floor":14.0},{"not_picked":["Berserk","Reaper"],"picked":"Barricade","floor":16.0},{"not_picked":["Seeing Red","Armaments","Clash+1"],"picked":"SKIP","floor":18.0},{"not_picked":["Thunderclap","Flex"],"picked":"Shrug It Off","floor":21.0},{"not_picked":["Pommel Strike","Disarm"],"picked":"Sentinel","floor":24.0}],"player_experience":452198,"relics_obtained":[{"floor":6.0,"key":"White Beast Statue"},{"floor":9.0,"key":"Ornamental Fan"},{"floor":14.0,"key":"Bottled Lightning"}],"event_choices":[{"cards_removed":["Strike_R"],"damage_healed":0.0,"max_hp_gain":0.0,"max_hp_loss":0.0,"gold_gain":0.0,"event_name":"Golden Wing","player_choice":"Card Removal","floor":3.0,"gold_loss":0.0,"damage_taken":7.0},{"damage_healed":0.0,"max_hp_gain":0.0,"max_hp_loss":0.0,"gold_gain":50.0,"event_name":"Golden Shrine","player_choice":"Pray","floor":5.0,"gold_loss":0.0,"damage_taken":0.0},{"damage_healed":0.0,"max_hp_gain":0.0,"max_hp_loss":0.0,"gold_gain":275.0,"event_name":"Golden Shrine","player_choice":"Desecrate","floor":20.0,"gold_loss":0.0,"damage_taken":0.0,"cards_obtained":["Regret"]}],"is_beta":false,"boss_relics":[{"not_picked":["Ectoplasm","Philosopher\u0027s Stone"],"picked":"Runic Pyramid"}],"items_purged_floors":[2,8,19,22],"is_endless":false,"potions_floor_spawned":[11,12,13,14,16,18,21,24],"killed_by":"Book of Stabbing","ascension_level":19}}