{"host":"oz0pggj2hm8unbm6","time":1613291289,"event":{"mods":["BaseMod","BetterRewards","Hubris","Minty Spire (QoL Compilation)","StSLib"],"gold_per_floor":[115,129,142,152,152,152,152,152,152,152,166,186,204,216,216,316,316,335,354,354,368,385,413,527,537,589,514,514,548,548,240,240,240,240],"floor_reached":33,"language":"ENG","playtime":2212,"items_purged":["Defend_B"],"score":283,"play_id":"badf5f70-9fb0-4419-bbda-79b38acd1143","local_time":"20210213222809","is_ascension_mode":false,"campfire_choices":[{"data":"Zap","floor":6,"key":"SMITH"},{"data":"Dualcast","floor":8,"key":"SMITH"},{"data":"Beam Cell","floor":10,"key":"SMITH"},{"data":"Genetic Algorithm","floor":15,"key":"SMITH"},{"floor":28,"key":"REST"},{"data":"hubris:PowerSurge","floor":30,"key":"SMITH"},{"floor":32,"key":"REST"}],"circlet_count":0,"master_deck":["Strike_B","Strike_B","Defend_B","Zap+1","Dualcast+1","Cold Snap","Rebound","Beam Cell+1","Ball Lightning","Reinforced Body","Steam","Genetic Algorithm+1","Sunder","Seek","Genetic Algorithm+1","hubris:SpecializedCircuitry+1","Streamline+1","Self Repair","Auto Shields","hubris:PowerSurge+1","Conserve Battery","Glacier","Consume","Madness","hubris:NaturalOne"],"relics":["Cracked Core","NeowsBlessing","hubris:Icosahedron","PreservedInsect","Astrolabe","hubris:AstralHammer","hubris:TenFootPole","Lantern","Art of War","Chemical X"],"acts_visited":["Exordium","TheCity"],"potions_floor_usage":[14,14,16,19,21,22,33],"damage_taken":[{"damage":0,"enemies":"2 Louse","floor":1,"turns":1},{"damage":0,"enemies":"Small Slimes","floor":2,"turns":1},{"damage":0,"enemies":"Cultist","floor":3,"turns":1},{"damage":11,"enemies":"Large Slime","floor":4,"turns":4},{"damage":3,"enemies":"Red Slaver","floor":11,"turns":2},{"damage":2,"enemies":"2 Fungi Beasts","floor":12,"turns":2},{"damage":3,"enemies":"Looter","floor":13,"turns":2},{"damage":0,"enemies":"Exordium Wildlife","floor":14,"turns":3},{"damage":26,"enemies":"Hexaghost","floor":16,"turns":9},{"damage":9,"enemies":"Chosen","floor":18,"turns":4},{"damage":14,"enemies":"Spheric Guardian","floor":19,"turns":5},{"damage":1,"enemies":"Snecko","floor":21,"turns":4},{"damage":3,"enemies":"3 Cultists","floor":22,"turns":5},{"damage":48,"enemies":"Book of Stabbing","floor":23,"turns":6},{"damage":0,"enemies":"Chosen and Byrds","floor":24,"turns":5},{"damage":25,"enemies":"Snake Plant","floor":25,"turns":4},{"damage":27,"enemies":"Slavers","floor":29,"turns":4},{"damage":76,"enemies":"Collector","floor":33,"turns":7}],"seed_played":"-2082620443098379632","potions_obtained":[{"floor":4,"key":"SpeedPotion"},{"floor":11,"key":"Regen Potion"},{"floor":13,"key":"Fire Potion"},{"floor":14,"key":"Fruit Juice"},{"floor":18,"key":"Fire Potion"},{"floor":21,"key":"Ancient Potion"},{"floor":24,"key":"Energy Potion"},{"floor":25,"key":"AttackPotion"}],"is_trial":false,"path_per_floor":["M","M","M","M","?","R","?","R","T","R","M","M","M","M","R","B",null,"M","M","?","M","M","E","M","M","T","?","R","E","R","$","R","B"],"character_chosen":"DEFECT","items_purchased":["Chemical X","Madness"],"campfire_rested":2,"item_purchase_floors":[31,31],"current_hp_per_floor":[75,75,75,64,69,69,69,69,69,69,66,64,61,66,66,40,85,76,69,69,68,84,43,50,32,32,32,57,30,30,30,55,0,0],"gold":240,"neow_bonus":"THREE_ENEMY_KILL","is_daily":false,"chose_seed":false,"campfire_upgraded":5,"win_rate":0.0,"timestamp":1613291289,"path_taken":["M","M","M","M","?","R","?","R","T","R","M","M","M","M","R","BOSS","M","M","?","M","M","E","M","M","T","?","R","E","R","$","R","BOSS"],"items_purchased_type":["Relic","Card"],"build_version":"2020-12-22","purchased_purges":1,"victory":false,"max_hp_per_floor":[75,75,75,75,80,80,80,80,80,80,80,80,80,85,85,85,85,85,85,85,85,85,85,85,85,85,85,85,85,85,85,85,85,85],"card_choices":[{"not_picked":["Stack","Lockon"],"picked":"Cold Snap","floor":1},{"not_picked":["Leap","All For One"],"picked":"Rebound","floor":2},{"not_picked":["Stack","Rebound"],"picked":"Beam Cell","floor":3},{"not_picked":["Reprogram","Sweeping Beam"],"picked":"Ball Lightning","floor":4},{"not_picked":["Melter","hubris:SpecializedCircuitry"],"picked":"Reinforced Body","floor":11},{"not_picked":["BootSequence","Streamline"],"picked":"Steam","floor":12},{"not_picked":["Capacitor","Scrape"],"picked":"Genetic Algorithm","floor":13},{"not_picked":["Go for the Eyes","Sweeping Beam"],"picked":"Sunder","floor":14},{"not_picked":["Core Surge","Fission"],"picked":"Seek","floor":16},{"not_picked":["Undo","Streamline+1"],"picked":"Self Repair","floor":18},{"not_picked":["Self Repair","Coolheaded"],"picked":"Auto Shields","floor":19},{"not_picked":["Static Discharge","Blizzard"],"picked":"hubris:PowerSurge","floor":21},{"not_picked":["Auto Shields","Gash"],"picked":"Conserve Battery","floor":22},{"not_picked":["Chill","Hyperbeam","FTL"],"picked":"SKIP","floor":23},{"not_picked":["Static Discharge","Barrage","Hologram"],"picked":"SKIP","floor":24},{"not_picked":["Conserve Battery","Turbo"],"picked":"Glacier","floor":25},{"not_picked":["Turbo+1","Static Discharge+1"],"picked":"Consume","floor":29}],"player_experience":136937,"relics_obtained":[{"floor":9,"key":"PreservedInsect"},{"floor":23,"key":"hubris:TenFootPole"},{"floor":26,"key":"Lantern"},{"floor":29,"key":"Art of War"}],"event_choices":[{"damage_healed":0,"gold_gain":0,"player_choice":"Donut","damage_taken":0,"max_hp_gain":5,"max_hp_loss":0,"event_name":"Big Fish","floor":5,"gold_loss":0},{"damage_healed":0,"gold_gain":0,"player_choice":"Opened","damage_taken":0,"relics_obtained":["hubris:AstralHammer"],"max_hp_gain":0,"max_hp_loss":0,"event_name":"The Mausoleum","floor":20,"gold_loss":0},{"cards_removed":["Defend_B"],"damage_healed":0,"gold_gain":0,"player_choice":"Gave Gold","damage_taken":0,"max_hp_gain":0,"max_hp_loss":0,"event_name":"Beggar","floor":27,"gold_loss":75}],"is_beta":false,"boss_relics":[{"not_picked":["Cursed Key","Snecko Eye"],"picked":"Astrolabe"}],"items_purged_floors":[31],"is_endless":false,"potions_floor_spawned":[4,11,13,14,18,21,24,25,29],"killed_by":"Collector","ascension_level":0}}