{"host":"k1qq3tnzhl68zvao","time":1613338714,"event":{"mods":["ATMod(阿瑾Mod)","AchievementEnabler","BaseMod","Colored Powertips","Conspire","DeckTracker","Downfall","Energized Spire","GifTheSpireLib","Minty Spire (QoL Compilation)","Quick Restart","Relic Filter Mod","Replay The Spire","Spicy Shops","StSLib","【遗物卡牌】REMEMod"],"gold_per_floor":[112,127,127,168,8,8,43,73,100,100,25,57,57,106,106,194,194,227,251,251,151,151,194,217,267,267,308,349,375,404,448,448,552,502,532,323,1322,1351,1351,1401,1401,1454,1454,1454,1481,187,217,107,107,129,129,129,48,95,131],"floor_reached":56,"language":"ZHS","playtime":2640,"items_purged":["Defend_R","Strike_R","Strike_R","Strike_R"],"score":2634,"play_id":"bdee6776-9b38-4276-a111-42b3ad911124","local_time":"20210215053834","is_ascension_mode":true,"campfire_choices":[{"floor":6.0,"key":"REST"},{"data":"Armaments","floor":13.0,"key":"SMITH"},{"data":"AT_BreakingExtremeWeapon","floor":15.0,"key":"SMITH"},{"data":"ReplayTheSpireMod:Strike From Hell","floor":32.0,"key":"SMITH"},{"data":"REME_ACTH","floor":41,"key":"SMITH"},{"data":"ReplayTheSpireMod:Strike From Hell","floor":44,"key":"SMITH"},{"floor":49,"key":"RECALL"},{"data":"Replay:BasicMightCard","floor":52,"key":"SMITH"}],"circlet_count":0,"master_deck":["AscendersBane","Strike_R","Strike_R+1","Defend_R","Defend_R","Bash+1","AT_BreakingExtremeWeapon+1","champ:StrikeOfGenius+1","Twin Strike","Carnage","Limit Break","Armaments+1","REME_ACTH+1","ReplayTheSpireMod:Strike From Hell+1","ReplayTheSpireMod:Strike From Hell+1","REME_Cut","Flash of Steel","Thinking Ahead","Replay:BasicMightCard+1","Corruption"],"relics":["Burning Blood","AT_ATBox","REME_ComplimentaryCards","Replay:Rubber Ducky","Pet Ghost","Replay:Bandana","Nunchaku","Champion Belt","Black Star","MealTicket","InkBottle","Blue Candle","Du-Vu Doll","Omamori","AT_EbonyIvory","Chameleon Ring","Gremlin Food","AT_ForceNature","energizedSpire:HugeHouse","OrangePellets","Orichalcum","Bag of Preparation","AT_TimeSand","Replay:Bottled Flurry","HornCleat","Toolbox","ReplayTheSpireMod:ShopPack","Question Card","Pen Nib","HandDrill","Ginger","StoneCalendar"],"acts_visited":["Exordium","TheCity","TheBeyond","TheEnding"],"potions_floor_usage":[],"damage_taken":[{"damage":6.0,"enemies":"Cultist","floor":1.0,"turns":3.0},{"damage":12.0,"enemies":"Small Slimes","floor":2.0,"turns":3.0},{"damage":21.0,"enemies":"conspire:MimicChest","floor":4.0,"turns":5.0},{"damage":9.0,"enemies":"3 Sentries","floor":7.0,"turns":4.0},{"damage":7.0,"enemies":"2 Louse","floor":8.0,"turns":2.0},{"damage":5.0,"enemies":"Blue Slaver","floor":12.0,"turns":3.0},{"damage":2.0,"enemies":"Gremlin Nob","floor":14.0,"turns":3.0},{"damage":0.0,"enemies":"Slime Boss","floor":16.0,"turns":2.0},{"damage":0.0,"enemies":"conspire:FuzzyDice","floor":18.0,"turns":4.0},{"damage":9.0,"enemies":"2 Thieves","floor":19.0,"turns":3.0},{"damage":0.0,"enemies":"conspire:Head Lice","floor":23.0,"turns":4.0},{"damage":0.0,"enemies":"Centurion and Healer","floor":24.0,"turns":2.0},{"damage":26.0,"enemies":"Slavers","floor":25.0,"turns":3.0},{"damage":0.0,"enemies":"conspire:Head Lice","floor":27.0,"turns":2.0},{"damage":7.0,"enemies":"3 Cultists","floor":28.0,"turns":3.0},{"damage":0.0,"enemies":"Shelled Parasite and Fungi","floor":29.0,"turns":1.0},{"damage":15.0,"enemies":"Sentry and Sphere","floor":30.0,"turns":4.0},{"damage":0.0,"enemies":"Replay:Snechameleon","floor":31.0,"turns":1.0},{"damage":8.0,"enemies":"Champ","floor":33.0,"turns":3.0},{"damage":14.0,"enemies":"Orb Walker","floor":35.0,"turns":3.0},{"damage":6.0,"enemies":"3 Darklings","floor":38.0,"turns":2.0},{"damage":0.0,"enemies":"Giant Head","floor":40.0,"turns":2.0},{"damage":14,"enemies":"R_Hoarder","floor":42,"turns":4},{"damage":4,"enemies":"Sphere and 2 Shapes","floor":47,"turns":3},{"damage":0,"enemies":"Donu and Deca","floor":50,"turns":1},{"damage":0,"enemies":"Shield and Spear","floor":54,"turns":1},{"damage":16,"enemies":"The Heart","floor":55,"turns":3}],"seed_played":"1557970800095156196","potions_obtained":[{"floor":7.0,"key":"Fire Potion"},{"floor":16.0,"key":"FearPotion"},{"floor":19.0,"key":"Weak Potion"},{"floor":27.0,"key":"Dexterity Potion"},{"floor":31.0,"key":"AttackPotion"},{"floor":35.0,"key":"Elixir"},{"floor":40,"key":"SpeedPotion"},{"floor":42,"key":"BloodPotion"}],"is_trial":false,"path_per_floor":["M","M","?","?","$","R","E","M","T","?","?","M","R","E","R","B",null,"M","M","?","$","?","E","M","E","T","E","M","M","M","E","R","B",null,"M","$","?","M","?","E","R","E","T","R","T","$","M","?","R","B",null,"R","$","E","B",null],"character_chosen":"IRONCLAD","items_purchased":["Pet Ghost","OrangePellets","HornCleat","Toolbox","Adrenaline Potion","ReplayTheSpireMod:ShopPack","Question Card","Pen Nib","HandDrill"],"campfire_rested":1,"item_purchase_floors":[5,36,46,46,46,46,46,46,53],"current_hp_per_floor":[75,69,44,29,29,53,50,49,49,44,44,45,45,49,49,55,75,81,78,78,78,54,60,66,46,46,52,51,57,48,54,54,52,75,67,82,82,82,77,82,82,74,74,74,74,82,82,82,82,82,82,82,82,82,72],"gold":131,"neow_bonus":"TEN_PERCENT_HP_BONUS","is_daily":false,"chose_seed":false,"campfire_upgraded":6,"win_rate":0.0,"timestamp":1613338714,"path_taken":["M","M","?","?","$","R","E","M","T","?","?","M","R","E","R","BOSS","M","M","?","$","?","E","M","E","T","E","M","M","M","E","R","BOSS","M","$","?","M","?","E","R","E","T","R","?","$","M","?","R","BOSS","R","$","E","BOSS"],"items_purchased_type":["Relic","Relic","Relic","Relic","Potion","Relic","Relic","Relic","Relic"],"build_version":"2020-12-22","purchased_purges":4,"victory":true,"max_hp_per_floor":[82,82,82,82,82,82,82,82,82,82,82,82,82,82,82,82,82,82,82,82,82,87,87,87,87,87,87,87,87,87,87,87,87,82,82,82,82,82,82,82,82,82,82,82,82,82,82,82,82,82,82,82,82,82,82],"card_choices":[{"not_picked":["Wild Strike","Life Link"],"picked":"Twin Strike","floor":1.0},{"not_picked":["Power Through","Clash"],"picked":"Carnage","floor":2.0},{"not_picked":["Twin Strike","AT_CaressingTears","Perfected Strike"],"picked":"SKIP","floor":7.0},{"not_picked":["Massacre","AT_ManFootWork"],"picked":"Limit Break","floor":8.0},{"not_picked":["Sentinel","Perfected Strike"],"picked":"Armaments","floor":12.0},{"not_picked":["Perfected Strike","Clothesline","Hemogenesis"],"picked":"SKIP","floor":14.0},{"not_picked":["Berserk","Barricade"],"picked":"REME_ACTH","floor":16.0},{"not_picked":["Armaments","Iron Wave","Abandon+1"],"picked":"SKIP","floor":18.0},{"not_picked":["Thunderclap","Sword Boomerang","Dark Embrace"],"picked":"SKIP","floor":19.0},{"not_picked":["AT_BodySlamDance+1","Anger+1","ReplayTheSpireMod:Muscle Training"],"picked":"SKIP","floor":23.0},{"not_picked":["Twin Strike","Infernal Blade+1","Dual Wield"],"picked":"SKIP","floor":24.0},{"not_picked":["Run Through","Body Slam"],"picked":"ReplayTheSpireMod:Strike From Hell","floor":25.0},{"not_picked":["Feed","Clash","Wild Strike+1"],"picked":"SKIP","floor":27.0},{"not_picked":["Wild Strike+1","AT_CaressingTears"],"picked":"ReplayTheSpireMod:Strike From Hell","floor":28.0},{"not_picked":["ReplayTheSpireMod:Corrosion Curse","Anger","ReplayTheSpireMod:Limb From Limb+1"],"picked":"SKIP","floor":29.0},{"not_picked":["REME_FearOfPain","Replay:Undeath\u0027s Touch","Perfected Strike"],"picked":"SKIP","floor":30.0},{"not_picked":["Entrench","conspire:Charge"],"picked":"Battle Trance+1","floor":31.0},{"not_picked":["ReplayTheSpireMod:Stacked","Cleave","Clothesline+1"],"picked":"SKIP","floor":35.0},{"not_picked":["Fire Breathing","ReplayTheSpireMod:Stacked","AT_BodySlamDance"],"picked":"SKIP","floor":38.0},{"not_picked":["Panacea","REME_FirmDetermination"],"picked":"Flash of Steel","floor":39.0},{"not_picked":["Replay:Many Hands","AT_DiedThrough+1","Inflame"],"picked":"SKIP","floor":40},{"not_picked":["Infernal Blade+1","Anger","Spot Weakness"],"picked":"SKIP","floor":42},{"not_picked":["Panache","REME_Flogging","REME_HeartOfCthun"],"picked":"Thinking Ahead","floor":46},{"not_picked":["Specialist","Impatience","Discovery"],"picked":"Replay:BasicMightCard","floor":46},{"not_picked":["Havoc","Inflame","AT_ShrugMaster"],"picked":"Corruption","floor":47},{"not_picked":["Flex+1","Blood for Blood","Twin Strike","Massacre"],"picked":"SKIP","floor":54}],"player_experience":589753,"relics_obtained":[{"floor":4.0,"key":"Replay:Rubber Ducky"},{"floor":7.0,"key":"Replay:Bandana"},{"floor":9.0,"key":"Nunchaku"},{"floor":14.0,"key":"Champion Belt"},{"floor":23.0,"key":"MealTicket"},{"floor":23.0,"key":"InkBottle"},{"floor":25.0,"key":"Blue Candle"},{"floor":25.0,"key":"Du-Vu Doll"},{"floor":26.0,"key":"Omamori"},{"floor":27.0,"key":"AT_EbonyIvory"},{"floor":27.0,"key":"Chameleon Ring"},{"floor":31.0,"key":"Gremlin Food"},{"floor":31.0,"key":"AT_ForceNature"},{"floor":40,"key":"Orichalcum"},{"floor":42,"key":"Bag of Preparation"},{"floor":42,"key":"AT_TimeSand"},{"floor":43,"key":"Replay:Bottled Flurry"},{"floor":54,"key":"Ginger"},{"floor":54,"key":"StoneCalendar"}],"event_choices":[{"damage_healed":0.0,"max_hp_gain":0.0,"max_hp_loss":0.0,"gold_gain":0.0,"event_name":"Shining Light","player_choice":"Entered Light","floor":3.0,"gold_loss":0.0,"damage_taken":25.0,"cards_upgraded":["Strike_R","champ:StrikeOfGenius"]},{"damage_healed":0.0,"max_hp_gain":0.0,"max_hp_loss":0.0,"gold_gain":0.0,"event_name":"conspire:Investor","player_choice":"Leave","floor":10.0,"gold_loss":0.0,"damage_taken":0.0},{"cards_removed":["Defend_R"],"damage_healed":0.0,"max_hp_gain":0.0,"max_hp_loss":0.0,"gold_gain":0.0,"event_name":"The Cleric","player_choice":"Card Removal","floor":11.0,"gold_loss":75.0,"damage_taken":0.0},{"damage_healed":0.0,"max_hp_gain":0.0,"max_hp_loss":0.0,"gold_gain":0.0,"event_name":"Ghosts","player_choice":"Ignored","floor":20.0,"gold_loss":0.0,"damage_taken":0.0},{"damage_healed":0.0,"max_hp_gain":5.0,"max_hp_loss":0.0,"gold_gain":0.0,"event_name":"Forgotten Altar","player_choice":"Shed Blood","floor":22.0,"gold_loss":0.0,"damage_taken":29.0},{"damage_healed":0.0,"max_hp_gain":0.0,"max_hp_loss":0.0,"gold_gain":999.0,"event_name":"MindBloom","player_choice":"Gold","floor":37.0,"gold_loss":0.0,"damage_taken":0.0,"cards_obtained":["Normality","Normality"]},{"damage_healed":0.0,"max_hp_gain":0.0,"max_hp_loss":0.0,"gold_gain":0.0,"event_name":"SensoryStone","player_choice":"Memory 3","floor":39.0,"gold_loss":0.0,"damage_taken":10.0},{"cards_removed":["Strike_R"],"damage_healed":0,"gold_gain":0,"player_choice":"Upgrade and Remove","damage_taken":0,"max_hp_gain":0,"max_hp_loss":0,"event_name":"Designer","floor":48,"gold_loss":110,"cards_upgraded":["Bash"]}],"is_beta":false,"boss_relics":[{"not_picked":["conspire:SeveredTorchhead","Coffee Dripper"],"picked":"Black Star"},{"not_picked":["REME_DuelDisc","REME_ChargedStone"],"picked":"energizedSpire:HugeHouse"}],"items_purged_floors":[5,21,36,46],"is_endless":false,"potions_floor_spawned":[7,16,19,23,27,28,31,35,40,42],"ascension_level":16}}