{"host":"ifvrsrzj00f2ebkn","time":1613318479,"event":{"mods":["BaseMod","Colored Map","Colored Powertips","Minty Spire (QoL Compilation)","Random Character Button","StSLib"],"gold_per_floor":[113,113,188,33,56,56,56,87,87,126,26,67,67,102,102,225,225,241,261,261,136,169,204,6,49,75,106,120,155,155,194,194,318,318,341,341,9,9,42,78,117,160,160,198,219,254,273,308,308,308],"floor_reached":51,"language":"ENG","playtime":6606,"items_purged":["Injury","Sucker Punch","Sucker Punch","Uppercut+1","Acrobatics"],"score":1530,"play_id":"1610ce07-fd95-4d53-8ed2-9e34891dde15","local_time":"20210215000119","daily_mods":["Draft","Red Cards","Green Cards","Blue Cards","Colorless Cards","Heirloom","Time Dilation","Flight","DeadlyEvents","Elite Swarm"],"is_ascension_mode":true,"campfire_choices":[{"data":"Uppercut","floor":6,"key":"SMITH"},{"data":"Self Repair","floor":7,"key":"SMITH"},{"data":"Body Slam","floor":13,"key":"SMITH"},{"data":"Body Slam","floor":15,"key":"SMITH"},{"data":"Conserve Battery","floor":30,"key":"SMITH"},{"data":"Barricade","floor":32,"key":"SMITH"},{"data":"Steam","floor":49,"key":"SMITH"}],"circlet_count":0,"master_deck":["Dual Wield+1","Body Slam+1","Conserve Battery+1","Steam+1","Twin Strike","Turbo","Caltrops","Shrug It Off","Leap","Self Repair+1","Bloodletting+1","Body Slam+1","Twin Strike","Barricade+1","Steam","Backflip","Hyperbeam","Acrobatics+1","Barricade","Juggernaut","After Image","Apotheosis+1","Glacier+1","Impervious+1"],"relics":["Burning Blood","Unceasing Top","Golden Idol","Oddly Smooth Stone","Red Skull","Art of War","Pear","Omamori","Centennial Puzzle","SlaversCollar","MealTicket","Matryoshka","Ginger","Anchor","Blood Vial","Pen Nib","Bottled Lightning","Bird Faced Urn","Ornamental Fan","Black Star","War Paint","Question Card","Toxic Egg 2","Regal Pillow","Nunchaku","Gremlin Horn","Magic Flower","Molten Egg 2","Dead Branch","Bag of Marbles","Sundial","InkBottle","Orichalcum","Strawberry","Lantern","Frozen Egg 2","Meat on the Bone"],"acts_visited":["Exordium","TheCity","TheBeyond"],"potions_floor_usage":[16,16,22,22,42,50],"damage_taken":[{"damage":9,"enemies":"Jaw Worm","floor":1,"turns":3},{"damage":7,"enemies":"Lagavulin","floor":8,"turns":6},{"damage":6,"enemies":"Gremlin Nob","floor":10,"turns":3},{"damage":14,"enemies":"3 Sentries","floor":12,"turns":9},{"damage":15,"enemies":"Lagavulin","floor":14,"turns":8},{"damage":39,"enemies":"Hexaghost","floor":16,"turns":5},{"damage":19,"enemies":"3 Byrds","floor":18,"turns":7},{"damage":3,"enemies":"Chosen","floor":19,"turns":5},{"damage":50,"enemies":"Gremlin Leader","floor":22,"turns":7},{"damage":29,"enemies":"Slavers","floor":23,"turns":4},{"damage":14,"enemies":"Gremlin Leader","floor":25,"turns":4},{"damage":6,"enemies":"Slavers","floor":27,"turns":3},{"damage":14,"enemies":"Snake Plant","floor":28,"turns":2},{"damage":0,"enemies":"Gremlin Leader","floor":29,"turns":2},{"damage":7,"enemies":"Slavers","floor":31,"turns":3},{"damage":6,"enemies":"Collector","floor":33,"turns":3},{"damage":9,"enemies":"3 Shapes","floor":35,"turns":4},{"damage":3,"enemies":"Giant Head","floor":39,"turns":6},{"damage":3,"enemies":"Nemesis","floor":40,"turns":3},{"damage":9,"enemies":"Reptomancer","floor":41,"turns":3},{"damage":36,"enemies":"Nemesis","floor":42,"turns":7},{"damage":0,"enemies":"Reptomancer","floor":44,"turns":2},{"damage":3,"enemies":"3 Darklings","floor":45,"turns":1},{"damage":3,"enemies":"Nemesis","floor":46,"turns":3},{"damage":0,"enemies":"Jaw Worm Horde","floor":47,"turns":1},{"damage":6,"enemies":"Reptomancer","floor":48,"turns":2},{"damage":3,"enemies":"Time Eater","floor":50,"turns":4}],"seed_played":"-7984762142506590645","potions_obtained":[{"floor":1,"key":"BlessingOfTheForge"},{"floor":10,"key":"FearPotion"},{"floor":18,"key":"GamblersBrew"},{"floor":19,"key":"Regen Potion"},{"floor":22,"key":"DuplicationPotion"},{"floor":29,"key":"Swift Potion"},{"floor":40,"key":"SpeedPotion"},{"floor":47,"key":"Energy Potion"}],"is_trial":true,"path_per_floor":["M","?","?","$","T","R","R","E","T","E","$","E","R","E","R","B",null,"M","M","T","$","E","E","$","E","T","E","M","E","R","E","R","B",null,"M","?","$","?","E","E","E","E","T","E","M","E","M","E","R","B",null],"character_chosen":"IRONCLAD","items_purchased":["Uppercut","Backflip","War Paint"],"campfire_rested":0,"item_purchase_floors":[4,24,37],"current_hp_per_floor":[80,80,69,69,69,69,69,78,78,90,90,90,90,90,90,67,84,81,90,90,90,68,55,70,72,72,84,88,90,90,90,90,90,90,90,90,90,85,85,85,85,76,76,85,85,92,92,92,92,92],"gold":308,"neow_bonus":"","is_daily":false,"chose_seed":false,"campfire_upgraded":7,"win_rate":0.0,"timestamp":1613318479,"path_taken":["M","?","?","$","?","R","R","E","T","E","$","E","R","E","R","BOSS","M","M","?","$","?","E","$","E","T","E","?","E","R","E","R","BOSS","M","?","$","?","?","E","E","E","T","E","?","E","?","E","R","BOSS"],"items_purchased_type":["Card","Card","Relic"],"build_version":"2020-12-22","purchased_purges":5,"victory":true,"max_hp_per_floor":[80,80,80,80,80,80,80,80,80,90,90,90,90,90,90,90,90,90,90,90,90,90,90,90,90,90,90,90,90,90,90,90,90,90,90,90,90,85,85,85,85,85,85,85,85,92,92,92,92,92],"card_choices":[{"not_picked":["Consume","Disarm"],"picked":"Dual Wield","floor":0},{"not_picked":["PiercingWail","Beam Cell"],"picked":"Body Slam","floor":0},{"not_picked":["Hemokinesis","Skim"],"picked":"Conserve Battery","floor":0},{"not_picked":["Bane","Wild Strike"],"picked":"Sucker Punch","floor":0},{"not_picked":["Dagger Spray","Thunderclap"],"picked":"Steam","floor":0},{"not_picked":["Heavy Blade","Second Wind"],"picked":"Twin Strike","floor":0},{"not_picked":["Blood for Blood","Stack"],"picked":"Sucker Punch","floor":0},{"not_picked":["Wild Strike","Beam Cell"],"picked":"Turbo","floor":0},{"not_picked":["Genetic Algorithm","Recycle"],"picked":"Caltrops","floor":0},{"not_picked":["Headbutt","Second Wind"],"picked":"Shrug It Off","floor":0},{"not_picked":["Bane","FTL"],"picked":"Leap","floor":0},{"not_picked":["Sweeping Beam","Poisoned Stab"],"picked":"Self Repair","floor":0},{"not_picked":["Havoc","Blade Dance"],"picked":"Bloodletting","floor":0},{"not_picked":["Ball Lightning","White Noise"],"picked":"Acrobatics","floor":0},{"not_picked":["Go for the Eyes","Poisoned Stab"],"picked":"Body Slam","floor":0},{"not_picked":["Tempest","Prepared"],"picked":"Twin Strike","floor":1},{"not_picked":["Fission","Machine Learning","Grand Finale"],"picked":"SKIP","floor":8},{"not_picked":["Juggernaut","Panache"],"picked":"Barricade","floor":10},{"not_picked":["A Thousand Cuts","Exhume","Brutality"],"picked":"SKIP","floor":12},{"not_picked":["Sadistic Nature","Secret Weapon","A Thousand Cuts"],"picked":"SKIP","floor":14},{"not_picked":["Terror+1","Static Discharge","PiercingWail"],"picked":"SKIP","floor":18},{"not_picked":["Prepared","Gash+1"],"picked":"Steam","floor":19},{"not_picked":["Grand Finale","Brutality","Unload"],"picked":"SKIP","floor":22},{"not_picked":["Grand Finale","Brutality","Unload"],"picked":"SKIP","floor":22},{"not_picked":["Multi-Cast","Machine Learning","Violence"],"picked":"SKIP","floor":23},{"not_picked":["Bludgeon","Fiend Fire"],"picked":"Hyperbeam","floor":25},{"not_picked":["HandOfGreed","Seek","Secret Technique"],"picked":"SKIP","floor":27},{"not_picked":["Underhanded Strike","Aggregate"],"picked":"Acrobatics+1","floor":28},{"not_picked":["Doppelganger","Metamorphosis","Creative AI"],"picked":"SKIP","floor":29},{"not_picked":["Bullet Time","Night Terror"],"picked":"Barricade","floor":31},{"not_picked":["Seek","Envenom"],"picked":"Juggernaut","floor":33},{"not_picked":["Wild Strike+1","Sucker Punch","Flechettes+1"],"picked":"SKIP","floor":35},{"not_picked":["Fiend Fire","Violence+1","Demon Form"],"picked":"SKIP","floor":39},{"not_picked":["Fiend Fire","Violence+1","Demon Form"],"picked":"SKIP","floor":39},{"not_picked":["Phantasmal Killer+1","Malaise+1","Sadistic Nature"],"picked":"After Image","floor":40},{"not_picked":["Multi-Cast+1","Feed","Reboot+1"],"picked":"Apotheosis+1","floor":41},{"not_picked":["Magnetism","Envenom","Amplify+1","Grand Finale+1"],"picked":"SKIP","floor":42},{"not_picked":["Doppelganger+1","Buffer","Multi-Cast+1","Magnetism"],"picked":"SKIP","floor":44},{"not_picked":["Skim+1","Heavy Blade+1","Acrobatics+1"],"picked":"Glacier+1","floor":45},{"not_picked":["Secret Technique+1","Burst+1","A Thousand Cuts","Machine Learning"],"picked":"SKIP","floor":46},{"not_picked":["Ball Lightning+1","All Out Attack+1","Sweeping Beam+1","Slice+1"],"picked":"SKIP","floor":47},{"not_picked":["Fission+1","Storm of Steel+1","Creative AI+1"],"picked":"Impervious+1","floor":48}],"player_experience":49285,"relics_obtained":[{"floor":5,"key":"Oddly Smooth Stone"},{"floor":8,"key":"Red Skull"},{"floor":9,"key":"Art of War"},{"floor":10,"key":"Pear"},{"floor":12,"key":"Omamori"},{"floor":14,"key":"Centennial Puzzle"},{"floor":20,"key":"MealTicket"},{"floor":22,"key":"Matryoshka"},{"floor":23,"key":"Ginger"},{"floor":25,"key":"Anchor"},{"floor":26,"key":"Blood Vial"},{"floor":26,"key":"Pen Nib"},{"floor":27,"key":"Bottled Lightning"},{"floor":29,"key":"Bird Faced Urn"},{"floor":31,"key":"Ornamental Fan"},{"floor":39,"key":"Question Card"},{"floor":39,"key":"Toxic Egg 2"},{"floor":40,"key":"Regal Pillow"},{"floor":40,"key":"Nunchaku"},{"floor":41,"key":"Gremlin Horn"},{"floor":41,"key":"Magic Flower"},{"floor":42,"key":"Molten Egg 2"},{"floor":42,"key":"Dead Branch"},{"floor":43,"key":"Bag of Marbles"},{"floor":43,"key":"Sundial"},{"floor":44,"key":"InkBottle"},{"floor":44,"key":"Orichalcum"},{"floor":46,"key":"Strawberry"},{"floor":46,"key":"Lantern"},{"floor":48,"key":"Frozen Egg 2"},{"floor":48,"key":"Meat on the Bone"}],"event_choices":[{"damage_healed":0,"gold_gain":0,"player_choice":"Take Wound","damage_taken":0,"relics_obtained":["Golden Idol"],"max_hp_gain":0,"max_hp_loss":0,"event_name":"Golden Idol","floor":2,"gold_loss":0,"cards_obtained":["Injury"]},{"damage_healed":0,"gold_gain":75,"player_choice":"Gather Gold","damage_taken":11,"max_hp_gain":0,"max_hp_loss":0,"event_name":"World of Goop","floor":3,"gold_loss":0},{"damage_healed":0,"gold_gain":0,"player_choice":"Ignored","damage_taken":0,"max_hp_gain":0,"max_hp_loss":0,"event_name":"Tomb of Lord Red Mask","floor":36,"gold_loss":0},{"damage_healed":0,"gold_gain":0,"player_choice":"Max HP","damage_taken":0,"max_hp_gain":0,"max_hp_loss":5,"event_name":"Winding Halls","floor":38,"gold_loss":0}],"is_beta":false,"boss_relics":[{"not_picked":["Black Blood","Coffee Dripper"],"picked":"SlaversCollar"},{"not_picked":["Astrolabe","Runic Cube"],"picked":"Black Star"}],"items_purged_floors":[4,11,21,24,37],"is_endless":false,"potions_floor_spawned":[1,10,18,19,22,29,40,41,45,47,48],"ascension_level":5}}