{"host":"p0hktren06injwdf","time":1613320547,"event":{"mods":["AchievementEnabler","BaseMod","Colored Map","DeckTracker","Minty Spire (QoL Compilation)","Permanent Neow","StSLib","SuperFastMode"],"gold_per_floor":[118,137,156,72,72,103,121,121,121,136,172,188,263,277,277,372,372,395,395,405,247,247,278,278,310,310,310,339,352,352,371,371,450,450,462,246,265,280,280,280,307,307,354,385,139,153,153,164,164,164,164,164],"floor_reached":51,"language":"KOR","playtime":1425,"items_purged":["Strike_B"],"score":1529,"play_id":"8322e8b1-fa74-47cb-b3ff-dc9fca501d9c","local_time":"20210215013546","is_ascension_mode":true,"campfire_choices":[{"data":"Apotheosis","floor":15.0,"key":"SMITH"},{"floor":27.0,"key":"REST"},{"floor":32.0,"key":"REST"},{"floor":40,"key":"REST"},{"floor":42,"key":"RECALL"},{"floor":47,"key":"REST"},{"floor":49,"key":"REST"}],"circlet_count":0,"master_deck":["AscendersBane","Strike_B","Strike_B","Strike_B","Defend_B","Defend_B","Defend_B","Defend_B","Zap","Dualcast","Apotheosis+1","BootSequence","Glacier","White Noise","FTL","Ball Lightning","Turbo+1","Aggregate","Ball Lightning","Glacier+1","Electrodynamics+1","Cold Snap","Heatsinks+1","Conserve Battery","Chill","Compile Driver","Biased Cognition+1","Biased Cognition+1","Hologram","Hello World+1","Rebound","Undo","Seek","Defragment+1","Coolheaded","Recycle+1","Storm+1","Defragment+1","Loop+1","Compile Driver"],"relics":["Cracked Core","Question Card","Bloody Idol","Kunai","Frozen Egg 2","Fusion Hammer","War Paint","Potion Belt","Prayer Wheel","Anchor","FaceOfCleric","Busted Crown","Ginger","PreservedInsect","FossilizedHelix","DollysMirror"],"acts_visited":["Exordium","TheCity","TheBeyond"],"potions_floor_usage":[33,51,51,51],"damage_taken":[{"damage":0.0,"enemies":"Cultist","floor":1.0,"turns":4.0},{"damage":0.0,"enemies":"2 Louse","floor":2.0,"turns":3.0},{"damage":1.0,"enemies":"Small Slimes","floor":3.0,"turns":3.0},{"damage":22.0,"enemies":"3 Sentries","floor":6.0,"turns":8.0},{"damage":10.0,"enemies":"Exordium Wildlife","floor":7.0,"turns":3.0},{"damage":3.0,"enemies":"Large Slime","floor":10.0,"turns":4.0},{"damage":0.0,"enemies":"Lagavulin","floor":11.0,"turns":7.0},{"damage":12.0,"enemies":"Exordium Thugs","floor":12.0,"turns":4.0},{"damage":0.0,"enemies":"3 Louse","floor":14.0,"turns":3.0},{"damage":18.0,"enemies":"The Guardian","floor":16.0,"turns":15.0},{"damage":1.0,"enemies":"2 Thieves","floor":18.0,"turns":4.0},{"damage":0.0,"enemies":"3 Byrds","floor":20.0,"turns":2.0},{"damage":31.0,"enemies":"Book of Stabbing","floor":23.0,"turns":6.0},{"damage":12.0,"enemies":"Slavers","floor":25.0,"turns":2.0},{"damage":8.0,"enemies":"Gremlin Leader","floor":28.0,"turns":6.0},{"damage":10.0,"enemies":"Shelled Parasite and Fungi","floor":29.0,"turns":4.0},{"damage":4.0,"enemies":"Snake Plant","floor":31.0,"turns":3.0},{"damage":49,"enemies":"Automaton","floor":33,"turns":11},{"damage":16,"enemies":"3 Darklings","floor":35,"turns":3},{"damage":0,"enemies":"Orb Walker","floor":37,"turns":3},{"damage":9,"enemies":"Transient","floor":38,"turns":6},{"damage":22,"enemies":"Nemesis","floor":41,"turns":9},{"damage":18,"enemies":"Giant Head","floor":44,"turns":8},{"damage":0,"enemies":"Writhing Mass","floor":46,"turns":5},{"damage":0,"enemies":"4 Shapes","floor":48,"turns":2},{"damage":52,"enemies":"Time Eater","floor":50,"turns":13},{"damage":22,"enemies":"Awakened One","floor":51,"turns":6}],"seed_played":"6032082804813233665","potions_obtained":[{"floor":2.0,"key":"Explosive Potion"},{"floor":12.0,"key":"Regen Potion"},{"floor":14.0,"key":"PotionOfCapacity"},{"floor":18.0,"key":"AttackPotion"},{"floor":25.0,"key":"FearPotion"},{"floor":29.0,"key":"SpeedPotion"},{"floor":35,"key":"SpeedPotion"},{"floor":37,"key":"Strength Potion"},{"floor":38,"key":"FearPotion"}],"is_trial":false,"path_per_floor":["M","M","M","$","?","E","M","?","T","M","E","M","?","M","R","B",null,"M","?","M","$","?","E","?","E","T","R","E","M","?","M","R","B",null,"M","$","M","M","?","R","E","R","T","E","$","M","R","M","R","B","B"],"character_chosen":"DEFECT","items_purchased":["FTL","Conserve Battery","Chill","Compile Driver","Defragment+1","Coolheaded","DollysMirror","Loop+1"],"campfire_rested":5,"item_purchase_floors":[4,21,21,21,36,36,45,45],"current_hp_per_floor":[64,64,63,63,68,46,36,36,36,33,33,21,10,10,10,7,49,48,48,53,53,53,27,27,20,20,38,35,30,30,32,51,8,51,41,41,47,44,44,63,47,47,52,40,40,46,66,69,69,18,0,0],"gold":164,"neow_bonus":"RANDOM_COLORLESS_2","is_daily":false,"chose_seed":false,"campfire_upgraded":1,"win_rate":0.0,"timestamp":1613320546,"path_taken":["M","M","M","$","?","E","M","?","T","M","E","M","?","M","R","BOSS","M","?","M","$","?","E","?","E","T","R","E","M","?","?","R","BOSS","M","$","M","M","?","R","E","R","T","E","$","M","R","M","R","BOSS","BOSS"],"items_purchased_type":["Card","Card","Card","Card","Card","Card","Relic","Card"],"build_version":"2020-12-22","purchased_purges":1,"victory":false,"max_hp_per_floor":[64,64,64,64,69,69,69,63,63,63,63,63,63,63,63,63,63,63,63,63,63,63,63,63,63,63,63,63,63,63,64,64,65,65,66,66,67,68,65,65,66,66,66,67,67,68,68,69,69,70,70,70],"card_choices":[{"not_picked":["HandOfGreed","Thinking Ahead"],"picked":"Apotheosis","floor":0.0},{"not_picked":["Conserve Battery","Go for the Eyes"],"picked":"BootSequence","floor":1.0},{"not_picked":["Scrape","Steam"],"picked":"Glacier","floor":2.0},{"not_picked":["Leap","Gash"],"picked":"White Noise","floor":3.0},{"not_picked":["Gash","Stack"],"picked":"Ball Lightning","floor":6.0},{"not_picked":["Beam Cell","Reprogram","Hyperbeam","Doom and Gloom"],"picked":"SKIP","floor":7.0},{"not_picked":["Doom and Gloom","Tempest","Sunder"],"picked":"Turbo","floor":10.0},{"not_picked":["Beam Cell","Thunder Strike","Redo"],"picked":"Aggregate","floor":11.0},{"not_picked":["Barrage","Tempest","Reprogram"],"picked":"Ball Lightning","floor":12.0},{"not_picked":["Turbo","Consume","Go for the Eyes"],"picked":"Glacier","floor":14.0},{"not_picked":["Meteor Strike","Seek","Buffer+1"],"picked":"Electrodynamics+1","floor":16.0},{"not_picked":["Rebound","Hologram","Turbo"],"picked":"Cold Snap","floor":18.0},{"not_picked":["Aggregate","Force Field","Consume"],"picked":"Heatsinks+1","floor":20.0},{"not_picked":["Darkness","Conserve Battery","Redo"],"picked":"Biased Cognition+1","floor":23.0},{"not_picked":["Go for the Eyes+1","Turbo","Ball Lightning","Auto Shields"],"picked":"SKIP","floor":25.0},{"not_picked":["Chill","Static Discharge+1","Steam"],"picked":"Biased Cognition+1","floor":28.0},{"not_picked":["Cold Snap","Beam Cell+1","Recycle"],"picked":"Hologram","floor":29.0},{"not_picked":["Lockon","Steam","Scrape"],"picked":"Hello World+1","floor":29.0},{"not_picked":["FTL","Go for the Eyes","Gash"],"picked":"Rebound","floor":31.0},{"not_picked":["Beam Cell","Steam","Go for the Eyes"],"picked":"Undo","floor":31.0},{"not_picked":["Biased Cognition+1","Electrodynamics+1","Rainbow"],"picked":"Seek","floor":33},{"not_picked":["Scrape+1","Steam+1"],"picked":"SKIP","floor":35},{"not_picked":["Steam","Leap+1"],"picked":"SKIP","floor":35},{"not_picked":["Streamline","Gash+1"],"picked":"SKIP","floor":37},{"not_picked":["Ball Lightning+1","Auto Shields"],"picked":"SKIP","floor":37},{"not_picked":["All For One","Recycle+1"],"picked":"SKIP","floor":38},{"not_picked":["Leap","Gash"],"picked":"SKIP","floor":38},{"not_picked":["All For One"],"picked":"Recycle+1","floor":38},{"not_picked":["Leap","Gash"],"picked":"SKIP","floor":38},{"not_picked":["Barrage+1","Conserve Battery"],"picked":"SKIP","floor":41},{"not_picked":["Hologram"],"picked":"Storm+1","floor":44},{"not_picked":["Steam"],"picked":"Compile Driver","floor":46},{"not_picked":["Sweeping Beam+1","Undo+1"],"picked":"SKIP","floor":46},{"not_picked":["Self Repair+1","Go for the Eyes"],"picked":"SKIP","floor":48},{"not_picked":["Beam Cell","Leap"],"picked":"SKIP","floor":48}],"player_experience":1056417,"relics_obtained":[{"floor":6.0,"key":"Question Card"},{"floor":9.0,"key":"Kunai"},{"floor":11.0,"key":"Frozen Egg 2"},{"floor":23.0,"key":"War Paint"},{"floor":25.0,"key":"Potion Belt"},{"floor":26.0,"key":"Prayer Wheel"},{"floor":28.0,"key":"Anchor"},{"floor":41,"key":"Ginger"},{"floor":43,"key":"PreservedInsect"},{"floor":44,"key":"FossilizedHelix"}],"event_choices":[{"damage_healed":0.0,"max_hp_gain":5.0,"max_hp_loss":0.0,"gold_gain":0.0,"event_name":"Big Fish","player_choice":"Donut","floor":5.0,"gold_loss":0.0,"damage_taken":0.0},{"damage_healed":0.0,"max_hp_gain":0.0,"max_hp_loss":6.0,"gold_gain":0.0,"event_name":"Golden Idol","player_choice":"Lose Max HP","floor":8.0,"gold_loss":0.0,"damage_taken":0.0,"relics_obtained":["Golden Idol"]},{"damage_healed":0.0,"max_hp_gain":0.0,"max_hp_loss":0.0,"gold_gain":75.0,"event_name":"World of Goop","player_choice":"Gather Gold","floor":13.0,"gold_loss":0.0,"damage_taken":11.0},{"damage_healed":0.0,"max_hp_gain":0.0,"max_hp_loss":0.0,"gold_gain":0.0,"event_name":"Forgotten Altar","player_choice":"Gave Idol","floor":19.0,"relics_lost":["Golden Idol"],"gold_loss":0.0,"damage_taken":0.0,"relics_obtained":["Bloody Idol"]},{"damage_healed":0.0,"max_hp_gain":0.0,"max_hp_loss":0.0,"gold_gain":0.0,"event_name":"Cursed Tome","player_choice":"Ignored","floor":22.0,"gold_loss":0.0,"damage_taken":0.0},{"damage_healed":0.0,"max_hp_gain":0.0,"max_hp_loss":0.0,"gold_gain":0.0,"event_name":"Ghosts","player_choice":"Ignored","floor":24.0,"gold_loss":0.0,"damage_taken":0.0},{"damage_healed":0.0,"max_hp_gain":0.0,"max_hp_loss":0.0,"gold_gain":0.0,"event_name":"FaceTrader","player_choice":"Trade","floor":30.0,"gold_loss":0.0,"damage_taken":0.0,"relics_obtained":["FaceOfCleric"]},{"damage_healed":0,"gold_gain":0,"player_choice":"Max HP","damage_taken":0,"max_hp_gain":0,"max_hp_loss":3,"event_name":"Winding Halls","floor":39,"gold_loss":0}],"is_beta":false,"boss_relics":[{"not_picked":["Pandora\u0027s Box","FrozenCore"],"picked":"Fusion Hammer"},{"not_picked":["Snecko Eye","Runic Pyramid"],"picked":"Busted Crown"}],"items_purged_floors":[36],"is_endless":false,"potions_floor_spawned":[2,12,14,18,20,25,29,35,37,38],"killed_by":"Awakened One","ascension_level":20}}