{"host":"Baz","time":1613338456,"event":{"mods":["BaseMod","Colored Map","Filter the Spire","Googly Eyes","Highlight Path","Minty Spire (QoL Compilation)","Quick Restart","Rare Cards Sparkle","Relic Stats","StSLib"],"gold_per_floor":[18,18,31,46,60,60,87,98,98,118,118,118],"floor_reached":11,"language":"ENG","playtime":464,"items_purged":[],"score":154,"play_id":"f1a89dab-7030-4dc0-88a9-161e317d6724","local_time":"20210214153416","is_ascension_mode":true,"campfire_choices":[{"data":"Dagger Spray","floor":6,"key":"SMITH"}],"circlet_count":0,"master_deck":["AscendersBane","Strike_G","Strike_G","Strike_G","Strike_G","Strike_G","Defend_G","Defend_G","Defend_G","Defend_G","Defend_G","Survivor","Neutralize","After Image","Dagger Spray+1","Deadly Poison","Masterful Stab","Noxious Fumes","Bane","PiercingWail","Deflect"],"relics":["Ring of the Snake","Smiling Mask","Kunai"],"acts_visited":["Exordium"],"potions_floor_usage":[7,11],"damage_taken":[{"damage":5,"enemies":"Cultist","floor":1,"turns":5},{"damage":0,"enemies":"Jaw Worm","floor":3,"turns":4},{"damage":3,"enemies":"Small Slimes","floor":4,"turns":3},{"damage":10,"enemies":"Exordium Thugs","floor":5,"turns":4},{"damage":16,"enemies":"3 Sentries","floor":7,"turns":7},{"damage":0,"enemies":"3 Louse","floor":8,"turns":2},{"damage":5,"enemies":"2 Fungi Beasts","floor":10,"turns":4},{"damage":24,"enemies":"Gremlin Nob","floor":11,"turns":3}],"seed_played":"1446908631331500272","potions_obtained":[{"floor":1,"key":"Energy Potion"},{"floor":10,"key":"DuplicationPotion"}],"is_trial":false,"path_per_floor":["M","$","M","M","M","R","E","M","T","M","E"],"character_chosen":"THE_SILENT","items_purchased":[],"campfire_rested":0,"item_purchase_floors":[],"current_hp_per_floor":[54,54,54,51,41,41,25,25,25,20,0,0],"gold":118,"neow_bonus":"THREE_RARE_CARDS","is_daily":false,"chose_seed":false,"campfire_upgraded":1,"win_rate":0.0,"timestamp":1613338456,"path_taken":["M","?","M","M","M","R","E","M","T","M","E"],"items_purchased_type":[],"build_version":"2020-12-18","purchased_purges":0,"victory":false,"max_hp_per_floor":[66,66,66,66,66,66,66,66,66,66,66,66],"relic_stats":{"counters":[8,32],"Kunai":[1],"Smiling Mask":0,"obtain_stats":[{"Kunai":9,"Smiling Mask":7,"Ring of the Snake":0},{"Kunai":6,"Smiling Mask":5,"Ring of the Snake":0},{"Kunai":25,"Smiling Mask":23,"Ring of the Snake":0}],"Ring of the Snake":[16]},"card_choices":[{"not_picked":["A Thousand Cuts","Storm of Steel"],"picked":"After Image","floor":0},{"not_picked":["Finisher","Prepared"],"picked":"Dagger Spray","floor":1},{"not_picked":["Dagger Spray","Infinite Blades"],"picked":"Deadly Poison","floor":3},{"not_picked":["Prepared","Setup"],"picked":"Masterful Stab","floor":4},{"not_picked":["Doppelganger","Underhanded Strike"],"picked":"Noxious Fumes","floor":5},{"not_picked":["Prepared","Flechettes"],"picked":"Bane","floor":7},{"not_picked":["Backflip","Dagger Spray"],"picked":"PiercingWail","floor":8},{"not_picked":["Riddle With Holes","Bane"],"picked":"Deflect","floor":10}],"player_experience":1317301,"relics_obtained":[{"floor":7,"key":"Smiling Mask"},{"floor":9,"key":"Kunai"}],"event_choices":[],"is_beta":true,"boss_relics":[],"items_purged_floors":[],"is_endless":false,"potions_floor_spawned":[1,10],"killed_by":"Gremlin Nob","ascension_level":20}}