{"host":"uzp1tn8qxn9571p9","time":1613315253,"event":{"mods":["Aspiration","BaseMod","Better Third Choice","Bossed Relics","Colored Map","Colored Powertips","Curses Come First","Hermit","Marisa£®ÏF”Í°°ƒß¿Ì…≥£©","Mimic Mod","Minty Spire (QoL Compilation)","StSLib","The Hierophant","The Jungle","The Marked","The Runesmith"],"gold_per_floor":[110,13,13,63,107,107,173,123,123,198,258,258,277,342,342,342,342],"floor_reached":16,"language":"ZHS","playtime":768,"items_purged":["Strike_MRS"],"score":110,"play_id":"a207f8bb-45ca-4a0d-b1a4-5be2055a846f","local_time":"20210214230733","is_ascension_mode":false,"campfire_choices":[{"data":"WitchOfGreed","floor":6.0,"key":"SMITH"},{"floor":12.0,"key":"REST"}],"circlet_count":0,"master_deck":["Strike_MRS","Strike_MRS","Defend_MRS","Defend_MRS+1","Defend_MRS+1","Defend_MRS","MasterSpark","UpSweep","WitchOfGreed+1","WitchOfGreed","Hemokinesis","6A","ShootingEcho","DC","MysteriousBeam","UnstableBomb","GrandCross"],"relics":["MiniHakkero","Bag of Marbles","War Paint","Art of War","White Beast Statue","Blue Candle"],"acts_visited":["Exordium"],"potions_floor_usage":[16,16],"damage_taken":[{"damage":5.0,"enemies":"Small Slimes","floor":1.0,"turns":3.0},{"damage":13.0,"enemies":"2 Louse","floor":4.0,"turns":2.0},{"damage":13.0,"enemies":"Jaw Worm","floor":5.0,"turns":3.0},{"damage":27.0,"enemies":"Gremlin Nob","floor":7.0,"turns":5.0},{"damage":2.0,"enemies":"Gremlin Gang","floor":11.0,"turns":3.0},{"damage":0.0,"enemies":"Exordium Wildlife","floor":13.0,"turns":2.0},{"damage":16.0,"enemies":"3 Sentries","floor":14.0,"turns":4.0},{"damage":20,"enemies":"The Guardian","floor":16,"turns":3}],"seed_played":"1874807259846300761","potions_obtained":[{"floor":4.0,"key":"Regen Potion"},{"floor":5.0,"key":"GamblersBrew"},{"floor":5.0,"key":"DuplicationPotion"},{"floor":5.0,"key":"LiquidBronze"},{"floor":7.0,"key":"AttackPotion"},{"floor":11.0,"key":"ColorlessPotion"},{"floor":11.0,"key":"SkillPotion"},{"floor":13.0,"key":"DistilledChaos"},{"floor":14.0,"key":"Fire Potion"},{"floor":14.0,"key":"Swift Potion"}],"is_trial":false,"path_per_floor":["M","$","?","M","M","R","E","?","T","?","M","R","M","E","R","B"],"character_chosen":"MARISA","items_purchased":["WitchOfGreed"],"campfire_rested":1,"item_purchase_floors":[2],"current_hp_per_floor":[77,77,60,47,34,34,21,21,21,10,8,32,32,16,16,0,0],"gold":342,"neow_bonus":"TEN_PERCENT_HP_BONUS","is_daily":false,"chose_seed":false,"campfire_upgraded":1,"win_rate":0.0,"timestamp":1613315253,"path_taken":["M","$","?","M","M","R","E","?","T","?","M","R","?","E","R","BOSS"],"items_purchased_type":["Card"],"build_version":"2020-12-22","purchased_purges":1,"victory":false,"max_hp_per_floor":[82,82,82,82,82,82,82,82,82,82,82,82,82,82,82,82,82],"card_choices":[{"not_picked":["Acceleration","NonDirectionalLaser"],"picked":"WitchOfGreed","floor":1.0},{"not_picked":["EnergyRecoil","GasGiant"],"picked":"6A","floor":4.0},{"not_picked":["GravityBeat","OortCloud"],"picked":"ShootingEcho","floor":5.0},{"not_picked":["BigCrunch","OpenUniverse"],"picked":"DC","floor":7.0},{"not_picked":["DarkMatter","GasGiant"],"picked":"MysteriousBeam","floor":11.0},{"not_picked":["RefractionSpark","MilkyWay"],"picked":"UnstableBomb","floor":13.0},{"not_picked":["6A","MysteriousBeam"],"picked":"GrandCross","floor":14.0}],"player_experience":405910,"relics_obtained":[{"floor":7.0,"key":"Art of War"},{"floor":9.0,"key":"White Beast Statue"},{"floor":14.0,"key":"Blue Candle"}],"event_choices":[{"damage_healed":0.0,"max_hp_gain":0.0,"max_hp_loss":0.0,"gold_gain":1.0,"event_name":"betterThird:BetterScrap","player_choice":"Relic Relic Card ","floor":3.0,"gold_loss":0.0,"damage_taken":17.0,"cards_obtained":["Hemokinesis","Hyperbeam"]},{"cards_removed":["Strike_MRS"],"damage_healed":0.0,"max_hp_gain":0.0,"max_hp_loss":0.0,"gold_gain":0.0,"event_name":"The Cleric","player_choice":"Card Removal","floor":8.0,"gold_loss":50.0,"damage_taken":0.0},{"damage_healed":0.0,"max_hp_gain":0.0,"max_hp_loss":0.0,"gold_gain":75.0,"event_name":"betterThird:BetterGoop","player_choice":"Gold","floor":10.0,"gold_loss":0.0,"damage_taken":11.0}],"is_beta":false,"boss_relics":[],"items_purged_floors":[2],"is_endless":false,"potions_floor_spawned":[5,7,11,13,14],"killed_by":"The Guardian","ascension_level":0}}