{"host":"prxrhpgaxnj4om9r","time":1613270632,"event":{"mods":["AchievementEnabler","BaseMod","DeckTracker","Minty Spire (QoL Compilation)"],"gold_per_floor":[216,216,216,216,233,233,249,249,273,348,110,60,60,76,76,180,180,197,215,215,229,240,240,270,270,296,148,481,503,131,156,165,165,165],"floor_reached":33,"language":"KOR","playtime":1214,"items_purged":[],"score":358,"play_id":"fe291a49-42e5-4cd2-8d79-f239436ee467","local_time":"20210214114352","is_ascension_mode":true,"campfire_choices":[{"data":"Indignation","floor":6,"key":"SMITH"},{"floor":8,"key":"REST"},{"data":"ForeignInfluence","floor":15,"key":"SMITH"},{"floor":23,"key":"RECALL"},{"floor":32,"key":"REST"}],"circlet_count":0,"master_deck":["Strike_P","Strike_P","Defend_P","Eruption+1","Vigilance","Indignation+1","CutThroughFate+1","SashWhip","ForeignInfluence+1","Vault","EmptyBody+1","TalkToTheHand+1","CarveReality","PathToVictory+1","EmptyFist","Conclude+1","LessonLearned","Perseverance","DeceiveReality+1","SandsOfTime","WindmillStrike"],"relics":["PureWater","Regal Pillow","Ancient Tea Set","Bottled Flame","Fusion Hammer","Orichalcum","CeramicFish","Toy Ornithopter","Old Coin","Ice Cream","Dream Catcher"],"acts_visited":["Exordium","TheCity"],"potions_floor_usage":[21,22,24,24,29],"damage_taken":[{"damage":2,"enemies":"Cultist","floor":1,"turns":3},{"damage":5,"enemies":"Jaw Worm","floor":5,"turns":4},{"damage":0,"enemies":"2 Louse","floor":7,"turns":2},{"damage":10,"enemies":"Exordium Thugs","floor":14,"turns":3},{"damage":14,"enemies":"Hexaghost","floor":16,"turns":7},{"damage":0,"enemies":"Spheric Guardian","floor":18,"turns":2},{"damage":0,"enemies":"Chosen","floor":19,"turns":4},{"damage":0,"enemies":"Centurion and Healer","floor":21,"turns":3},{"damage":0,"enemies":"Snake Plant","floor":22,"turns":2},{"damage":0,"enemies":"Book of Stabbing","floor":24,"turns":2},{"damage":65,"enemies":"Slavers","floor":28,"turns":6},{"damage":6,"enemies":"Cultist and Chosen","floor":29,"turns":4},{"damage":46,"enemies":"Collector","floor":33,"turns":8}],"seed_played":"3263284668736196842","potions_obtained":[{"floor":1,"key":"SpeedPotion"},{"floor":7,"key":"BlessingOfTheForge"},{"floor":18,"key":"LiquidMemories"},{"floor":21,"key":"PowerPotion"},{"floor":22,"key":"Strength Potion"},{"floor":28,"key":"BlessingOfTheForge"}],"is_trial":false,"path_per_floor":["M","?","?","?","M","R","M","R","T","?","$","?","?","M","R","B",null,"M","M","?","M","M","R","E","?","T","$","E","M","$","T","R","B"],"character_chosen":"WATCHER","items_purchased":["Bottled Flame","Toy Ornithopter","Ice Cream","SandsOfTime"],"campfire_rested":2,"item_purchase_floors":[11,27,30,30],"current_hp_per_floor":[70,52,52,45,40,40,40,72,72,65,65,65,65,55,55,41,72,72,72,72,72,72,72,72,72,72,72,7,6,6,6,42,0,0],"gold":165,"neow_bonus":"HUNDRED_GOLD","is_daily":false,"chose_seed":false,"campfire_upgraded":2,"win_rate":0.0,"timestamp":1613270632,"path_taken":["M","?","?","?","M","R","?","R","T","?","?","?","?","M","R","BOSS","M","M","?","?","M","R","E","?","T","?","E","M","$","?","R","BOSS"],"items_purchased_type":["Relic","Relic","Relic","Card"],"build_version":"2020-12-22","purchased_purges":0,"victory":false,"max_hp_per_floor":[72,72,72,72,72,72,72,72,72,72,72,72,72,72,72,72,72,72,72,72,72,72,72,72,72,72,72,72,72,72,72,72,72,72],"card_choices":[{"not_picked":["ReachHeaven","EmptyFist"],"picked":"Indignation","floor":1},{"not_picked":["Weave","Pray"],"picked":"CutThroughFate","floor":5},{"not_picked":["ThirdEye","DeceiveReality"],"picked":"SashWhip","floor":7},{"not_picked":["Blasphemy","EmptyMind"],"picked":"ForeignInfluence","floor":14},{"not_picked":["Establishment","DevaForm"],"picked":"Vault","floor":16},{"not_picked":["JustLucky","Study"],"picked":"EmptyBody+1","floor":18},{"not_picked":["Crescendo+1","CrushJoints"],"picked":"TalkToTheHand+1","floor":19},{"not_picked":["FlyingSleeves+1","SashWhip"],"picked":"PathToVictory+1","floor":21},{"not_picked":["Meditate","SashWhip+1"],"picked":"EmptyFist","floor":22},{"not_picked":["InnerPeace","Consecrate"],"picked":"Conclude","floor":24},{"not_picked":["Crescendo","Omniscience","Evaluate"],"picked":"SKIP","floor":28},{"not_picked":["CutThroughFate","SashWhip+1"],"picked":"DeceiveReality+1","floor":29},{"not_picked":["Consecrate","ForeignInfluence"],"picked":"WindmillStrike","floor":32}],"player_experience":436721,"relics_obtained":[{"floor":9,"key":"Ancient Tea Set"},{"floor":24,"key":"Orichalcum"},{"floor":26,"key":"CeramicFish"},{"floor":28,"key":"Old Coin"},{"floor":31,"key":"Dream Catcher"}],"event_choices":[{"damage_healed":0,"gold_gain":0,"player_choice":"Success","damage_taken":18,"relics_obtained":["Regal Pillow"],"max_hp_gain":0,"max_hp_loss":0,"event_name":"Scrap Ooze","floor":2,"gold_loss":0},{"damage_healed":0,"gold_gain":0,"player_choice":"Grow","damage_taken":0,"max_hp_gain":0,"max_hp_loss":0,"event_name":"Living Wall","floor":3,"gold_loss":0,"cards_upgraded":["Eruption"]},{"cards_removed":["Strike_P"],"damage_healed":0,"gold_gain":0,"player_choice":"Card Removal","damage_taken":7,"max_hp_gain":0,"max_hp_loss":0,"event_name":"Golden Wing","floor":4,"gold_loss":0},{"damage_healed":0,"gold_gain":75,"player_choice":"Touch","damage_taken":7,"max_hp_gain":0,"max_hp_loss":0,"event_name":"FaceTrader","floor":10,"gold_loss":0},{"cards_removed":["Defend_P"],"damage_healed":0,"gold_gain":0,"player_choice":"Card Removal","damage_taken":0,"max_hp_gain":0,"max_hp_loss":0,"event_name":"The Cleric","floor":12,"gold_loss":50},{"damage_healed":0,"gold_gain":0,"player_choice":"Upgraded","damage_taken":0,"max_hp_gain":0,"max_hp_loss":0,"event_name":"Upgrade Shrine","floor":13,"gold_loss":0,"cards_upgraded":["CutThroughFate"]},{"damage_healed":0,"gold_gain":0,"cards_transformed":["Defend_P"],"player_choice":"Transformed","damage_taken":0,"max_hp_gain":0,"max_hp_loss":0,"event_name":"Transmorgrifier","floor":20,"gold_loss":0,"cards_obtained":["CarveReality"]},{"damage_healed":0,"gold_gain":0,"cards_transformed":["Defend_P","Strike_P"],"player_choice":"Became Test Subject","damage_taken":0,"max_hp_gain":0,"max_hp_loss":0,"event_name":"Drug Dealer","floor":25,"gold_loss":0,"cards_obtained":["LessonLearned","Perseverance"]}],"is_beta":false,"boss_relics":[{"not_picked":["VioletLotus","Ectoplasm"],"picked":"Fusion Hammer"}],"items_purged_floors":[],"is_endless":false,"potions_floor_spawned":[1,7,18,21,22,28],"killed_by":"Collector","ascension_level":4}}