{"host":"n3vqtvx9hbigdfc4","time":1613276967,"event":{"mods":["AchievementEnabler","BaseMod","Better Third Choice","Block Reminder","Colored Map","Colored Powertips","Downfall","Minty Spire (QoL Compilation)","Permanent Neow","Rare Cards Sparkle","Relic Stats","Replay The Spire","Shop Mod","StSLib"],"gold_per_floor":[111,111,142,152,171,196,210,210,210,240,240,257,257,270,270,344,344,354,354,24,53,53,53],"floor_reached":22,"language":"ENG","playtime":1483,"items_purged":[],"score":353,"play_id":"323ccb30-4d85-4b2c-b12c-edff6724d136","local_time":"20210213222927","is_ascension_mode":true,"campfire_choices":[{"data":"Footwork","floor":8.0,"key":"SMITH"},{"data":"Envenom","floor":11,"key":"SMITH"},{"data":"PiercingWail","floor":13,"key":"SMITH"},{"floor":15,"key":"REST"}],"circlet_count":0,"master_deck":["AscendersBane","Survivor","Neutralize","Cloak And Dagger","Dash","Draining Mist+1","Poisoned Stab","Footwork+1","Dodge and Roll","Blade Dance","PiercingWail+1","Envenom+1","Quick Slash","Slice","Adrenaline","Underhanded Strike","Night Terror","Heel Hook","Malaise","Poisoned Stab","Escape Plan","ReplayTheSpireMod:Necrosis","After Image","Poison Darts","Backflip","Quick Slash+1"],"relics":["Ring of the Snake","Paper Crane","Nunchaku","Bottled Lightning","Counterbalance","Pandora\u0027s Box","Membership Card","CeramicFish","Boot"],"acts_visited":["Exordium","TheCity"],"potions_floor_usage":[10,21],"damage_taken":[{"damage":0.0,"enemies":"Jaw Worm","floor":1.0,"turns":6.0},{"damage":0.0,"enemies":"Small Slimes","floor":4.0,"turns":4.0},{"damage":0.0,"enemies":"Cultist","floor":5.0,"turns":4.0},{"damage":11.0,"enemies":"3 Sentries","floor":6.0,"turns":12.0},{"damage":8.0,"enemies":"Blue Slaver","floor":7.0,"turns":4.0},{"damage":10,"enemies":"Gremlin Nob","floor":10,"turns":4},{"damage":2,"enemies":"Looter","floor":12,"turns":4},{"damage":0,"enemies":"2 Fungi Beasts","floor":14,"turns":4},{"damage":40,"enemies":"Slime Boss","floor":16,"turns":17},{"damage":11,"enemies":"2 Thieves","floor":18,"turns":5},{"damage":0,"enemies":"3 Byrds","floor":21,"turns":4},{"damage":45,"enemies":"3 Cultists","floor":22,"turns":7}],"seed_played":"7122193864095506383","potions_obtained":[{"floor":3.0,"key":"EssenceOfSteel"},{"floor":4.0,"key":"Explosive Potion"},{"floor":7.0,"key":"FearPotion"},{"floor":16,"key":"GamblersBrew"},{"floor":18,"key":"Energy Potion"}],"is_trial":false,"path_per_floor":["M","?","?","M","M","E","M","R","T","E","R","M","R","M","R","B",null,"M","?","$","M","M"],"character_chosen":"THE_SILENT","items_purchased":["Membership Card","CeramicFish","Boot"],"campfire_rested":1,"item_purchase_floors":[20,20,20],"current_hp_per_floor":[59,59,59,59,59,48,40,40,40,30,30,28,28,28,47,7,51,40,40,40,40,0,0],"gold":53,"neow_bonus":"THREE_CARDS","is_daily":false,"chose_seed":false,"campfire_upgraded":3,"win_rate":0.0,"timestamp":1613276967,"path_taken":["M","?","?","M","M","E","M","R","T","E","R","M","R","M","R","BOSS","M","?","$","M","M"],"items_purchased_type":["Relic","Relic","Relic"],"build_version":"2020-12-22","purchased_purges":0,"victory":false,"max_hp_per_floor":[66,66,66,66,66,66,66,66,66,66,66,66,66,66,66,66,66,66,66,66,66,66,66],"relic_stats":{"Nunchaku":[10],"counters":[12,75],"CeramicFish":9,"Pandora\u0027s Box":["Underhanded Strike","Night Terror","Heel Hook","Malaise","Poisoned Stab","Escape Plan","ReplayTheSpireMod:Necrosis","After Image","Poison Darts"],"Boot":[37],"obtain_stats":[{"Nunchaku":6,"Counterbalance":10,"CeramicFish":20,"Pandora\u0027s Box":17,"Bottled Lightning":9,"Membership Card":20,"Paper Crane":3,"Boot":20,"Ring of the Snake":0},{"Nunchaku":4,"Counterbalance":6,"CeramicFish":10,"Pandora\u0027s Box":9,"Bottled Lightning":5,"Membership Card":10,"Paper Crane":1,"Boot":10,"Ring of the Snake":0},{"Nunchaku":26,"Counterbalance":34,"CeramicFish":64,"Pandora\u0027s Box":59,"Bottled Lightning":30,"Membership Card":64,"Paper Crane":6,"Boot":64,"Ring of the Snake":0}],"Ring of the Snake":[24]},"card_choices":[{"not_picked":["Deadly Poison","Backflip"],"picked":"Cloak And Dagger","floor":0.0},{"not_picked":["Prepared","Poisoned Stab"],"picked":"Dash","floor":1.0},{"not_picked":["Catalyst","Underhanded Strike"],"picked":"Poisoned Stab","floor":3.0},{"not_picked":["Blade Dance","Underhanded Strike"],"picked":"Footwork","floor":4.0},{"not_picked":["Dagger Spray","Draining Mist"],"picked":"Dodge and Roll","floor":5.0},{"not_picked":["Catalyst","Fluid Movement"],"picked":"Blade Dance","floor":6.0},{"not_picked":["Backflip","Hidden Blade"],"picked":"PiercingWail","floor":7.0},{"not_picked":["Dagger Throw","ReplayTheSpireMod:The Works"],"picked":"Envenom","floor":10},{"not_picked":["Acrobatics","Hidden Blade"],"picked":"Quick Slash","floor":12},{"not_picked":["Deadly Poison","Underhanded Strike"],"picked":"Slice","floor":14},{"not_picked":["Venomology","Die Die Die"],"picked":"Adrenaline","floor":16},{"not_picked":["Terror","Choke"],"picked":"Backflip","floor":18},{"not_picked":["Caltrops","Dash"],"picked":"Quick Slash+1","floor":21}],"player_experience":528592,"relics_obtained":[{"floor":3.0,"key":"Paper Crane"},{"floor":6.0,"key":"Nunchaku"},{"floor":9.0,"key":"Bottled Lightning"},{"floor":10,"key":"Counterbalance"}],"event_choices":[{"damage_healed":0,"gold_gain":0,"player_choice":"Ignored","damage_taken":0,"max_hp_gain":0,"max_hp_loss":0,"event_name":"Ghosts","floor":19,"gold_loss":0}],"is_beta":false,"boss_relics":[{"not_picked":["Replay:Drink Me","Runic Dome"],"picked":"Pandora\u0027s Box"}],"items_purged_floors":[],"is_endless":false,"potions_floor_spawned":[4,7,16,18],"killed_by":"3 Cultists","ascension_level":16}}