{"host":"tvwbxqry54t86y0v","time":1613279714,"event":{"mods":["2.2 Compatiblity","A Magickal Journey","Act Like it!","Arknights","Astrologer","BaseMod","Beaked The Cultist","BetterRewards","Block Reminder","Clockwork Mod","Colored Powertips","DeckTracker","Downfall","Fiend Mod","GungeonMod","Hermit","Hubris","Infinite Spire","Ironclad Rager","Marked Mod","Mimic Mod","Minty Spire (QoL Compilation)","Potionbrewer","Reliquary","Replay The Spire","Robot Space Explorer","Shade Mod","Somnambulant","StSLib","The Bug Knight","The Cursed","The Death Knight","The Druid","The Elementalist","The Exalted","The Forsaken","The Hierophant","The Jungle","The Marked","The Mystic","The Problem Sleuth","The Runesmith","The Senshi","The Spell Scribe","The Valiant","The Wild Card","TheFirefly","TheHeartMod","Unceasing Turn Reminder","thorton"],"gold_per_floor":[111,124,44,44,76,76,103,49,87,87,87,98,115,131,131,236,236,253,203,203,220,220,251,251,280,314,314,331,352,367,367,367,147,147,256,256,274,298,243,245,245,295,295,345,391,391,412,412,424,424],"floor_reached":49,"language":"ENG","playtime":2939,"items_purged":[],"score":634,"play_id":"c5dd5ee0-c9e4-4198-b0b0-5e236a055fe2","local_time":"20210214161514","is_ascension_mode":true,"campfire_choices":[{"data":"theMarked:BanishingStrike","floor":6,"key":"SMITH"},{"data":"theMarked:Seal","floor":15,"key":"SMITH"},{"floor":24,"key":"REST"},{"floor":27,"key":"REST"},{"floor":34,"key":"REST"},{"floor":43,"key":"REST"},{"floor":46,"key":"REST"}],"circlet_count":0,"master_deck":["theMarked:Strike","theMarked:Strike","theMarked:Strike","theMarked:Strike","theMarked:Defend","theMarked:Defend","theMarked:Defend","theMarked:Defend","theMarked:SoldierOfQuellstein","theMarked:BanishingStrike+1","theMarked:WardOff","theMarked:Heritage","theMarked:Frustration","theMarked:Memento","theMarked:Memento","theMarked:Seal+1","theMarked:Seal","CurseOfTheBell","theMarked:Heritage+1","J.A.X.","theMarked:BindingBlade","theMarked:StartUp+1","theMarked:WardOff","theMarked:WardOff","theMarked:Indomitable","theMarked:BanishingStrike","theMarked:Heritage","theMarked:Pokerface+1","theMarked:BiggerThanFate","theMarked:BanishingStrike+1","theMarked:Determination+1","Madness","Madness","hubris:Fate","infinitespire:Fortify","infinitespire:Execution"],"relics":["theMarked:ArtifactOfAir","NeowsBlessing","Dream Catcher","DemoMod:MonsterBlood","Replay:Rubber Ducky","Calling Bell","Pen Nib","Bromod:ArcaneVictory","potionbrewer:AlchemistFlask","Counterbalance","ReplayTheSpireMod:TigerMarble","infinitespire:Midas Blood","reliquary:Stiletto","thethorton:BottledFunds","Bromod:ArcaneTrickery","DemoMod:BigBoy","reliquary:RosewoodLute","DemoMod:ResourcefulSack","theMarked:SpiritSword"],"acts_visited":["Exordium","TheCity","TheBeyond"],"potions_floor_usage":[7,14,16,16,23,38,44,44,49],"damage_taken":[{"damage":0,"enemies":"Jaw Worm","floor":1,"turns":1},{"damage":0,"enemies":"Cultist","floor":2,"turns":1},{"damage":0,"enemies":"2 Louse","floor":5,"turns":2},{"damage":8,"enemies":"3 Sentries","floor":7,"turns":12},{"damage":4,"enemies":"2 Louse","floor":9,"turns":7},{"damage":0,"enemies":"2 Louse","floor":12,"turns":3},{"damage":2,"enemies":"Red Slaver","floor":13,"turns":3},{"damage":0,"enemies":"Large Slime","floor":14,"turns":5},{"damage":17,"enemies":"Fading Forest","floor":16,"turns":11},{"damage":18,"enemies":"Shell Parasite","floor":18,"turns":3},{"damage":13,"enemies":"Spheric Guardian","floor":21,"turns":5},{"damage":24,"enemies":"Slavers","floor":23,"turns":4},{"damage":21,"enemies":"Nightmare","floor":25,"turns":7},{"damage":0,"enemies":"Cultist and Chosen","floor":26,"turns":6},{"damage":18,"enemies":"Cultist and Chosen","floor":28,"turns":6},{"damage":9,"enemies":"Shelled Parasite and Fungi","floor":29,"turns":7},{"damage":12,"enemies":"Sentry and Sphere","floor":30,"turns":5},{"damage":25,"enemies":"Champ","floor":35,"turns":14},{"damage":11,"enemies":"Orb Walker","floor":37,"turns":4},{"damage":8,"enemies":"3 Shapes","floor":38,"turns":3},{"damage":52,"enemies":"Nightmare","floor":42,"turns":9},{"damage":34,"enemies":"Nemesis","floor":44,"turns":6},{"damage":36,"enemies":"Jaw Worm Horde","floor":47,"turns":6},{"damage":60,"enemies":"Giant Head","floor":49,"turns":9}],"seed_played":"3453125818185201248","potions_obtained":[{"floor":1,"key":"Guardian:BlockOnCardUsePotion"},{"floor":7,"key":"bronze:BurnAndBuffPotion"},{"floor":13,"key":"GamblersBrew"},{"floor":14,"key":"potionbrewer:AcidPotion"},{"floor":21,"key":"Reflective Coating"},{"floor":25,"key":"theMarked:ChargePotion"},{"floor":30,"key":"Elixir"},{"floor":35,"key":"LifebloodPotion"},{"floor":42,"key":"ColorlessPotion"},{"floor":44,"key":"Toxic Potion"}],"is_trial":false,"path_per_floor":["M","M","$","?","MIM","R","E","$","MIM","$","?","M","M","M","R","B",null,"M","?","$","M","?","E","R","NM","MIM","R","M","M","M","PTL","PTL","$","R","B",null,"M","M","$","?","?","NM","R","E","T","R","M","AVR","E"],"character_chosen":"THE_DEFAULT","items_purchased":["theMarked:Heritage","theMarked:Memento","theMarked:Heritage","reliquary:Stiletto","theMarked:Determination+1"],"campfire_rested":5,"item_purchase_floors":[3,8,33,33,39],"current_hp_per_floor":[70,70,70,70,70,70,69,69,65,65,65,65,63,63,63,46,77,60,60,60,48,48,28,51,31,32,55,39,32,22,22,22,22,45,21,77,67,62,62,52,87,36,62,29,29,55,22,22,0,0],"gold":424,"neow_bonus":"THREE_ENEMY_KILL","is_daily":false,"chose_seed":false,"campfire_upgraded":2,"win_rate":0.0,"timestamp":1613279714,"path_taken":["M","M","$","?","?","R","E","?","MIM","?","?","M","?","M","R","BOSS","M","?","?","?","?","E","R","NM","MIM","R","M","M","?","PTL","PTL","$","R","BOSS","M","?","$","?","?","NM","R","E","T","R","M","AVR","E"],"items_purchased_type":["Card","Card","Card","Relic","Card"],"build_version":"2020-12-22","purchased_purges":0,"victory":false,"max_hp_per_floor":[70,70,70,70,70,70,77,77,77,77,77,77,77,77,77,77,77,77,77,77,77,77,77,77,77,77,77,77,77,77,77,77,77,77,77,77,77,77,77,77,87,87,87,87,87,87,87,87,87,87],"card_choices":[{"not_picked":["theMarked:RepellingDischarge","theMarked:WardOff"],"picked":"theMarked:BanishingStrike","floor":1},{"not_picked":["theMarked:HeightenedSenses","theMarked:WastefulAttack"],"picked":"theMarked:WardOff","floor":2},{"not_picked":["theMarked:ComboAttacks","theMarked:WastefulAttack"],"picked":"theMarked:Frustration","floor":7},{"not_picked":["theMarked:RogueSparks","theMarked:BanishingWave"],"picked":"theMarked:Memento","floor":9},{"not_picked":["theMarked:Improvise","theMarked:MysticalArsenal"],"picked":"theMarked:Seal","floor":12},{"not_picked":["theMarked:WastefulAttack","theMarked:EmpowerWeapon","theMarked:Maelstrom"],"picked":"SKIP","floor":13},{"not_picked":["theMarked:SelfDefenseTraining","theMarked:SwordAndMagic"],"picked":"theMarked:Seal","floor":14},{"not_picked":["theMarked:MagusForm","theMarked:ThrowWeapon"],"picked":"theMarked:Toughness","floor":16},{"not_picked":["theMarked:Aftermath","theMarked:Electrocute","theMarked:TwofoldDefense+1"],"picked":"SKIP","floor":18},{"not_picked":["theMarked:BanishingWave+1","theMarked:Opportunist"],"picked":"theMarked:Heritage+1","floor":21},{"not_picked":["theMarked:ElectricStrings","theMarked:AttractMetal+1"],"picked":"theMarked:BindingBlade","floor":23},{"not_picked":["theMarked:ResourceFulStrike","theMarked:ChainLightning+1"],"picked":"theMarked:StartUp+1","floor":25},{"not_picked":["theMarked:Seal","theMarked:Parry"],"picked":"theMarked:WardOff","floor":27},{"not_picked":["theMarked:ElectricStrings","theMarked:Electrify"],"picked":"theMarked:WardOff","floor":28},{"not_picked":["theMarked:TakeCover","theMarked:Electrify"],"picked":"theMarked:Indomitable","floor":29},{"not_picked":["theMarked:TwofoldDefense","theMarked:Polarize+1"],"picked":"theMarked:BanishingStrike","floor":30},{"not_picked":["theMarked:Polarize","theMarked:TakeCover"],"picked":"theMarked:Pokerface+1","floor":34},{"not_picked":["theMarked:EternalStudent","theMarked:TakeOffHeels"],"picked":"theMarked:BiggerThanFate","floor":35},{"not_picked":["theMarked:HeightenedSenses","theMarked:ElectricStrings","theMarked:Indomitable+1"],"picked":"SKIP","floor":37},{"not_picked":["theMarked:TakeCover","theMarked:WardOff"],"picked":"theMarked:BanishingStrike+1","floor":38},{"not_picked":["infinitespire:DeathsTouch","Replay:Fractal Strike"],"picked":"hubris:Fate","floor":42},{"not_picked":["theMarked:Aftermath","theMarked:WastefulAttack","theMarked:UnarmedFury"],"picked":"SKIP","floor":42},{"not_picked":["theMarked:Challenge","theMarked:Panic+1","theMarked:Polarize+1"],"picked":"SKIP","floor":44},{"not_picked":["theMarked:OneWithTheBlade","theMarked:RepellingDischarge","theMarked:ContemptForTheProud"],"picked":"SKIP","floor":47}],"player_experience":1161150,"relics_obtained":[{"floor":5,"key":"Dream Catcher"},{"floor":7,"key":"DemoMod:MonsterBlood"},{"floor":9,"key":"Replay:Rubber Ducky"},{"floor":17,"key":"Pen Nib"},{"floor":17,"key":"Bromod:ArcaneVictory"},{"floor":17,"key":"potionbrewer:AlchemistFlask"},{"floor":23,"key":"Counterbalance"},{"floor":25,"key":"ReplayTheSpireMod:TigerMarble"},{"floor":26,"key":"infinitespire:Midas Blood"},{"floor":42,"key":"Bromod:ArcaneTrickery"},{"floor":44,"key":"DemoMod:BigBoy"},{"floor":45,"key":"reliquary:RosewoodLute"}],"event_choices":[{"cards_removed":["theMarked:Strike"],"damage_healed":0,"gold_gain":0,"player_choice":"Purged","damage_taken":0,"max_hp_gain":0,"max_hp_loss":0,"event_name":"Purifier","floor":11,"gold_loss":0},{"damage_healed":0,"gold_gain":0,"player_choice":"Bet on Murderer","damage_taken":0,"max_hp_gain":0,"max_hp_loss":0,"event_name":"The Joust","floor":19,"gold_loss":50},{"damage_healed":0,"gold_gain":0,"player_choice":"Obtain J.A.X.","damage_taken":0,"max_hp_gain":0,"max_hp_loss":0,"event_name":"Drug Dealer","floor":22,"gold_loss":0,"cards_obtained":["J.A.X."]},{"damage_healed":0,"gold_gain":0,"player_choice":"Embrace Madness","damage_taken":10,"max_hp_gain":0,"max_hp_loss":0,"event_name":"Winding Halls","floor":40,"gold_loss":0,"cards_obtained":["Madness","Madness"]},{"cards_removed":["theMarked:Toughness"],"damage_healed":25,"gold_gain":0,"player_choice":"Offered Rare","damage_taken":0,"max_hp_gain":10,"max_hp_loss":0,"event_name":"Bonfire Elementals","floor":41,"gold_loss":0}],"is_beta":false,"boss_relics":[{"not_picked":["hubris:Backtick","reliquary:Craggleroot"],"picked":"Calling Bell"},{"not_picked":["SlaversCollar","Honey Jar"],"picked":"thethorton:BottledFunds"}],"items_purged_floors":[],"is_endless":true,"potions_floor_spawned":[1,7,13,14,21,25,30,35,42,44],"killed_by":"Giant Head","ascension_level":2}}