{"host":"3hzk4hwwdropes3d","time":1613286361,"event":{"mods":["BaseMod","Downfall","Hermit","Minty Spire (QoL Compilation)","StSLib"],"gold_per_floor":[111,128,128,128,91,122,122,136,162,202,226,238,250,276,288,404,416,441,467,479,509,61,61,61,61],"floor_reached":24,"language":"ENG","playtime":1217,"items_purged":["hermit:Strike_Hermit"],"score":266,"play_id":"1d128c7c-b257-40c9-95b1-5358db4e0c16","local_time":"20210213230601","is_ascension_mode":true,"campfire_choices":[{"floor":7,"key":"REST"},{"floor":12,"key":"REST"},{"data":"hermit:Manifest","floor":15,"key":"SMITH"},{"data":"hermit:Malice","floor":23,"key":"SMITH"}],"circlet_count":0,"master_deck":["hermit:Strike_Hermit","hermit:Strike_Hermit","hermit:Strike_Hermit","hermit:Defend_Hermit","hermit:Defend_Hermit","hermit:Defend_Hermit","hermit:Defend_Hermit","hermit:Snapshot","hermit:Covet","hermit:Gestalt","hermit:Deadeye","hermit:Spite","hermit:ShadowCloak","hermit:Misfire","hermit:CursedWeapon","hermit:Gestalt","hermit:Horror","hermit:Manifest+1","hermit:Reprieve","hermit:Glare","hermit:Misfire","hermit:Malice+1"],"relics":["hermit:Momento","NeowsBlessing","Dream Catcher","sneckomod:BlankCard","hexamod:CandleOfCauterizing","MawBank","Letter Opener","HornCleat","sneckomod:SneckoTalon","Strawberry","Bottled Lightning"],"acts_visited":["Exordium","TheCity"],"potions_floor_usage":[16,16,21],"damage_taken":[{"damage":0,"enemies":"Small Slimes","floor":1,"turns":1},{"damage":0,"enemies":"Jaw Worm","floor":2,"turns":1},{"damage":0,"enemies":"Gremlin Nob","floor":6,"turns":1},{"damage":1,"enemies":"Cultist","floor":8,"turns":3},{"damage":40,"enemies":"3 Sentries","floor":10,"turns":7},{"damage":9,"enemies":"Exordium Thugs","floor":11,"turns":3},{"damage":2,"enemies":"2 Fungi Beasts","floor":14,"turns":2},{"damage":26,"enemies":"The Guardian","floor":16,"turns":11},{"damage":14,"enemies":"Shell Parasite","floor":18,"turns":4},{"damage":2,"enemies":"Chosen","floor":19,"turns":4},{"damage":35,"enemies":"Sentry and Sphere","floor":21,"turns":9},{"damage":0,"enemies":"Slavers","floor":24,"turns":1}],"seed_played":"8815864274928525528","potions_obtained":[{"floor":1,"key":"Guardian:BlockOnCardUsePotion"},{"floor":10,"key":"SteroidPotion"},{"floor":11,"key":"SteroidPotion"},{"floor":16,"key":"Regen Potion"},{"floor":19,"key":"SkillPotion"}],"is_trial":false,"path_per_floor":["M","M","?","?","$","E","R","M","T","E","M","R","T","M","R","B",null,"M","M","?","M","$","R","E"],"character_chosen":"HERMIT","items_purchased":["hermit:Deadeye","Strawberry","Bottled Lightning"],"campfire_rested":2,"item_purchase_floors":[5,22,22],"current_hp_per_floor":[75,75,68,68,68,68,75,74,74,34,25,47,47,45,45,19,75,61,59,59,24,31,31,35,35],"gold":61,"neow_bonus":"THREE_ENEMY_KILL","is_daily":false,"chose_seed":false,"campfire_upgraded":2,"win_rate":0.0,"timestamp":1613286361,"path_taken":["M","M","?","?","$","E","R","?","T","E","M","R","?","M","R","BOSS","M","M","?","M","$","R","E"],"items_purchased_type":["Card","Relic","Relic"],"build_version":"2020-12-22","purchased_purges":1,"victory":false,"max_hp_per_floor":[75,75,75,75,75,75,75,75,75,75,75,75,75,75,75,75,75,75,75,75,75,82,82,82,82],"card_choices":[{"not_picked":["hermit:Enervate","hermit:ItchyTrigger"],"picked":"hermit:Gestalt","floor":1},{"not_picked":["hermit:NoHoldsBarred","hermit:TakeCover","hermit:Virtue"],"picked":"SKIP","floor":2},{"not_picked":["hermit:WideOpen","hermit:ItchyTrigger"],"picked":"hermit:Spite","floor":6},{"not_picked":["hermit:Determination","hermit:LoneWolf"],"picked":"hermit:ShadowCloak","floor":7},{"not_picked":["hermit:Ricochet","hermit:SprayPray"],"picked":"hermit:Misfire","floor":8},{"not_picked":["hermit:HighCaliber","hermit:DeadOrAlive"],"picked":"hermit:CursedWeapon","floor":10},{"not_picked":["hermit:BigShot","hermit:Ricochet"],"picked":"hermit:Gestalt","floor":11},{"not_picked":["hermit:BodyArmor","hermit:Coalescence"],"picked":"hermit:Horror","floor":12},{"not_picked":["hermit:Dive","hermit:Roulette"],"picked":"hermit:Manifest","floor":14},{"not_picked":["hermit:Roughhouse","hermit:OverwhelmingPower"],"picked":"hermit:Reprieve","floor":16},{"not_picked":["hermit:Deadeye+1","hermit:WideOpen+1"],"picked":"hermit:Glare","floor":18},{"not_picked":["hermit:EyeOfTheStorm+1","hermit:Roulette+1"],"picked":"hermit:Misfire","floor":19},{"not_picked":["hermit:Gestalt","hermit:ItchyTrigger"],"picked":"hermit:Malice","floor":21}],"player_experience":396361,"relics_obtained":[{"floor":6,"key":"hexamod:CandleOfCauterizing"},{"floor":9,"key":"MawBank"},{"floor":10,"key":"Letter Opener"},{"floor":13,"key":"HornCleat"}],"event_choices":[{"damage_healed":0,"gold_gain":0,"player_choice":"Success","damage_taken":7,"relics_obtained":["Dream Catcher"],"max_hp_gain":0,"max_hp_loss":0,"event_name":"Scrap Ooze","floor":3,"gold_loss":0},{"damage_healed":0,"gold_gain":0,"player_choice":"Gave Potion","damage_taken":0,"relics_obtained":["sneckomod:BlankCard"],"max_hp_gain":0,"max_hp_loss":0,"event_name":"WeMeetAgain","floor":4,"gold_loss":0}],"is_beta":false,"boss_relics":[{"not_picked":["hermit:ClaspedLocket","Black Star"],"picked":"sneckomod:SneckoTalon"}],"items_purged_floors":[22],"is_endless":false,"potions_floor_spawned":[1,10,11,16,19],"killed_by":"Slavers","ascension_level":3}}