{"host":"vahfsrte3c21740v","time":1613330539,"event":{"mods":["AchievementEnabler","BaseMod","Block Reminder","Colored Map","Colored Powertips","Downfall","FTL Soundtrack","Highlight Path","Hubris","Infinite Spire","Mimic Mod","Minty Spire (QoL Compilation)","Quick Restart","Rare Cards Sparkle","Reworked Bosses","StSLib","The Jungle"],"gold_per_floor":[0,18,18,31,50,83,116,22,41,59,59,159,59,76,95,192,192,192,202,112,123,123,140,190,225,237,237,137,170,170,170,180,278,278,278,296,306,306,55,74,74,89,123,23,53,53,53,53,69,69,69,69],"floor_reached":50,"language":"ENG","playtime":4946,"items_purged":["bronze:Defend","bronze:Strike"],"score":647,"play_id":"48389b97-cb84-4470-a7a3-00602f6657b3","local_time":"20210214192219","is_ascension_mode":true,"campfire_choices":[{"data":"bronze:Flail","floor":1,"key":"SMITH"},{"floor":11,"key":"RECALL"},{"floor":13,"key":"REST"},{"data":"bronze:SpaghettiCode","floor":18,"key":"SMITH"},{"floor":28,"key":"REST"},{"data":"bronze:RecursiveStrike","floor":28,"key":"SMITH"},{"data":"bronze:Format","floor":30,"key":"SMITH"},{"data":"bronze:Flail","floor":35,"key":"SMITH"},{"floor":44,"key":"REST"},{"data":"bronze:Boost","floor":44,"key":"SMITH"},{"data":"bronze:ThunderWave","floor":46,"key":"SMITH"}],"circlet_count":0,"master_deck":["bronze:Strike+1","bronze:Defend+1","bronze:Replicate","bronze:Goto","bronze:Iterate+1","bronze:Flail+1","bronze:Repair+1","bronze:Return","bronze:ThunderWave+1","bronze:Frontload","bronze:SpaghettiCode+1","bronze:Boost+1","bronze:Repair","bronze:ForceShield","bronze:RecursiveStrike+1","bronze:ChildClass","bronze:Flail+1","bronze:BronzeOrb","bronze:Branch+1","bronze:Format+1","bronze:Format","bronze:Iterate+1","bronze:CutThrough+1","bronze:SpaghettiCode+1","bronze:Repulsor","expansioncontent:QuickStudy","bronze:BronzeOrb","bronze:Overheat","hubris:DuctTapeCard","infinitespire:Collect"],"relics":["bronze:BronzeCore","InkBottle","Juzu Bracelet","downfall:HeartBlessingRed","Calling Bell","Dead Branch","infinitespire:CheckeredPen","War Paint","Whetstone","infinitespire:Magic Flask","downfall:HeartBlessingGreen","Happy Flower","hubris:Towel","Cursed Key","Mango","Vajra","downfall:HeartBlessingBlue","StrikeDummy","hubris:DuctTape"],"acts_visited":["Exordium","TheCity","TheBeyond"],"potions_floor_usage":[10,16,25,50],"damage_taken":[{"damage":6,"enemies":"Jaw Worm","floor":2,"turns":3},{"damage":0,"enemies":"Cultist","floor":4,"turns":3},{"damage":6,"enemies":"Small Slimes","floor":5,"turns":2},{"damage":9,"enemies":"3 Sentries","floor":6,"turns":5},{"damage":1,"enemies":"3 Louse","floor":7,"turns":4},{"damage":6,"enemies":"downfall:FleeingMerchant","floor":8,"turns":4},{"damage":2,"enemies":"3 Louse","floor":9,"turns":2},{"damage":23,"enemies":"Exordium Wildlife","floor":10,"turns":4},{"damage":0,"enemies":"Large Slime","floor":14,"turns":3},{"damage":7,"enemies":"2 Fungi Beasts","floor":15,"turns":2},{"damage":28,"enemies":"SI_SHIV_ARCHETYPE","floor":16,"turns":9},{"damage":0,"enemies":"3 Byrds","floor":19,"turns":2},{"damage":0,"enemies":"downfall:FleeingMerchant","floor":20,"turns":4},{"damage":6,"enemies":"Spheric Guardian","floor":21,"turns":4},{"damage":0,"enemies":"Snake Plant","floor":23,"turns":4},{"damage":32,"enemies":"Slavers","floor":25,"turns":9},{"damage":0,"enemies":"Cultist and Chosen","floor":26,"turns":5},{"damage":10,"enemies":"Gremlin Leader","floor":29,"turns":4},{"damage":1,"enemies":"Centurion and Healer","floor":32,"turns":3},{"damage":30,"enemies":"WA_ARCHETYPE_CALM","floor":33,"turns":10},{"damage":0,"enemies":"3 Darklings","floor":36,"turns":3},{"damage":0,"enemies":"Orb Walker","floor":37,"turns":3},{"damage":0,"enemies":"downfall:FleeingMerchant","floor":39,"turns":3},{"damage":0,"enemies":"3 Darklings","floor":40,"turns":2},{"damage":0,"enemies":"Jaw Worm Horde","floor":42,"turns":3},{"damage":17,"enemies":"Reptomancer","floor":43,"turns":4},{"damage":0,"enemies":"Nemesis","floor":45,"turns":4},{"damage":0,"enemies":"Sphere and 2 Shapes","floor":49,"turns":1},{"damage":112,"enemies":"IC_BLOCK_ARCHETYPE","floor":50,"turns":10}],"seed_played":"-4797963844278304448","potions_obtained":[{"floor":6,"key":"Fruit Juice"},{"floor":9,"key":"AttackPotion"},{"floor":14,"key":"Regen Potion"},{"floor":16,"key":"Guardian:BlockOnCardUsePotion"},{"floor":21,"key":"Guardian:BlockOnCardUsePotion"},{"floor":25,"key":"SteroidPotion"},{"floor":27,"key":"CultistPotion"},{"floor":36,"key":"Energy Potion"}],"is_trial":false,"path_per_floor":["R","M","?","M","M","E","MIM","$","M","M","R","?","R","M","M","B",null,"R","M","$","M","?","M","T","E","M","?","R","E","R","?","M","B",null,"R","M","M","?","$","M","T","M","E","R","E","R","?","AVR","M","B"],"character_chosen":"THE_AUTOMATON","items_purchased":["bronze:SpaghettiCode","expansioncontent:QuickStudy","Mango"],"campfire_rested":3,"item_purchase_floors":[8,39,39],"current_hp_per_floor":[70,64,64,70,70,61,67,64,62,51,51,51,73,73,73,45,75,75,75,75,69,69,69,69,44,51,51,73,72,72,72,71,45,75,75,75,75,75,89,89,89,89,72,99,99,99,99,99,99,0,0,0],"gold":69,"neow_bonus":"TRANSFORM_TWO_CARDS","is_daily":false,"chose_seed":false,"campfire_upgraded":7,"win_rate":0.0,"timestamp":1613330539,"path_taken":["R","M","?","M","M","E","MIM","$","M","M","R","?","R","M","M","BOSS","R","M","$","M","?","M","T","E","M","?","R","E","R","?","M","BOSS","R","M","M","?","$","M","T","M","E","R","E","R","?","AVR","M","BOSS"],"items_purchased_type":["Card","Card","Relic"],"build_version":"2020-12-22","purchased_purges":2,"victory":false,"max_hp_per_floor":[70,70,70,70,70,70,70,70,70,75,75,75,75,75,75,75,75,75,75,75,75,75,75,75,75,75,75,75,75,75,75,75,75,75,75,75,75,75,89,89,89,89,89,99,99,99,99,99,99,99,99,99],"card_choices":[{"not_picked":["bronze:OilSpill","bronze:Branch"],"picked":"bronze:Repair","floor":2},{"not_picked":["bronze:Overload","bronze:Constructor"],"picked":"bronze:Return","floor":4},{"not_picked":["bronze:CloningBeam","bronze:Safeguard","bronze:WildBeam"],"picked":"SKIP","floor":5},{"not_picked":["bronze:Iterate","bronze:CutThrough"],"picked":"bronze:ThunderWave","floor":6},{"not_picked":["bronze:Iterate","bronze:Shell"],"picked":"bronze:Frontload","floor":8},{"not_picked":["bronze:Turbo","bronze:Invalidate"],"picked":"bronze:Boost","floor":9},{"not_picked":["bronze:Repulsor","bronze:DarkDash"],"picked":"bronze:Repair","floor":10},{"not_picked":["bronze:ForLoop","bronze:BitShift","bronze:CloningBeam"],"picked":"SKIP","floor":14},{"not_picked":["bronze:Iterate","bronze:Deprecate"],"picked":"bronze:ForceShield","floor":15},{"not_picked":["bronze:FindAndReplace","bronze:Assembly"],"picked":"bronze:RecursiveStrike","floor":16},{"not_picked":["bronze:Deprecate","bronze:BitShift"],"picked":"bronze:ChildClass","floor":19},{"not_picked":["bronze:ForceShield","bronze:OilSpill+1"],"picked":"bronze:Flail","floor":20},{"not_picked":["bronze:DigitalCarnage+1","bronze:Allocate"],"picked":"bronze:BronzeOrb","floor":21},{"not_picked":["bronze:WhirlingStrike","bronze:DelayedSlice"],"picked":"bronze:Branch+1","floor":23},{"not_picked":["bronze:Shield","bronze:ThunderWave","bronze:BuggyMess"],"picked":"SKIP","floor":25},{"not_picked":["bronze:OilSpill","bronze:Invalidate+1","bronze:WhirlingStrike"],"picked":"SKIP","floor":26},{"not_picked":["bronze:Overload","bronze:BronzeArmor"],"picked":"bronze:Format","floor":29},{"not_picked":["bronze:CloningBeam","bronze:Safeguard+1","bronze:BugBarrage"],"picked":"SKIP","floor":32},{"not_picked":["bronze:Break","bronze:Mutator"],"picked":"bronze:Format","floor":33},{"not_picked":["bronze:Overheat","bronze:GetLatest"],"picked":"bronze:Iterate+1","floor":36},{"not_picked":["bronze:Shield+1","bronze:BitShift"],"picked":"bronze:CutThrough+1","floor":37},{"not_picked":["bronze:Break","bronze:CutThrough+1"],"picked":"bronze:Repulsor","floor":39},{"not_picked":["bronze:BronzeArmor","bronze:CutThrough","bronze:Fortify"],"picked":"SKIP","floor":40},{"not_picked":["bronze:BugBarrage+1","bronze:Philosophize+1","bronze:WhirlingStrike+1"],"picked":"SKIP","floor":42},{"not_picked":["bronze:BitShift+1","bronze:DigitalCarnage+1","bronze:ForceShield+1"],"picked":"SKIP","floor":43},{"not_picked":["bronze:ForceShield","bronze:Frontload+1"],"picked":"bronze:BronzeOrb","floor":45},{"not_picked":["bronze:Boost","bronze:BitShift","bronze:Frontload+1"],"picked":"SKIP","floor":49}],"player_experience":142882,"relics_obtained":[{"floor":6,"key":"InkBottle"},{"floor":7,"key":"Juzu Bracelet"},{"floor":17,"key":"Dead Branch"},{"floor":17,"key":"infinitespire:CheckeredPen"},{"floor":17,"key":"War Paint"},{"floor":24,"key":"Whetstone"},{"floor":25,"key":"infinitespire:Magic Flask"},{"floor":29,"key":"Happy Flower"},{"floor":43,"key":"Vajra"},{"floor":45,"key":"StrikeDummy"}],"event_choices":[{"cards_removed":["bronze:Strike"],"damage_healed":0,"gold_gain":0,"player_choice":"Offered Basic","damage_taken":0,"max_hp_gain":0,"max_hp_loss":0,"event_name":"Bonfire Elementals","floor":3,"gold_loss":0}],"is_beta":false,"boss_relics":[{"not_picked":["Philosopher\u0027s Stone","Pandora\u0027s Box"],"picked":"Calling Bell"},{"not_picked":["hubris:TerracottaHorce","Runic Pyramid"],"picked":"Cursed Key"}],"items_purged_floors":[20,39],"is_endless":false,"potions_floor_spawned":[6,9,14,16,21,23,25,29,36,42,43,49],"killed_by":"IC_BLOCK_ARCHETYPE","ascension_level":1}}