{"host":"1n4zh8skucxnzijq","time":1613336580,"event":{"mods":["BaseMod","Minty Spire (QoL Compilation)","Quick Restart"],"gold_per_floor":[20,40,315,326,345,345,377,393,393,404,437,456,456,456,456,559,559,572,572,582,600,413,442,488,508,508,521,521,521],"floor_reached":28,"language":"ENG","playtime":1244,"items_purged":["Defend_R"],"score":330,"play_id":"072e7d3b-298a-4cd9-8df0-30d819e5ca67","local_time":"20210214210300","is_ascension_mode":true,"campfire_choices":[{"data":"Armaments","floor":6,"key":"SMITH"},{"data":"Body Slam","floor":13,"key":"SMITH"},{"data":"Havoc","floor":15,"key":"SMITH"}],"circlet_count":0,"master_deck":["Strike_R","Strike_R","Strike_R","Defend_R","Defend_R+1","Bash","Shrug It Off+1","Iron Wave","Armaments+1","Hemokinesis","Infernal Blade","Havoc+1","Spot Weakness","Reaper","Body Slam+1","Limit Break","Pummel","Bludgeon","Warcry+1"],"relics":["Black Blood","Shuriken","Eternal Feather","Tiny Chest","Membership Card","Mummified Hand","Bag of Marbles","War Paint"],"acts_visited":["Exordium","TheCity"],"potions_floor_usage":[10,11,16,20,23,23,27],"damage_taken":[{"damage":3,"enemies":"2 Louse","floor":1,"turns":4},{"damage":1,"enemies":"Cultist","floor":2,"turns":3},{"damage":12,"enemies":"Jaw Worm","floor":4,"turns":3},{"damage":7,"enemies":"Red Slaver","floor":5,"turns":5},{"damage":25,"enemies":"Lagavulin","floor":7,"turns":6},{"damage":15,"enemies":"3 Louse","floor":8,"turns":5},{"damage":15,"enemies":"Gremlin Gang","floor":10,"turns":5},{"damage":21,"enemies":"3 Sentries","floor":11,"turns":7},{"damage":14,"enemies":"Red Slaver","floor":12,"turns":6},{"damage":20,"enemies":"Hexaghost","floor":16,"turns":8},{"damage":7,"enemies":"Chosen","floor":18,"turns":4},{"damage":14,"enemies":"3 Byrds","floor":20,"turns":3},{"damage":40,"enemies":"Snake Plant","floor":21,"turns":5},{"damage":29,"enemies":"Book of Stabbing","floor":23,"turns":4},{"damage":15,"enemies":"Snecko","floor":25,"turns":3},{"damage":20,"enemies":"Sentry and Sphere","floor":27,"turns":5},{"damage":38,"enemies":"Gremlin Leader","floor":28,"turns":5}],"seed_played":"169652360050932529","potions_obtained":[{"floor":1,"key":"Dexterity Potion"},{"floor":8,"key":"Strength Potion"},{"floor":11,"key":"Weak Potion"},{"floor":12,"key":"DistilledChaos"},{"floor":20,"key":"SteroidPotion"},{"floor":21,"key":"Swift Potion"},{"floor":23,"key":"ColorlessPotion"}],"is_trial":false,"path_per_floor":["M","M","?","M","M","R","E","M","T","M","E","M","R","?","R","B",null,"M","?","M","M","$","E","T","M","T","M","E"],"character_chosen":"IRONCLAD","items_purchased":["Membership Card"],"campfire_rested":0,"item_purchase_floors":[22],"current_hp_per_floor":[75,80,80,74,73,73,54,45,45,36,21,22,31,31,40,41,70,75,75,78,56,56,39,39,42,42,34,0,0],"gold":521,"neow_bonus":"REMOVE_TWO","is_daily":false,"chose_seed":false,"campfire_upgraded":3,"win_rate":0.0,"timestamp":1613336580,"path_taken":["M","M","?","M","M","R","E","?","T","M","E","M","R","?","R","BOSS","M","?","?","M","$","E","?","?","T","M","E"],"items_purchased_type":["Relic"],"build_version":"2020-12-22","purchased_purges":1,"victory":false,"max_hp_per_floor":[80,80,80,80,80,80,80,80,80,80,80,80,80,80,80,80,80,80,80,80,80,80,80,80,80,80,80,80,80],"card_choices":[{"not_picked":["Shockwave","Warcry"],"picked":"Shrug It Off","floor":1},{"not_picked":["Cleave","Shrug It Off"],"picked":"Iron Wave","floor":2},{"not_picked":["Combust","Wild Strike"],"picked":"Armaments","floor":4},{"not_picked":["Carnage","Anger"],"picked":"Hemokinesis","floor":5},{"not_picked":["Body Slam","Bloodletting"],"picked":"Infernal Blade","floor":7},{"not_picked":["Thunderclap","Rage"],"picked":"Havoc","floor":8},{"not_picked":["Thunderclap","Rage"],"picked":"Spot Weakness","floor":10},{"not_picked":["Hemokinesis","Shrug It Off"],"picked":"Reaper","floor":11},{"not_picked":["Inflame","Flex"],"picked":"Body Slam","floor":12},{"not_picked":["Barricade","Immolate"],"picked":"Limit Break","floor":16},{"not_picked":["Perfected Strike","Clothesline","Iron Wave+1"],"picked":"SKIP","floor":18},{"not_picked":["Havoc","Headbutt","Sever Soul"],"picked":"SKIP","floor":20},{"not_picked":["Cleave+1","Sword Boomerang"],"picked":"Pummel","floor":21},{"not_picked":["Uppercut","Twin Strike"],"picked":"Bludgeon","floor":23},{"not_picked":["Shrug It Off","Headbutt"],"picked":"Warcry+1","floor":25},{"not_picked":["Warcry","Cleave","Power Through"],"picked":"SKIP","floor":27}],"player_experience":1052957,"relics_obtained":[{"floor":7,"key":"Shuriken"},{"floor":9,"key":"Eternal Feather"},{"floor":11,"key":"Tiny Chest"},{"floor":23,"key":"Mummified Hand"},{"floor":24,"key":"Bag of Marbles"},{"floor":26,"key":"War Paint"}],"event_choices":[{"damage_healed":0,"gold_gain":275,"player_choice":"Desecrate","damage_taken":0,"max_hp_gain":0,"max_hp_loss":0,"event_name":"Golden Shrine","floor":3,"gold_loss":0,"cards_obtained":["Regret"]},{"cards_removed":["Regret"],"damage_healed":0,"gold_gain":0,"player_choice":"Forget","damage_taken":0,"max_hp_gain":0,"max_hp_loss":0,"event_name":"Living Wall","floor":14,"gold_loss":0},{"cards_removed":["Strike_R"],"damage_healed":0,"gold_gain":0,"player_choice":"Purged","damage_taken":0,"max_hp_gain":0,"max_hp_loss":0,"event_name":"Purifier","floor":19,"gold_loss":0}],"is_beta":false,"boss_relics":[{"not_picked":["Astrolabe","Ectoplasm"],"picked":"Black Blood"}],"items_purged_floors":[22],"is_endless":false,"potions_floor_spawned":[1,8,11,12,20,21,23],"killed_by":"Gremlin Leader","ascension_level":6}}