{"host":"April","time":1613290244,"event":{"mods":["BaseMod","Minty Spire (QoL Compilation)"],"gold_per_floor":[118,138,138,214,234,263,263,295,295,41,41,73,73,86,86,189,189,206,305,305,321,334,334,362,375,375,388,415,188,188,206,206,303,303,313,328,328,378,378,393,425,34,59,79,79,95,123,123,123,123],"floor_reached":51,"language":"ENG","playtime":5279,"items_purged":[],"score":802,"play_id":"c0990bd7-2642-4aac-ac23-2c911191db77","local_time":"20210214001044","is_ascension_mode":true,"campfire_choices":[{"floor":11.0,"key":"REST"},{"floor":13.0,"key":"REST"},{"data":"Rainbow","floor":15.0,"key":"SMITH"},{"floor":23.0,"key":"REST"},{"floor":32.0,"key":"REST"},{"data":"Seek","floor":45,"key":"SMITH"},{"data":"Capacitor","floor":49,"key":"SMITH"}],"circlet_count":0,"master_deck":["Strike_B","Defend_B","Defend_B","Defend_B","Zap","Dualcast","Sunder","Chill","Rainbow+1","Compile Driver","Capacitor+1","Ball Lightning","Cold Snap","Redo","Coolheaded","Cold Snap","Meteor Strike","Go for the Eyes","Lockon","Consume","Loop","Chaos","Coolheaded","Static Discharge+1","Cold Snap","White Noise+1","Apotheosis+1","Steam","Undo","Seek+1","Aggregate","Skim+1","Biased Cognition","Beam Cell+1","Self Repair+1","Capacitor+1","Melter+1","Glacier+1","Coolheaded+1","Doom and Gloom+1","Panacea","Darkness+1","Conserve Battery","Force Field"],"relics":["Cracked Core","Regal Pillow","Emotion Chip","Blue Candle","Ornamental Fan","Dream Catcher","Pantograph","Sozu","Boot","Darkstone Periapt","The Courier","Astrolabe","Bird Faced Urn","White Beast Statue","Lee\u0027s Waffle","Mummified Hand","Juzu Bracelet","HornCleat"],"acts_visited":["Exordium","TheCity","TheBeyond"],"potions_floor_usage":[],"damage_taken":[{"damage":0.0,"enemies":"Small Slimes","floor":1.0,"turns":3.0},{"damage":6.0,"enemies":"Jaw Worm","floor":2.0,"turns":3.0},{"damage":1.0,"enemies":"Cultist","floor":5.0,"turns":3.0},{"damage":29.0,"enemies":"Lagavulin","floor":6.0,"turns":9.0},{"damage":13.0,"enemies":"Gremlin Nob","floor":8.0,"turns":4.0},{"damage":16.0,"enemies":"Lagavulin","floor":12.0,"turns":5.0},{"damage":10.0,"enemies":"2 Fungi Beasts","floor":14.0,"turns":3.0},{"damage":29.0,"enemies":"Hexaghost","floor":16.0,"turns":7.0},{"damage":7.0,"enemies":"3 Byrds","floor":18.0,"turns":4.0},{"damage":18.0,"enemies":"2 Thieves","floor":21.0,"turns":4.0},{"damage":18.0,"enemies":"3 Cultists","floor":22.0,"turns":5.0},{"damage":21.0,"enemies":"Book of Stabbing","floor":24.0,"turns":5.0},{"damage":21.0,"enemies":"Snake Plant","floor":25.0,"turns":4.0},{"damage":5.0,"enemies":"Centurion and Healer","floor":27.0,"turns":9.0},{"damage":17.0,"enemies":"Gremlin Leader","floor":28.0,"turns":9.0},{"damage":0.0,"enemies":"Cultist and Chosen","floor":31.0,"turns":7.0},{"damage":10.0,"enemies":"Champ","floor":33.0,"turns":10.0},{"damage":5.0,"enemies":"3 Shapes","floor":35.0,"turns":8.0},{"damage":6.0,"enemies":"Orb Walker","floor":36.0,"turns":3.0},{"damage":28.0,"enemies":"2 Orb Walkers","floor":38.0,"turns":4.0},{"damage":7.0,"enemies":"Sphere and 2 Shapes","floor":40.0,"turns":5.0},{"damage":51.0,"enemies":"Giant Head","floor":41.0,"turns":9.0},{"damage":0.0,"enemies":"3 Darklings","floor":44.0,"turns":5.0},{"damage":32,"enemies":"Transient","floor":46,"turns":5},{"damage":0,"enemies":"Nemesis","floor":47,"turns":5},{"damage":11,"enemies":"Donu and Deca","floor":50,"turns":9}],"seed_played":"-6972192532618031782","potions_obtained":[{"floor":1.0,"key":"Dexterity Potion"},{"floor":12.0,"key":"FocusPotion"},{"floor":14.0,"key":"SneckoOil"},{"floor":16.0,"key":"Fire Potion"}],"is_trial":false,"path_per_floor":["M","M","?","?","M","E","?","E","T","$","R","E","R","M","R","B",null,"M","?","?","M","M","R","E","M","T","M","E","$","?","M","R","B",null,"M","M","?","?","?","M","E","$","T","M","R","M","E","?","R","B",null],"character_chosen":"DEFECT","items_purchased":["Dream Catcher","Capacitor","Ball Lightning","Apotheosis","Steam","Undo","Lee\u0027s Waffle","Mummified Hand","Panacea"],"campfire_rested":4,"item_purchase_floors":[10,10,10,29,29,29,42,42,42],"current_hp_per_floor":[75,69,74,74,73,44,44,31,31,31,70,54,80,70,70,51,80,73,73,73,55,37,76,55,34,34,29,12,12,12,12,51,66,80,80,74,74,46,46,59,28,87,87,87,87,75,87,87,87,87],"gold":123,"neow_bonus":"RANDOM_COMMON_RELIC","is_daily":false,"chose_seed":false,"campfire_upgraded":3,"win_rate":0.0,"timestamp":1613290244,"path_taken":["M","M","?","?","M","E","?","E","T","$","R","E","R","?","R","BOSS","M","?","?","M","M","R","E","M","T","?","E","$","?","M","R","BOSS","M","?","?","?","?","M","E","$","T","M","R","M","E","?","R","BOSS"],"items_purchased_type":["Relic","Card","Card","Card","Card","Card","Relic","Relic","Card"],"build_version":"2020-12-18","purchased_purges":0,"victory":true,"max_hp_per_floor":[75,75,80,80,80,80,80,80,80,80,80,80,80,80,80,80,80,80,80,80,80,80,80,80,80,80,80,80,80,80,80,80,80,80,80,80,80,80,80,80,80,87,87,87,87,87,87,87,87,87],"card_choices":[{"not_picked":["Fusion","Turbo"],"picked":"Rebound","floor":1.0},{"not_picked":["Sweeping Beam","Steam"],"picked":"Sunder","floor":2.0},{"not_picked":["Reprogram","Scrape"],"picked":"BootSequence","floor":5.0},{"not_picked":["Stack","Turbo"],"picked":"Chill","floor":6.0},{"not_picked":["Aggregate","Sunder"],"picked":"Compile Driver","floor":8.0},{"not_picked":["All For One","Beam Cell"],"picked":"Cold Snap","floor":11.0},{"not_picked":["Steam","Steam Power"],"picked":"Redo","floor":12.0},{"not_picked":["Chill","Sweeping Beam"],"picked":"Coolheaded","floor":13.0},{"not_picked":["Barrage","Sunder"],"picked":"Cold Snap","floor":14.0},{"not_picked":["Reboot","Thunder Strike"],"picked":"Meteor Strike","floor":16.0},{"not_picked":["Streamline","Compile Driver"],"picked":"Go for the Eyes","floor":18.0},{"not_picked":["FTL+1","Melter+1"],"picked":"Consume","floor":21.0},{"not_picked":["Stack","Go for the Eyes"],"picked":"Loop","floor":22.0},{"not_picked":["Rebound","Hologram"],"picked":"Chaos","floor":23.0},{"not_picked":["Go for the Eyes","Sunder"],"picked":"Coolheaded","floor":24.0},{"not_picked":["Turbo+1","Gash"],"picked":"Static Discharge+1","floor":25.0},{"not_picked":["Compile Driver+1","Auto Shields"],"picked":"Cold Snap","floor":27.0},{"not_picked":["Sweeping Beam","Skim"],"picked":"White Noise+1","floor":28.0},{"not_picked":["Stack","Scrape+1","Streamline"],"picked":"SKIP","floor":31.0},{"not_picked":["Stack+1","Force Field"],"picked":"Skim+1","floor":32.0},{"not_picked":["Thunder Strike","Multi-Cast"],"picked":"Biased Cognition","floor":33.0},{"not_picked":["Rebound+1","Coolheaded+1"],"picked":"Melter+1","floor":35.0},{"not_picked":["Leap+1","Conserve Battery+1"],"picked":"Glacier+1","floor":36.0},{"not_picked":["Steam","Conserve Battery"],"picked":"Coolheaded+1","floor":38.0},{"not_picked":["Leap+1","Compile Driver+1"],"picked":"Doom and Gloom+1","floor":40.0},{"not_picked":["Steam Power+1","Steam+1","BootSequence"],"picked":"SKIP","floor":41.0},{"not_picked":["Storm+1","Steam Power"],"picked":"Darkness+1","floor":44.0},{"not_picked":["Barrage","Undo"],"picked":"Conserve Battery","floor":46},{"not_picked":["Skim+1","Barrage+1"],"picked":"Force Field","floor":47}],"player_experience":2668972,"relics_obtained":[{"floor":6.0,"key":"Emotion Chip"},{"floor":8.0,"key":"Blue Candle"},{"floor":9.0,"key":"Ornamental Fan"},{"floor":12.0,"key":"Pantograph"},{"floor":24.0,"key":"Boot"},{"floor":26.0,"key":"Darkstone Periapt"},{"floor":28.0,"key":"The Courier"},{"floor":38.0,"key":"Bird Faced Urn"},{"floor":41.0,"key":"White Beast Statue"},{"floor":43.0,"key":"Juzu Bracelet"},{"floor":47,"key":"HornCleat"}],"event_choices":[{"damage_healed":0.0,"max_hp_gain":5.0,"max_hp_loss":0.0,"gold_gain":0.0,"event_name":"Big Fish","player_choice":"Donut","floor":3.0,"gold_loss":0.0,"damage_taken":0.0},{"damage_healed":0.0,"max_hp_gain":0.0,"max_hp_loss":0.0,"gold_gain":76.0,"event_name":"Golden Wing","player_choice":"Gained Gold","floor":4.0,"gold_loss":0.0,"damage_taken":0.0},{"damage_healed":0.0,"max_hp_gain":0.0,"max_hp_loss":0.0,"gold_gain":0.0,"cards_transformed":["BootSequence"],"event_name":"Living Wall","player_choice":"Change","floor":7.0,"gold_loss":0.0,"damage_taken":0.0,"cards_obtained":["Rainbow"]},{"damage_healed":0.0,"max_hp_gain":0.0,"max_hp_loss":0.0,"gold_gain":99.0,"event_name":"Nest","player_choice":"Stole From Cult","floor":19.0,"gold_loss":0.0,"damage_taken":0.0},{"cards_removed":["Rebound"],"damage_healed":0.0,"max_hp_gain":0.0,"max_hp_loss":0.0,"gold_gain":0.0,"event_name":"NoteForYourself","player_choice":"Took Card","floor":20.0,"gold_loss":0.0,"damage_taken":0.0,"cards_obtained":["Lockon"]},{"damage_healed":0.0,"max_hp_gain":0.0,"max_hp_loss":0.0,"gold_gain":0.0,"event_name":"Match and Keep!","player_choice":"2 cards matched","floor":30.0,"gold_loss":0.0,"damage_taken":0.0,"cards_obtained":["Seek","Aggregate"]},{"cards_removed":["Defend_B"],"damage_healed":0.0,"max_hp_gain":0.0,"max_hp_loss":0.0,"gold_gain":0.0,"event_name":"Falling","player_choice":"Removed Skill","floor":37.0,"gold_loss":0.0,"damage_taken":0.0},{"damage_healed":0.0,"max_hp_gain":0.0,"max_hp_loss":0.0,"gold_gain":0.0,"event_name":"Mysterious Sphere","player_choice":"Fight","floor":38.0,"gold_loss":0.0,"damage_taken":0.0},{"damage_healed":0.0,"max_hp_gain":0.0,"max_hp_loss":0.0,"gold_gain":0.0,"event_name":"Upgrade Shrine","player_choice":"Upgraded","floor":39.0,"gold_loss":0.0,"damage_taken":0.0,"cards_upgraded":["Apotheosis"]},{"damage_healed":0,"gold_gain":0,"player_choice":"Got Potions","damage_taken":0,"max_hp_gain":0,"max_hp_loss":0,"event_name":"Lab","floor":48,"gold_loss":0}],"is_beta":true,"boss_relics":[{"not_picked":["Busted Crown","Philosopher\u0027s Stone"],"picked":"Sozu"},{"not_picked":["Pandora\u0027s Box","Fusion Hammer"],"picked":"Astrolabe"}],"items_purged_floors":[],"is_endless":false,"potions_floor_spawned":[1,12,14,16,18,24,25,27,31,35,44,46,47],"ascension_level":1}}