{"host":"o88u0awh8mkwl1l8","time":1613301010,"event":{"mods":["BaseMod","Colored Map","Highlight Path","Minty Spire (QoL Compilation)"],"gold_per_floor":[113,123,198,211,221,251,264,295,321,338,338,355,366,383,383,460,460,477,477,487,335,345,375,110,110,110,142,160,160,190,203,203,280,280,294,361,361,361,374,400,400,432,432,447,447,347,361,402,402,402,402,402,402,238,270,270,270],"floor_reached":56,"language":"JPN","playtime":11052,"items_purged":["Writhe","Evaluate","Pain","Strike_P"],"score":2070,"play_id":"7dc1ac07-f4a4-4f1d-ae1c-4389c002c836","local_time":"20210214201010","is_ascension_mode":true,"campfire_choices":[{"floor":15.0,"key":"REST"},{"data":"BattleHymn","floor":25.0,"key":"SMITH"},{"floor":29.0,"key":"REST"},{"floor":32.0,"key":"RECALL"},{"floor":41.0,"key":"REST"},{"floor":49,"key":"REST"},{"floor":53,"key":"REST"}],"circlet_count":0,"master_deck":["AscendersBane","Strike_P","Strike_P+1","Strike_P","Defend_P","Defend_P","Defend_P","Eruption","Vigilance","Blasphemy","BattleHymn+1","Protect","MasterReality","CarveReality+1","CutThroughFate","Protect","Brilliance","Worship","Wallop","SpiritShield","Wallop","Worship","Wish","Omniscience","Swivel","Protect+1","Fasting2+1","SandsOfTime","Alpha","Swivel+1"],"relics":["PureWater","Pear","Pocketwatch","Dream Catcher","Eternal Feather","Snecko Eye","Nunchaku","Vajra","Whetstone","Ginger","Meat on the Bone","Fusion Hammer","WarpedTongs","The Courier","Darkstone Periapt","Happy Flower"],"acts_visited":["Exordium","TheCity","TheBeyond","TheEnding"],"potions_floor_usage":[56,56],"damage_taken":[{"damage":2.0,"enemies":"2 Louse","floor":1.0,"turns":4.0},{"damage":0.0,"enemies":"Jaw Worm","floor":2.0,"turns":3.0},{"damage":0.0,"enemies":"Cultist","floor":4.0,"turns":3.0},{"damage":15.0,"enemies":"3 Louse","floor":5.0,"turns":3.0},{"damage":11.0,"enemies":"3 Sentries","floor":6.0,"turns":6.0},{"damage":1.0,"enemies":"Blue Slaver","floor":7.0,"turns":4.0},{"damage":0.0,"enemies":"Lagavulin","floor":8.0,"turns":4.0},{"damage":0.0,"enemies":"Large Slime","floor":10.0,"turns":2.0},{"damage":0.0,"enemies":"Gremlin Gang","floor":12.0,"turns":5.0},{"damage":4.0,"enemies":"Lots of Slimes","floor":13.0,"turns":3.0},{"damage":0.0,"enemies":"2 Fungi Beasts","floor":14.0,"turns":2.0},{"damage":34.0,"enemies":"The Guardian","floor":16.0,"turns":8.0},{"damage":0.0,"enemies":"Spheric Guardian","floor":18.0,"turns":2.0},{"damage":11.0,"enemies":"Shell Parasite","floor":20.0,"turns":2.0},{"damage":0.0,"enemies":"Snake Plant","floor":22.0,"turns":2.0},{"damage":19.0,"enemies":"Book of Stabbing","floor":23.0,"turns":4.0},{"damage":11.0,"enemies":"Slavers","floor":27.0,"turns":5.0},{"damage":0.0,"enemies":"Centurion and Healer","floor":28.0,"turns":3.0},{"damage":0.0,"enemies":"Gremlin Leader","floor":30.0,"turns":4.0},{"damage":0.0,"enemies":"Shelled Parasite and Fungi","floor":31.0,"turns":3.0},{"damage":13.0,"enemies":"Champ","floor":33.0,"turns":7.0},{"damage":2.0,"enemies":"3 Darklings","floor":35.0,"turns":3.0},{"damage":0.0,"enemies":"3 Shapes","floor":36.0,"turns":5.0},{"damage":25.0,"enemies":"3 Darklings","floor":39.0,"turns":5.0},{"damage":41.0,"enemies":"Reptomancer","floor":40.0,"turns":5.0},{"damage":21.0,"enemies":"Nemesis","floor":42.0,"turns":3.0},{"damage":33,"enemies":"Jaw Worm Horde","floor":44,"turns":3},{"damage":0,"enemies":"Maw","floor":47,"turns":4},{"damage":0,"enemies":"Sphere and 2 Shapes","floor":48,"turns":10},{"damage":24,"enemies":"Donu and Deca","floor":50,"turns":10},{"damage":46,"enemies":"Time Eater","floor":51,"turns":10},{"damage":13,"enemies":"Shield and Spear","floor":55,"turns":4},{"damage":100,"enemies":"The Heart","floor":56,"turns":3}],"seed_played":"2540778242192228806","potions_obtained":[{"floor":4.0,"key":"DistilledChaos"},{"floor":6.0,"key":"Block Potion"},{"floor":10.0,"key":"Fire Potion"},{"floor":12.0,"key":"FearPotion"},{"floor":13.0,"key":"Weak Potion"},{"floor":23.0,"key":"ColorlessPotion"},{"floor":27.0,"key":"ColorlessPotion"},{"floor":31.0,"key":"Regen Potion"},{"floor":36.0,"key":"LiquidBronze"},{"floor":39.0,"key":"LiquidMemories"},{"floor":40.0,"key":"PowerPotion"}],"is_trial":false,"path_per_floor":["M","M","?","M","M","E","M","E","T","M","T","M","M","M","R","B",null,"M","?","M","$","M","E","$","R","T","E","M","R","E","M","R","B",null,"M","M","?","?","M","E","R","E","T","M","?","$","M","M","R","B","B",null,"R","$","E","B"],"character_chosen":"WATCHER","items_purchased":["Worship","SpiritShield","PowerPotion"],"campfire_rested":5,"item_purchase_floors":[21,24,54],"current_hp_per_floor":[59,59,48,48,33,32,31,31,31,31,31,31,27,27,59,25,65,65,65,54,54,54,35,35,47,47,36,36,71,71,71,78,65,75,73,73,73,73,57,28,69,48,48,27,27,27,39,51,78,54,20,64,78,78,65,0,0],"gold":270,"neow_bonus":"ONE_RANDOM_RARE_CARD","is_daily":false,"chose_seed":false,"campfire_upgraded":1,"win_rate":0.0,"timestamp":1613301010,"path_taken":["M","M","?","M","M","E","M","E","T","M","?","M","?","M","R","BOSS","M","?","M","$","M","E","$","R","T","E","M","R","E","M","R","BOSS","M","M","?","?","?","E","R","E","T","?","?","$","M","M","R","BOSS","BOSS","R","$","E","BOSS"],"items_purchased_type":["Card","Card","Potion"],"build_version":"2020-12-22","purchased_purges":4,"victory":false,"max_hp_per_floor":[68,68,68,68,68,78,78,78,78,78,78,78,78,78,78,78,78,78,78,78,78,78,78,78,78,78,78,78,78,78,78,78,78,78,78,78,78,78,78,78,78,78,78,78,78,78,78,78,78,78,78,78,78,78,78,78,78],"card_choices":[{"not_picked":["JustLucky","PathToVictory","FlyingSleeves"],"picked":"SKIP","floor":1.0},{"not_picked":["ClearTheMind","FollowUp"],"picked":"BattleHymn","floor":2.0},{"not_picked":["PathToVictory","Prostrate","Pray"],"picked":"SKIP","floor":4.0},{"not_picked":["SashWhip","FlurryOfBlows"],"picked":"Protect","floor":5.0},{"not_picked":["Conclude","PathToVictory"],"picked":"MasterReality","floor":6.0},{"not_picked":["FlyingSleeves","WaveOfTheHand"],"picked":"Evaluate","floor":7.0},{"not_picked":["JustLucky","MentalFortress","CrushJoints"],"picked":"SKIP","floor":8.0},{"not_picked":["ClearTheMind","WindmillStrike"],"picked":"CarveReality","floor":10.0},{"not_picked":["Indignation","Adaptation","ForeignInfluence"],"picked":"SKIP","floor":12.0},{"not_picked":["Study","WaveOfTheHand"],"picked":"CutThroughFate","floor":13.0},{"not_picked":["Meditate","ClearTheMind"],"picked":"Protect","floor":14.0},{"not_picked":["MasterReality","Scrawl"],"picked":"Brilliance","floor":16.0},{"not_picked":["SashWhip","ClearTheMind","FlyingSleeves"],"picked":"SKIP","floor":18.0},{"not_picked":["FlurryOfBlows","ForeignInfluence","EmptyBody"],"picked":"SKIP","floor":20.0},{"not_picked":["ClearTheMind","Meditate","ThirdEye"],"picked":"SKIP","floor":22.0},{"not_picked":["WindmillStrike","CutThroughFate"],"picked":"Wallop","floor":23.0},{"not_picked":["LikeWater","Consecrate"],"picked":"Wallop","floor":27.0},{"not_picked":["Consecrate","PathToVictory"],"picked":"Worship","floor":28.0},{"not_picked":["ThirdEye","Halt"],"picked":"Wish","floor":30.0},{"not_picked":["ReachHeaven","Collect","FollowUp"],"picked":"SKIP","floor":31.0},{"not_picked":["DeusExMachina","Blasphemy"],"picked":"Omniscience","floor":33.0},{"not_picked":["ThirdEye","Halt"],"picked":"Swivel","floor":35.0},{"not_picked":["Indignation","ThirdEye"],"picked":"Protect+1","floor":36.0},{"not_picked":["FlyingSleeves","EmptyFist+1"],"picked":"Fasting2+1","floor":39.0},{"not_picked":["EmptyFist","Consecrate"],"picked":"SandsOfTime","floor":40.0},{"not_picked":["Weave","JustLucky+1"],"picked":"Alpha","floor":42.0},{"not_picked":["CarveReality","FlurryOfBlows","Study"],"picked":"SKIP","floor":44},{"not_picked":["CutThroughFate","Consecrate+1","EmptyFist"],"picked":"SKIP","floor":47},{"not_picked":["FlurryOfBlows+1","PathToVictory","ForeignInfluence"],"picked":"SKIP","floor":48},{"not_picked":["Collect","Protect"],"picked":"Swivel+1","floor":53},{"not_picked":["Blasphemy","MentalFortress+1","Adaptation+1"],"picked":"SKIP","floor":55}],"player_experience":1208327,"relics_obtained":[{"floor":6.0,"key":"Pear"},{"floor":8.0,"key":"Pocketwatch"},{"floor":9.0,"key":"Dream Catcher"},{"floor":11.0,"key":"Eternal Feather"},{"floor":23.0,"key":"Vajra"},{"floor":26.0,"key":"Whetstone"},{"floor":27.0,"key":"Ginger"},{"floor":30.0,"key":"Meat on the Bone"},{"floor":40.0,"key":"The Courier"},{"floor":42.0,"key":"Darkstone Periapt"},{"floor":55,"key":"Happy Flower"}],"event_choices":[{"damage_healed":0.0,"max_hp_gain":0.0,"max_hp_loss":0.0,"gold_gain":75.0,"event_name":"World of Goop","player_choice":"Gather Gold","floor":3.0,"gold_loss":0.0,"damage_taken":11.0},{"damage_healed":0.0,"max_hp_gain":0.0,"max_hp_loss":0.0,"gold_gain":0.0,"event_name":"The Mausoleum","player_choice":"Opened","floor":19.0,"gold_loss":0.0,"damage_taken":0.0,"relics_obtained":["Nunchaku"],"cards_obtained":["Writhe"]},{"damage_healed":0.0,"max_hp_gain":0.0,"max_hp_loss":0.0,"gold_gain":0.0,"event_name":"Tomb of Lord Red Mask","player_choice":"Ignored","floor":37.0,"gold_loss":0.0,"damage_taken":0.0},{"damage_healed":0.0,"max_hp_gain":0.0,"max_hp_loss":0.0,"gold_gain":0.0,"event_name":"Accursed Blacksmith","player_choice":"Rummage","floor":38.0,"gold_loss":0.0,"damage_taken":0.0,"relics_obtained":["WarpedTongs"],"cards_obtained":["Pain"]},{"cards_removed":["Defend_P"],"damage_healed":0,"gold_gain":0,"player_choice":"Removed Skill","damage_taken":0,"max_hp_gain":0,"max_hp_loss":0,"event_name":"Falling","floor":45,"gold_loss":0}],"is_beta":false,"boss_relics":[{"not_picked":["Empty Cage","Pandora\u0027s Box"],"picked":"Snecko Eye"},{"not_picked":["HolyWater","Runic Dome"],"picked":"Fusion Hammer"}],"items_purged_floors":[21,24,46,54],"is_endless":false,"potions_floor_spawned":[4,6,10,12,13,14,23,27,31,36,39,40],"killed_by":"The Heart","ascension_level":20}}