{"host":"og21o26alpnbwmz8","time":1613325833,"event":{"mods":["Act Like it!","Aspiration","BaseMod","Conspire","Downfall","Gensokyo","Halation","Hubris","Jedi Mod","Mimic Mod","Minty Spire (QoL Compilation)","Pale of the Ancients","Reliquary","Replay The Spire","Shop Mod","Spikes Relics","StSLib","The Alterego","The Blue Laboratory","The Clintock","The Disciple","The Poker Player","The Witch","Waifu the Spire","Yuri Mod"],"gold_per_floor":[110,185,59,71,88,88,88],"floor_reached":6,"language":"ENG","playtime":248,"items_purged":[],"score":36,"play_id":"fc737fd5-6cb9-44d7-acc0-66a201df8af1","local_time":"20210214130353","is_ascension_mode":false,"campfire_choices":[],"circlet_count":0,"master_deck":["clintock:ClintockStrike","clintock:ClintockStrike","clintock:ClintockStrike","clintock:ClintockDefend","clintock:ClintockDefend","clintock:ClintockDefend","clintock:ClintockDefend","clintock:BaseSynthesis","clintock:Replenish","clintock:Fluorescein","clintock:DegradedPrimer"],"relics":["clintock:BiomoleculePool"],"acts_visited":["Exordium"],"potions_floor_usage":[6],"damage_taken":[{"damage":1,"enemies":"Small Slimes","floor":1,"turns":5},{"damage":0,"enemies":"Cultist","floor":4,"turns":5},{"damage":0,"enemies":"2 Louse","floor":5,"turns":5},{"damage":7,"enemies":"3 Sentries","floor":6,"turns":2}],"seed_played":"-1683968420282883432","potions_obtained":[{"floor":5,"key":"Slimebound:ThreeZeroPotion"}],"is_trial":false,"path_per_floor":["M","?","$","M","M","E"],"character_chosen":"CLINTOCK_CLASS","items_purchased":["clintock:Fluorescein","clintock:DegradedPrimer"],"campfire_rested":0,"item_purchase_floors":[3,3],"current_hp_per_floor":[79,71,71,71,71,64,64],"gold":88,"neow_bonus":"REMOVE_CARD","is_daily":false,"chose_seed":false,"campfire_upgraded":0,"win_rate":0.0,"timestamp":1613325833,"path_taken":["M","?","$","M","?","E"],"items_purchased_type":["Card","Card"],"build_version":"2020-12-22","purchased_purges":0,"victory":false,"max_hp_per_floor":[80,80,80,80,80,80,80],"card_choices":[{"not_picked":["clintock:EnergyDrink","clintock:Interrupt","clintock:Obstruct"],"picked":"SKIP","floor":1},{"not_picked":["clintock:Immunodeficiency","clintock:Jab","clintock:Polymerize"],"picked":"SKIP","floor":4},{"not_picked":["clintock:Interrupt","clintock:ProteinUtilization","clintock:Irradiate"],"picked":"SKIP","floor":5}],"player_experience":304016,"relics_obtained":[],"event_choices":[{"damage_healed":0,"gold_gain":75,"player_choice":"Touch","damage_taken":8,"max_hp_gain":0,"max_hp_loss":0,"event_name":"FaceTrader","floor":2,"gold_loss":0}],"is_beta":false,"boss_relics":[],"items_purged_floors":[],"is_endless":false,"potions_floor_spawned":[5],"killed_by":"3 Sentries","ascension_level":0}}