{"host":"9dqe4r8waz2n7vhn","time":1613342790,"event":{"mods":["BaseMod","Colored Map","Minty Spire (QoL Compilation)","Rare Cards Sparkle","Replay The Spire","StSLib","Synergy Search"],"gold_per_floor":[114,133,153,172,192,225,27,41,90,90,101,101,118,133,133,133,133],"floor_reached":16,"language":"ENG","playtime":1045,"items_purged":[],"score":108,"play_id":"62542bf2-3f44-4e5f-8ced-6b2ea3a2225a","local_time":"20210214164630","is_ascension_mode":false,"campfire_choices":[{"floor":10,"key":"REST"},{"floor":12,"key":"REST"},{"floor":15,"key":"REST"}],"circlet_count":0,"master_deck":["Strike_R","Strike_R","Strike_R","Strike_R","Strike_R","Defend_R","Defend_R","Defend_R","Defend_R","Bash","Replay:Parry","Metallicize","Pummel","Warcry","Run Through","Infernal Blade","Reaper","Replay:BasicMightCard","Berserk","Armaments","Replay:Undeath\u0027s Touch","Pummel"],"relics":["Burning Blood","The Courier","ReplayTheSpireMod:Spearhead"],"acts_visited":["Exordium"],"potions_floor_usage":[5,6,16,16,16],"damage_taken":[{"damage":10,"enemies":"Small Slimes","floor":1,"turns":4},{"damage":0,"enemies":"2 Louse","floor":2,"turns":3},{"damage":6,"enemies":"Cultist","floor":3,"turns":4},{"damage":3,"enemies":"3 Louse","floor":4,"turns":6},{"damage":5,"enemies":"2 Fungi Beasts","floor":5,"turns":4},{"damage":51,"enemies":"Gremlin Nob","floor":6,"turns":6},{"damage":5,"enemies":"Red Slaver","floor":8,"turns":3},{"damage":20,"enemies":"3 Louse","floor":11,"turns":5},{"damage":27,"enemies":"Blue Slaver","floor":13,"turns":5},{"damage":5,"enemies":"2 Fungi Beasts","floor":14,"turns":3},{"damage":86,"enemies":"The Guardian","floor":16,"turns":10}],"seed_played":"-2234270033250531375","potions_obtained":[{"floor":2,"key":"Energy Potion"},{"floor":5,"key":"Languid Potion"},{"floor":8,"key":"PowerPotion"},{"floor":11,"key":"BlessingOfTheForge"},{"floor":13,"key":"SpeedPotion"}],"is_trial":false,"path_per_floor":["M","M","M","M","M","E","$","M","T","R","M","R","M","M","R","B"],"character_chosen":"IRONCLAD","items_purchased":["Reaper","Replay:BasicMightCard"],"campfire_rested":3,"item_purchase_floors":[7,7],"current_hp_per_floor":[76,80,80,80,80,35,35,36,36,60,52,76,59,60,80,0,0],"gold":133,"neow_bonus":"RANDOM_COLORLESS","is_daily":false,"chose_seed":false,"campfire_upgraded":0,"win_rate":0.0,"timestamp":1613342790,"path_taken":["M","M","M","M","M","E","$","M","T","R","M","R","M","M","R","BOSS"],"items_purchased_type":["Card","Card"],"build_version":"2020-12-22","purchased_purges":0,"victory":false,"max_hp_per_floor":[80,80,80,80,80,80,80,80,80,80,80,80,80,80,80,80,80],"card_choices":[{"not_picked":["ReplayTheSpireMod:Private Reserves","Deep Breath"],"picked":"Replay:Parry","floor":0},{"not_picked":["Perfected Strike","Entrench"],"picked":"Metallicize","floor":1},{"not_picked":["Run Through","Twin Strike"],"picked":"Pummel","floor":2},{"not_picked":["Metallicize","ReplayTheSpireMod:Strike From Hell","Anger"],"picked":"SKIP","floor":3},{"not_picked":["Metallicize","Blood for Blood"],"picked":"Warcry","floor":4},{"not_picked":["Twin Strike","ReplayTheSpireMod:Limb From Limb"],"picked":"Run Through","floor":5},{"not_picked":["Cleave","Headbutt"],"picked":"Infernal Blade","floor":6},{"not_picked":["Bloodletting","Clash"],"picked":"Berserk","floor":8},{"not_picked":["Evolve","Blood for Blood"],"picked":"Armaments","floor":11},{"not_picked":["Cleave","Perfected Strike"],"picked":"Replay:Undeath\u0027s Touch","floor":13},{"not_picked":["Disarm","Sword Boomerang"],"picked":"Pummel","floor":14}],"player_experience":596464,"relics_obtained":[{"floor":6,"key":"The Courier"},{"floor":9,"key":"ReplayTheSpireMod:Spearhead"}],"event_choices":[],"is_beta":false,"boss_relics":[],"items_purged_floors":[],"is_endless":false,"potions_floor_spawned":[2,5,8,11,13,14],"killed_by":"The Guardian","ascension_level":0}}