{"host":"2e3z4r48quhw80cc","time":1613337118,"event":{"mods":["BaseMod","Minty Spire (QoL Compilation)","Quick Restart","StSLib","SuperFastMode"],"gold_per_floor":[112,112,112,122,142,177,209,241,287,312,342,358,323,351,351,428,428,446,458,458,0,35,69,96,123,148,177,177,31,66,101,101,176,176,193,210,238,117,133,163,31,66,101,142,172,216,228,258,270,282,294],"floor_reached":52,"language":"KOR","playtime":1509,"items_purged":["Pain","Ball Lightning+1"],"score":3389,"play_id":"a911ae92-734a-45c3-bf86-34b60383ca1b","local_time":"20210215061158","daily_mods":["SealedDeck","Vintage","Heirloom","Time Dilation","Flight","DeadlyEvents","Elite Swarm"],"is_ascension_mode":true,"campfire_choices":[{"data":"Fission","floor":15.0,"key":"SMITH"},{"data":"Fission","floor":32.0,"key":"SMITH"},{"data":"Buffer","floor":49.0,"key":"SMITH"}],"circlet_count":0,"master_deck":["AscendersBane","Conserve Battery","Storm","Capacitor","Heatsinks","Chill+1","Storm","Recycle","Capacitor","Storm+1","Buffer+1","Electrodynamics","Echo Form","Fission+1","Core Surge+1","Rainbow+1","Buffer","Fission+1","Self Repair","Defragment","Machine Learning+1","Creative AI+1","Buffer+1","Core Surge+1","Finesse","Fission+1","Amplify","Biased Cognition+1","Thunder Strike+1","Defragment+1","Core Surge+1","Echo Form+1","Seek"],"relics":["Cracked Core","Emotion Chip","Pen Nib","The Courier","Art of War","Strawberry","Potion Belt","Blood Vial","Regal Pillow","Bronze Scales","Boot","Eternal Feather","Ancient Tea Set","Whetstone","Black Star","Girya","Akabeko","War Paint","Question Card","Frozen Egg 2","MealTicket","Happy Flower","Molten Egg 2","Mummified Hand","Toy Ornithopter","Lantern","Gambling Chip","Orichalcum","HornCleat","Bag of Marbles","WarpedTongs","Omamori","Letter Opener","Pear","Tiny Chest","Sozu","Smiling Mask","Cables","Centennial Puzzle","DataDisk","White Beast Statue","StoneCalendar","Mercury Hourglass","Anchor","Shuriken","MawBank","Bag of Preparation","Kunai","Pantograph","Darkstone Periapt","PreservedInsect","Symbiotic Virus","Blue Candle","CeramicFish"],"acts_visited":["Exordium","TheCity","TheBeyond"],"potions_floor_usage":[],"damage_taken":[{"damage":17.0,"enemies":"Small Slimes","floor":1.0,"turns":3.0},{"damage":0.0,"enemies":"2 Louse","floor":4.0,"turns":2.0},{"damage":0.0,"enemies":"Cultist","floor":5.0,"turns":2.0},{"damage":17.0,"enemies":"3 Sentries","floor":6.0,"turns":4.0},{"damage":0.0,"enemies":"Lagavulin","floor":7.0,"turns":4.0},{"damage":3.0,"enemies":"Gremlin Nob","floor":8.0,"turns":3.0},{"damage":10.0,"enemies":"3 Sentries","floor":10.0,"turns":2.0},{"damage":0.0,"enemies":"Lagavulin","floor":11.0,"turns":4.0},{"damage":4.0,"enemies":"Exordium Wildlife","floor":12.0,"turns":3.0},{"damage":10.0,"enemies":"3 Sentries","floor":14.0,"turns":2.0},{"damage":0.0,"enemies":"The Guardian","floor":16.0,"turns":5.0},{"damage":0.0,"enemies":"Chosen","floor":18.0,"turns":3.0},{"damage":11.0,"enemies":"2 Thieves","floor":19.0,"turns":2.0},{"damage":0.0,"enemies":"Gremlin Leader","floor":22.0,"turns":2.0},{"damage":21.0,"enemies":"Slavers","floor":23.0,"turns":2.0},{"damage":17.0,"enemies":"Gremlin Leader","floor":24.0,"turns":3.0},{"damage":0.0,"enemies":"Book of Stabbing","floor":25.0,"turns":2.0},{"damage":5.0,"enemies":"Slavers","floor":27.0,"turns":3.0},{"damage":6.0,"enemies":"Book of Stabbing","floor":30.0,"turns":3.0},{"damage":0.0,"enemies":"Gremlin Leader","floor":31.0,"turns":2.0},{"damage":0.0,"enemies":"Automaton","floor":33.0,"turns":3.0},{"damage":0.0,"enemies":"3 Darklings","floor":35.0,"turns":3.0},{"damage":0.0,"enemies":"Orb Walker","floor":36.0,"turns":2.0},{"damage":0.0,"enemies":"Reptomancer","floor":37.0,"turns":1.0},{"damage":0.0,"enemies":"3 Darklings","floor":39.0,"turns":1.0},{"damage":0.0,"enemies":"Nemesis","floor":40.0,"turns":3.0},{"damage":0.0,"enemies":"Giant Head","floor":42.0,"turns":2.0},{"damage":0.0,"enemies":"Nemesis","floor":44.0,"turns":1.0},{"damage":0.0,"enemies":"Maw","floor":45.0,"turns":1.0},{"damage":0.0,"enemies":"Reptomancer","floor":46.0,"turns":1.0},{"damage":0.0,"enemies":"4 Shapes","floor":48.0,"turns":1.0},{"damage":0.0,"enemies":"Donu and Deca","floor":50.0,"turns":1.0},{"damage":0,"enemies":"Time Eater","floor":51,"turns":2}],"seed_played":"-3745421915960576070","potions_obtained":[{"floor":5.0,"key":"BlessingOfTheForge"},{"floor":6.0,"key":"Dexterity Potion"},{"floor":7.0,"key":"SpeedPotion"},{"floor":8.0,"key":"SkillPotion"},{"floor":10.0,"key":"Weak Potion"},{"floor":19.0,"key":"Energy Potion"},{"floor":24.0,"key":"AttackPotion"},{"floor":25.0,"key":"Fruit Juice"},{"floor":27.0,"key":"BlessingOfTheForge"}],"is_trial":true,"path_per_floor":["M","?","?","M","M","E","E","E","T","E","E","M","?","E","R","B",null,"M","M","?","$","E","E","E","E","T","E","?","$","E","E","R","B",null,"M","M","E","$","M","E","$","E","T","E","M","E","T","M","R","B","B",null],"character_chosen":"DEFECT","items_purchased":["Self Repair","Defragment","War Paint","Question Card","Finesse","Defragment+1","Anchor"],"campfire_rested":0,"item_purchase_floors":[21,21,21,21,29,38,41],"current_hp_per_floor":[47,29,29,29,36,19,19,18,18,10,12,10,29,21,30,32,67,69,60,60,60,69,50,35,54,54,70,70,83,83,93,93,93,93,93,93,93,93,93,93,93,93,93,93,93,93,93,93,93,93,93],"gold":306,"neow_bonus":"","is_daily":false,"chose_seed":false,"campfire_upgraded":3,"win_rate":0.0,"timestamp":1613337118,"path_taken":["M","?","?","M","?","E","E","E","T","E","?","?","?","?","R","BOSS","M","M","?","$","?","E","E","E","T","E","?","$","E","E","R","BOSS","M","?","?","$","M","E","$","E","T","E","?","E","?","?","R","BOSS","BOSS"],"items_purchased_type":["Card","Card","Relic","Relic","Card","Card","Relic"],"build_version":"2020-12-22","purchased_purges":2,"victory":true,"max_hp_per_floor":[71,71,71,71,78,78,78,78,78,78,78,78,78,78,78,78,78,78,78,78,78,78,78,78,83,83,83,83,83,83,93,93,93,93,93,93,93,93,93,93,93,93,93,93,93,93,93,93,93,93,93],"card_choices":[{"not_picked":["Machine Learning","Multi-Cast"],"picked":"Buffer","floor":6.0},{"not_picked":["Buffer","Core Surge"],"picked":"Electrodynamics","floor":7.0},{"not_picked":["Hyperbeam","Creative AI"],"picked":"Echo Form","floor":8.0},{"not_picked":["All For One","Rainbow"],"picked":"Fission","floor":10.0},{"not_picked":["Hyperbeam","Multi-Cast"],"picked":"Core Surge","floor":11.0},{"not_picked":["Echo Form","All For One"],"picked":"Rainbow","floor":14.0},{"not_picked":["Rainbow","Thunder Strike"],"picked":"Buffer","floor":16.0},{"not_picked":["Reboot","Hyperbeam","Fission"],"picked":"Machine Learning+1","floor":22.0},{"not_picked":["Meteor Strike+1","Rainbow","Reboot","Fission"],"picked":"SKIP","floor":23.0},{"not_picked":["Seek","All For One+1","Thunder Strike+1"],"picked":"Creative AI+1","floor":24.0},{"not_picked":["Meteor Strike+1","Machine Learning+1","Rainbow"],"picked":"Buffer+1","floor":25.0},{"not_picked":["Creative AI+1","Machine Learning+1","Rainbow"],"picked":"Core Surge+1","floor":27.0},{"not_picked":["Core Surge+1","Electrodynamics+1","Thunder Strike+1"],"picked":"Fission","floor":30.0},{"not_picked":["Creative AI+1","Echo Form+1","Buffer+1"],"picked":"Amplify","floor":31.0},{"not_picked":["Creative AI+1","Core Surge+1","Rainbow"],"picked":"Biased Cognition+1","floor":33.0},{"not_picked":["Biased Cognition+1","Echo Form+1","Buffer+1"],"picked":"Thunder Strike+1","floor":37.0},{"not_picked":["Multi-Cast","Amplify","Thunder Strike+1"],"picked":"Core Surge+1","floor":40.0},{"not_picked":["Amplify","Thunder Strike+1","Biased Cognition+1"],"picked":"Echo Form+1","floor":42.0},{"not_picked":["Electrodynamics+1","Rainbow","Amplify"],"picked":"Seek","floor":44.0},{"not_picked":["Rainbow","Amplify","Biased Cognition+1","Core Surge+1"],"picked":"SKIP","floor":46.0}],"player_experience":189592,"relics_obtained":[{"floor":1.0,"key":"Pen Nib"},{"floor":4.0,"key":"Art of War"},{"floor":5.0,"key":"Strawberry"},{"floor":6.0,"key":"Potion Belt"},{"floor":7.0,"key":"Blood Vial"},{"floor":8.0,"key":"Regal Pillow"},{"floor":9.0,"key":"Bronze Scales"},{"floor":10.0,"key":"Boot"},{"floor":11.0,"key":"Eternal Feather"},{"floor":12.0,"key":"Ancient Tea Set"},{"floor":14.0,"key":"Whetstone"},{"floor":18.0,"key":"Girya"},{"floor":19.0,"key":"Akabeko"},{"floor":22.0,"key":"Frozen Egg 2"},{"floor":22.0,"key":"MealTicket"},{"floor":23.0,"key":"Happy Flower"},{"floor":23.0,"key":"Molten Egg 2"},{"floor":24.0,"key":"Mummified Hand"},{"floor":24.0,"key":"Toy Ornithopter"},{"floor":25.0,"key":"Lantern"},{"floor":25.0,"key":"Gambling Chip"},{"floor":26.0,"key":"Orichalcum"},{"floor":27.0,"key":"HornCleat"},{"floor":27.0,"key":"Bag of Marbles"},{"floor":30.0,"key":"Omamori"},{"floor":30.0,"key":"Letter Opener"},{"floor":31.0,"key":"Pear"},{"floor":31.0,"key":"Tiny Chest"},{"floor":35.0,"key":"Smiling Mask"},{"floor":36.0,"key":"Cables"},{"floor":37.0,"key":"Centennial Puzzle"},{"floor":37.0,"key":"DataDisk"},{"floor":39.0,"key":"White Beast Statue"},{"floor":40.0,"key":"StoneCalendar"},{"floor":40.0,"key":"Mercury Hourglass"},{"floor":42.0,"key":"Shuriken"},{"floor":42.0,"key":"MawBank"},{"floor":43.0,"key":"Bag of Preparation"},{"floor":44.0,"key":"Kunai"},{"floor":44.0,"key":"Pantograph"},{"floor":45.0,"key":"Darkstone Periapt"},{"floor":46.0,"key":"PreservedInsect"},{"floor":46.0,"key":"Symbiotic Virus"},{"floor":47.0,"key":"Blue Candle"},{"floor":48.0,"key":"CeramicFish"}],"event_choices":[{"damage_healed":0.0,"max_hp_gain":0.0,"max_hp_loss":0.0,"gold_gain":0.0,"event_name":"Scrap Ooze","player_choice":"Success","floor":2.0,"gold_loss":0.0,"damage_taken":18.0,"relics_obtained":["The Courier"]},{"damage_healed":0.0,"max_hp_gain":0.0,"max_hp_loss":0.0,"gold_gain":0.0,"event_name":"Upgrade Shrine","player_choice":"Upgraded","floor":3.0,"gold_loss":0.0,"damage_taken":0.0,"cards_upgraded":["Storm"]},{"damage_healed":19.0,"max_hp_gain":0.0,"max_hp_loss":0.0,"gold_gain":0.0,"event_name":"The Cleric","player_choice":"Healed","floor":13.0,"gold_loss":35.0,"damage_taken":0.0},{"damage_healed":0.0,"max_hp_gain":0.0,"max_hp_loss":0.0,"gold_gain":0.0,"event_name":"Duplicator","player_choice":"Copied","floor":20.0,"gold_loss":0.0,"damage_taken":0.0,"cards_obtained":["Fission"]},{"damage_healed":0.0,"max_hp_gain":0.0,"max_hp_loss":0.0,"gold_gain":0.0,"event_name":"Accursed Blacksmith","player_choice":"Rummage","floor":28.0,"gold_loss":0.0,"damage_taken":0.0,"relics_obtained":["WarpedTongs"],"cards_obtained":["Pain"]}],"is_beta":false,"boss_relics":[{"not_picked":["Tiny House","Fusion Hammer"],"picked":"Black Star"},{"not_picked":["Runic Pyramid","Snecko Eye"],"picked":"Sozu"}],"items_purged_floors":[29,38],"is_endless":false,"potions_floor_spawned":[5,6,7,8,10,19,24,25,27,35,36,40,42,44,45,46,48],"ascension_level":20}}