{"host":"wxc9b38i7od2izej","time":1613279279,"event":{"mods":["BaseMod","Colored Map","Colored Powertips","Hubris","Minty Spire (QoL Compilation)","Replay The Spire","StSLib","The Cursed","The Senshi"],"gold_per_floor":[113,127,127,85,85,120,120,151,231,156,156,172,172,190,190,314,314,328,328,328,349,349,349,364,364,413,413,434,434,434,477,477,477,477],"floor_reached":33,"language":"ENG","playtime":2223,"items_purged":["Strike_B"],"score":321,"play_id":"c8da1dc4-1ff4-41ff-a26a-71d2ff919f5e","local_time":"20210213210759","is_ascension_mode":false,"campfire_choices":[{"floor":7,"key":"RECALL"},{"floor":11,"key":"REST"},{"data":"Time Bomb","floor":13,"key":"SMITH"},{"data":"Lockon","floor":15,"key":"SMITH"},{"data":"Rainbow","floor":23,"key":"SMITH"},{"floor":25,"key":"REST"},{"data":"Auto Shields","floor":27,"key":"SMITH"},{"data":"Chaos","floor":32,"key":"SMITH"}],"circlet_count":0,"master_deck":["Strike_B","Strike_B","Strike_B","Defend_B","Defend_B","Defend_B","Defend_B","Zap","Dualcast","Time Bomb+1","Scrape","Conserve Battery","Lockon+1","Auto Shields+1","Rainbow+1","Panic Button","Shame","BasicCrystalCard","Good Instincts","Compile Driver","Ball Lightning","Doubt","Chaos+1"],"relics":["Cracked Core","NeowsBlessing","Golden Idol","Blood Vial","MealTicket","Inserter","hubris:RGBLights","ReplayFunnel","hubris:BottledHeart","hubris:Reverence","Prayer Wheel","Question Card"],"acts_visited":["Exordium","TheCity"],"potions_floor_usage":[16,16,28,31],"damage_taken":[{"damage":0,"enemies":"Cultist","floor":1,"turns":1},{"damage":0,"enemies":"Jaw Worm","floor":2,"turns":1},{"damage":0,"enemies":"Replay:BlueRogue","floor":6,"turns":1},{"damage":63,"enemies":"Lagavulin","floor":8,"turns":11},{"damage":4,"enemies":"2 Louse","floor":12,"turns":2},{"damage":8,"enemies":"Large Slime","floor":14,"turns":5},{"damage":31,"enemies":"The Guardian","floor":16,"turns":8},{"damage":9,"enemies":"Shell Parasite","floor":18,"turns":10},{"damage":0,"enemies":"Chosen","floor":21,"turns":3},{"damage":37,"enemies":"Snecko","floor":24,"turns":8},{"damage":24,"enemies":"Cultist and Chosen","floor":28,"turns":8},{"damage":0,"enemies":"Replay:Snechameleon","floor":31,"turns":6},{"damage":3,"enemies":"Pondfish","floor":33,"turns":7}],"seed_played":"3287698840441951370","potions_obtained":[{"floor":1,"key":"DuplicationPotion"},{"floor":2,"key":"PotionOfCapacity"},{"floor":16,"key":"Fire Potion"},{"floor":21,"key":"SkillPotion"},{"floor":28,"key":"SpeedPotion"}],"is_trial":false,"path_per_floor":["M","M","?","?","?","E","R","E","T","$","R","M","R","M","R","B",null,"M","?","?","M","?","R","M","R","T","R","M","?","?","E","R","B"],"character_chosen":"DEFECT","items_purchased":[],"campfire_rested":2,"item_purchase_floors":[],"current_hp_per_floor":[75,75,75,75,75,75,75,12,12,27,49,47,47,41,41,12,75,66,66,66,68,68,68,33,55,55,55,33,1,1,1,1,0,0],"gold":477,"neow_bonus":"THREE_ENEMY_KILL","is_daily":false,"chose_seed":false,"campfire_upgraded":5,"win_rate":0.0,"timestamp":1613279279,"path_taken":["M","?","?","?","?","E","R","E","T","$","R","M","R","?","R","BOSS","M","?","?","M","?","R","?","R","T","R","M","?","?","E","R","BOSS"],"items_purchased_type":[],"build_version":"2020-12-22","purchased_purges":1,"victory":false,"max_hp_per_floor":[75,75,75,75,75,75,75,75,75,75,75,75,75,75,75,75,75,75,75,75,75,75,75,75,75,75,75,75,1,1,1,1,1,1],"card_choices":[{"not_picked":["Steam Power","Redo"],"picked":"Time Bomb","floor":1},{"not_picked":["Beam Cell","Compile Driver"],"picked":"Scrape","floor":2},{"not_picked":["Coolheaded","Cold Snap"],"picked":"Conserve Battery","floor":6},{"not_picked":["Compile Driver","Ball Lightning"],"picked":"Lockon","floor":8},{"not_picked":["Go for the Eyes","Barrage"],"picked":"Auto Shields","floor":12},{"not_picked":["Gash","ReplaySolidLightProjector","Hologram"],"picked":"SKIP","floor":14},{"not_picked":["Biased Cognition","Reboot"],"picked":"Rainbow","floor":16},{"not_picked":["Coolheaded","ReplaySort"],"picked":"Panic Button","floor":18},{"not_picked":["Force Field+1","Go for the Eyes+1"],"picked":"BasicCrystalCard","floor":21},{"not_picked":["BootSequence","Double Energy","Beam Cell"],"picked":"SKIP","floor":24},{"not_picked":["Amplify","Force Field"],"picked":"Ball Lightning","floor":28},{"not_picked":["Sunder","Cold Snap"],"picked":"Chaos","floor":31}],"player_experience":405779,"relics_obtained":[{"floor":6,"key":"Blood Vial"},{"floor":8,"key":"MealTicket"},{"floor":26,"key":"ReplayFunnel"},{"floor":31,"key":"Question Card"}],"event_choices":[{"damage_healed":0,"gold_gain":0,"player_choice":"Take Wound","damage_taken":0,"relics_obtained":["Golden Idol"],"max_hp_gain":0,"max_hp_loss":0,"event_name":"Golden Idol","floor":3,"gold_loss":0,"cards_obtained":["Injury"]},{"damage_healed":0,"gold_gain":0,"player_choice":"Left Gold","damage_taken":0,"max_hp_gain":0,"max_hp_loss":0,"event_name":"World of Goop","floor":4,"gold_loss":42},{"cards_removed":["Injury"],"damage_healed":0,"gold_gain":0,"player_choice":"Forget","damage_taken":0,"max_hp_gain":0,"max_hp_loss":0,"event_name":"Living Wall","floor":5,"gold_loss":0},{"damage_healed":0,"gold_gain":0,"player_choice":"Stole Relic","damage_taken":0,"relics_obtained":["hubris:RGBLights"],"max_hp_gain":0,"max_hp_loss":0,"event_name":"Addict","floor":20,"gold_loss":0,"cards_obtained":["Shame"]},{"damage_healed":0,"gold_gain":0,"player_choice":"2 cards matched","damage_taken":0,"max_hp_gain":0,"max_hp_loss":0,"event_name":"Match and Keep!","floor":22,"gold_loss":0,"cards_obtained":["Good Instincts","Compile Driver"]}],"is_beta":false,"boss_relics":[{"not_picked":["Replay:Grab Bag","Coffee Dripper"],"picked":"Inserter"}],"items_purged_floors":[10],"is_endless":false,"potions_floor_spawned":[1,2,16,21,28],"killed_by":"Pondfish","ascension_level":0}}