{"host":"8is2j71l4wmybkoi","time":1613280715,"event":{"mods":["AchievementEnabler","BaseMod","Colored Map","DeckTracker","Minty Spire (QoL Compilation)","Rare Cards Sparkle","Relic Stats","StSLib","SuperFastMode"],"gold_per_floor":[118,118,138,154,154,154,173,201,225,225,256,37,37,53,53,131,131,150,167,167,177,205,205,235,248,248,248,39,39,64,77,77,155,155,175,145,159,171,189,214,226,255,301,301,318,347,394,408,408,408,408,408,14,42,42],"floor_reached":56,"language":"KOR","playtime":2661,"items_purged":["Strike_R","Defend_R"],"score":2300,"play_id":"77203819-87c9-4b1b-9117-0ad543ddf464","local_time":"20210214143155","is_ascension_mode":true,"campfire_choices":[{"data":"Armaments","floor":6.0,"key":"SMITH"},{"floor":10.0,"key":"REST"},{"data":"Shockwave","floor":15.0,"key":"SMITH"},{"data":"Panacea","floor":23.0,"key":"SMITH"},{"data":"Second Wind","floor":27.0,"key":"SMITH"},{"data":"Impervious","floor":29.0,"key":"SMITH"},{"data":"Bash","floor":32.0,"key":"SMITH"},{"floor":44.0,"key":"RECALL"},{"data":"Strike_R+1","floor":49.0,"key":"PURGE"},{"data":"Anger","floor":52,"key":"PURGE"}],"circlet_count":0,"master_deck":["AscendersBane","Defend_R","Defend_R","Defend_R","Bash+1","Panacea+1","Blood for Blood+1","Armaments+1","Flame Barrier","Shrug It Off","Corruption","Power Through","Second Wind+1","Shockwave+1","Barricade","Fiend Fire","Pommel Strike+1","Impervious+1","Shrug It Off","Flame Barrier","Body Slam","Offering","Juggernaut","Shrug It Off","Shockwave","Exhume","Body Slam","Shrug It Off+1","Sentinel+1"],"relics":["Burning Blood","Potion Belt","Red Skull","Vajra","Snecko Eye","Red Mask","HornCleat","Singing Bowl","Empty Cage","MealTicket","Paper Frog","Pen Nib","Blue Candle","Peace Pipe","Ornamental Fan","Oddly Smooth Stone"],"acts_visited":["Exordium","TheCity","TheBeyond","TheEnding"],"potions_floor_usage":[50,55,55,55,55],"damage_taken":[{"damage":5.0,"enemies":"Small Slimes","floor":1.0,"turns":5.0},{"damage":0.0,"enemies":"Cultist","floor":3.0,"turns":4.0},{"damage":14.0,"enemies":"Jaw Worm","floor":4.0,"turns":3.0},{"damage":20.0,"enemies":"Exordium Thugs","floor":7.0,"turns":5.0},{"damage":23.0,"enemies":"Gremlin Nob","floor":8.0,"turns":4.0},{"damage":25.0,"enemies":"3 Sentries","floor":11.0,"turns":7.0},{"damage":1.0,"enemies":"Looter","floor":14.0,"turns":3.0},{"damage":12.0,"enemies":"The Guardian","floor":16.0,"turns":12.0},{"damage":0.0,"enemies":"Spheric Guardian","floor":18.0,"turns":4.0},{"damage":1.0,"enemies":"2 Thieves","floor":19.0,"turns":4.0},{"damage":0.0,"enemies":"Cultist and Chosen","floor":21.0,"turns":5.0},{"damage":9.0,"enemies":"Masked Bandits","floor":22.0,"turns":5.0},{"damage":12.0,"enemies":"Gremlin Leader","floor":24.0,"turns":7.0},{"damage":18.0,"enemies":"3 Cultists","floor":25.0,"turns":6.0},{"damage":2.0,"enemies":"Slavers","floor":30.0,"turns":8.0},{"damage":0.0,"enemies":"Chosen and Byrds","floor":31.0,"turns":6.0},{"damage":45.0,"enemies":"Collector","floor":33.0,"turns":9.0},{"damage":6.0,"enemies":"3 Shapes","floor":35.0,"turns":4.0},{"damage":6.0,"enemies":"Orb Walker","floor":37.0,"turns":3.0},{"damage":8.0,"enemies":"Sphere and 2 Shapes","floor":38.0,"turns":5.0},{"damage":6.0,"enemies":"Transient","floor":39.0,"turns":5.0},{"damage":0.0,"enemies":"Reptomancer","floor":40.0,"turns":3.0},{"damage":7.0,"enemies":"4 Shapes","floor":41.0,"turns":5.0},{"damage":6.0,"enemies":"Giant Head","floor":42.0,"turns":6.0},{"damage":6.0,"enemies":"Spire Growth","floor":45.0,"turns":3.0},{"damage":52.0,"enemies":"Nemesis","floor":46.0,"turns":9.0},{"damage":6.0,"enemies":"2 Orb Walkers","floor":47.0,"turns":4.0},{"damage":0.0,"enemies":"Sphere and 2 Shapes","floor":48.0,"turns":5.0},{"damage":6,"enemies":"Awakened One","floor":50,"turns":7},{"damage":6,"enemies":"Shield and Spear","floor":54,"turns":4},{"damage":18,"enemies":"The Heart","floor":55,"turns":8}],"seed_played":"-2804978311802967411","potions_obtained":[{"floor":1.0,"key":"SpeedPotion"},{"floor":7.0,"key":"SpeedPotion"},{"floor":14.0,"key":"Dexterity Potion"},{"floor":19.0,"key":"Swift Potion"},{"floor":22.0,"key":"Swift Potion"},{"floor":24.0,"key":"BlessingOfTheForge"},{"floor":25.0,"key":"Block Potion"},{"floor":35.0,"key":"Ancient Potion"},{"floor":36.0,"key":"CultistPotion"},{"floor":36.0,"key":"SteroidPotion"},{"floor":38.0,"key":"DuplicationPotion"},{"floor":46.0,"key":"DistilledChaos"}],"is_trial":false,"path_per_floor":["M","?","M","M","?","R","M","E","T","R","E","$","?","M","R","B",null,"M","M","?","M","?","R","E","M","T","R","$","R","E","M","R","B",null,"M","?","M","M","M","E","M","E","T","R","M","E","?","M","R","B",null,"R","$","E","B",null],"character_chosen":"IRONCLAD","items_purchased":["Power Through","Second Wind","Impervious","Shrug It Off","Block Potion","Ornamental Fan"],"campfire_rested":1,"item_purchase_floors":[12,12,28,28,53,53],"current_hp_per_floor":[69,69,75,67,44,44,30,13,13,35,16,16,21,26,26,20,65,71,76,53,59,56,56,50,38,38,38,38,38,42,48,48,9,66,68,68,70,70,72,78,79,79,79,79,79,33,33,39,39,39,81,81,95,95,83],"gold":42,"neow_bonus":"RANDOM_COLORLESS","is_daily":false,"chose_seed":false,"campfire_upgraded":6,"win_rate":0.0,"timestamp":1613280715,"path_taken":["M","?","?","M","?","R","M","E","T","R","E","?","?","M","R","BOSS","M","M","?","M","?","R","E","M","T","R","$","R","E","M","R","BOSS","M","?","M","?","M","E","M","E","T","R","M","E","?","M","R","BOSS","R","$","E","BOSS"],"items_purchased_type":["Card","Card","Card","Card","Potion","Relic"],"build_version":"2020-12-22","purchased_purges":2,"victory":true,"max_hp_per_floor":[75,75,75,75,75,75,75,75,75,75,75,75,80,80,80,80,80,80,80,85,85,85,85,85,85,85,85,85,85,85,85,85,85,85,87,87,89,91,93,93,95,95,95,95,95,95,95,95,95,95,95,95,95,95,95],"relic_stats":{"Peace Pipe":3,"Singing Bowl":10,"counters":[31,168],"Ornamental Fan":[0],"Blue Candle":[0],"Snecko Eye":[230,217,215,228],"MealTicket":14,"Pen Nib":[4],"obtain_stats":[{"Potion Belt":8,"Singing Bowl":30,"Blue Candle":46,"Vajra":11,"Oddly Smooth Stone":54,"Pen Nib":43,"Empty Cage":34,"Burning Blood":0,"Peace Pipe":47,"HornCleat":24,"Ornamental Fan":53,"Snecko Eye":17,"MealTicket":40,"Red Mask":22,"Red Skull":9,"Paper Frog":42},{"Potion Belt":5,"Singing Bowl":15,"Blue Candle":26,"Vajra":6,"Oddly Smooth Stone":30,"Pen Nib":24,"Empty Cage":17,"Burning Blood":0,"Peace Pipe":27,"HornCleat":13,"Ornamental Fan":29,"Snecko Eye":8,"MealTicket":22,"Red Mask":12,"Red Skull":5,"Paper Frog":24},{"Potion Belt":21,"Singing Bowl":82,"Blue Candle":140,"Vajra":28,"Oddly Smooth Stone":160,"Pen Nib":128,"Empty Cage":97,"Burning Blood":0,"Peace Pipe":144,"HornCleat":68,"Ornamental Fan":156,"Snecko Eye":43,"MealTicket":117,"Red Mask":61,"Red Skull":21,"Paper Frog":128}],"Burning Blood":186},"card_choices":[{"not_picked":["Bandage Up","Dark Shackles"],"picked":"Panacea","floor":0.0},{"not_picked":["Twin Strike","Pommel Strike"],"picked":"Blood for Blood","floor":1.0},{"not_picked":["Warcry","True Grit","Sword Boomerang"],"picked":"SKIP","floor":3.0},{"not_picked":["Rupture","Clothesline"],"picked":"Flame Barrier","floor":4.0},{"not_picked":["Intimidate","Perfected Strike"],"picked":"Anger","floor":7.0},{"not_picked":["Twin Strike","Clash"],"picked":"Shrug It Off","floor":8.0},{"not_picked":["Wild Strike","Shockwave"],"picked":"Corruption","floor":11.0},{"not_picked":["Headbutt","Iron Wave"],"picked":"Shockwave","floor":14.0},{"not_picked":["Double Tap","Berserk"],"picked":"Barricade","floor":16.0},{"not_picked":["Flex","Headbutt","Pommel Strike"],"picked":"SKIP","floor":18.0},{"not_picked":["Clash","Flex","Infernal Blade"],"picked":"SKIP","floor":19.0},{"not_picked":["Thunderclap","Second Wind","Metallicize"],"picked":"SKIP","floor":21.0},{"not_picked":["Havoc","Power Through"],"picked":"Fiend Fire","floor":22.0},{"not_picked":["Blood for Blood","Clothesline"],"picked":"Pommel Strike+1","floor":24.0},{"not_picked":["Reckless Charge","Searing Blow","Pommel Strike"],"picked":"SKIP","floor":25.0},{"not_picked":["Reckless Charge","Searing Blow","Pommel Strike"],"picked":"SKIP","floor":25.0},{"not_picked":["Disarm","Twin Strike"],"picked":"Flame Barrier","floor":30.0},{"not_picked":["Wild Strike","Heavy Blade+1"],"picked":"Body Slam","floor":31.0},{"not_picked":["Feed","Fiend Fire"],"picked":"Offering","floor":33.0},{"not_picked":["Spot Weakness","Dropkick+1","Havoc+1"],"picked":"Singing Bowl","floor":35.0},{"not_picked":["Bloodletting","Pummel","Anger+1"],"picked":"Singing Bowl","floor":37.0},{"not_picked":["Thunderclap","Whirlwind","Clothesline"],"picked":"Singing Bowl","floor":38.0},{"not_picked":["Heavy Blade","Warcry+1","Wild Strike+1"],"picked":"Singing Bowl","floor":39.0},{"not_picked":["Clothesline","Hemokinesis"],"picked":"Juggernaut","floor":40.0},{"not_picked":["Seeing Red","Perfected Strike+1","Inflame"],"picked":"Singing Bowl","floor":41.0},{"not_picked":["Disarm","Headbutt"],"picked":"Shrug It Off","floor":42.0},{"not_picked":["Headbutt+1","Reckless Charge"],"picked":"Shockwave","floor":45.0},{"not_picked":["Anger+1","Headbutt"],"picked":"Exhume","floor":46.0},{"not_picked":["Ghostly Armor","Anger"],"picked":"Body Slam","floor":47.0},{"not_picked":["Sever Soul","Second Wind"],"picked":"Shrug It Off+1","floor":48.0},{"not_picked":["Pommel Strike","Perfected Strike"],"picked":"Sentinel+1","floor":54}],"player_experience":1183407,"relics_obtained":[{"floor":8.0,"key":"Potion Belt"},{"floor":9.0,"key":"Red Skull"},{"floor":11.0,"key":"Vajra"},{"floor":22.0,"key":"Red Mask"},{"floor":24.0,"key":"HornCleat"},{"floor":30.0,"key":"Singing Bowl"},{"floor":40.0,"key":"MealTicket"},{"floor":42.0,"key":"Paper Frog"},{"floor":43.0,"key":"Pen Nib"},{"floor":46.0,"key":"Blue Candle"},{"floor":47.0,"key":"Peace Pipe"},{"floor":54,"key":"Oddly Smooth Stone"}],"event_choices":[{"damage_healed":0.0,"max_hp_gain":0.0,"max_hp_loss":0.0,"gold_gain":0.0,"cards_transformed":["Strike_R"],"event_name":"Transmorgrifier","player_choice":"Transformed","floor":2.0,"gold_loss":0.0,"damage_taken":0.0,"cards_obtained":["Armaments"]},{"damage_healed":0.0,"max_hp_gain":0.0,"max_hp_loss":0.0,"gold_gain":0.0,"event_name":"Shining Light","player_choice":"Entered Light","floor":5.0,"gold_loss":0.0,"damage_taken":23.0,"cards_upgraded":["Blood for Blood","Strike_R"]},{"damage_healed":0.0,"max_hp_gain":5.0,"max_hp_loss":0.0,"gold_gain":0.0,"event_name":"Big Fish","player_choice":"Donut","floor":13.0,"gold_loss":0.0,"damage_taken":0.0},{"damage_healed":0.0,"max_hp_gain":5.0,"max_hp_loss":0.0,"gold_gain":0.0,"event_name":"Forgotten Altar","player_choice":"Shed Blood","floor":20.0,"gold_loss":0.0,"damage_taken":28.0},{"damage_healed":0.0,"max_hp_gain":0.0,"max_hp_loss":0.0,"gold_gain":0.0,"event_name":"Masked Bandits","player_choice":"Fought Bandits","floor":22.0,"gold_loss":0.0,"damage_taken":0.0},{"damage_healed":0.0,"max_hp_gain":0.0,"max_hp_loss":0.0,"gold_gain":0.0,"event_name":"The Woman in Blue","player_choice":"Bought 2 Potions","floor":36.0,"gold_loss":0.0,"damage_taken":0.0},{"damage_healed":0.0,"max_hp_gain":0.0,"max_hp_loss":0.0,"gold_gain":0.0,"event_name":"Mysterious Sphere","player_choice":"Fight","floor":47.0,"gold_loss":0.0,"damage_taken":0.0}],"is_beta":false,"boss_relics":[{"not_picked":["Velvet Choker","Fusion Hammer"],"picked":"Snecko Eye"},{"not_picked":["Runic Pyramid","Runic Cube"],"picked":"Empty Cage"}],"items_purged_floors":[12,53],"is_endless":false,"potions_floor_spawned":[1,7,14,19,22,24,25,35,38,41,45,46,54],"ascension_level":15}}