{"host":"z7iqwv4hfwwvhc2n","time":1613287161,"event":{"mods":["2.2 Compatiblity","BaseMod","Better Note","Better Third Choice","BetterRewards","Bossed Relics","Colored Powertips","Minty Spire (QoL Compilation)","Permanent Neow","Relic Filter","Shop Mod","StSLib","The Cursed"],"gold_per_floor":[115,127,140,140,160,193,193,227,227,0,35,35,35,50,50,151,151,161,178,14,33,33,33,33],"floor_reached":23,"language":"JPN","playtime":1082,"items_purged":[],"score":327,"play_id":"67c3d86a-f17a-4fbb-8698-a9e138e531dd","local_time":"20210214161921","is_ascension_mode":true,"campfire_choices":[{"data":"Flex","floor":7,"key":"SMITH"},{"floor":12,"key":"REST"},{"data":"Armaments","floor":15,"key":"SMITH"}],"circlet_count":0,"master_deck":["Strike_R","Strike_R","Strike_R","Strike_R","Strike_R","Defend_R","Defend_R","Defend_R","Defend_R","Bash","Flex+1","Clash","Flex+1","Dropkick","Heavy Blade","Armaments+1","Cleave","Uppercut","Enlightenment","Heavy Blade","Shrug It Off","Limit Break","Burning Pact+1","Magnetism","Clothesline","Perfected Strike"],"relics":["Burning Blood","Ornamental Fan","Charon\u0027s Ashes","Letter Opener","Shuriken","Sundial","Black Star"],"acts_visited":["Exordium","TheCity"],"potions_floor_usage":[3,6,16,18,21],"damage_taken":[{"damage":6,"enemies":"Jaw Worm","floor":1,"turns":3},{"damage":1,"enemies":"Small Slimes","floor":2,"turns":2},{"damage":5,"enemies":"2 Louse","floor":3,"turns":2},{"damage":11,"enemies":"Looter","floor":5,"turns":3},{"damage":13,"enemies":"Lagavulin","floor":6,"turns":5},{"damage":25,"enemies":"3 Sentries","floor":8,"turns":7},{"damage":18,"enemies":"Gremlin Nob","floor":11,"turns":4},{"damage":4,"enemies":"Blue Slaver","floor":14,"turns":2},{"damage":29,"enemies":"The Guardian","floor":16,"turns":9},{"damage":22,"enemies":"Spheric Guardian","floor":18,"turns":4},{"damage":9,"enemies":"2 Thieves","floor":19,"turns":3},{"damage":35,"enemies":"3 Cultists","floor":21,"turns":5},{"damage":38,"enemies":"Book of Stabbing","floor":23,"turns":4}],"seed_played":"-8576198584032695077","potions_obtained":[{"floor":1,"key":"Explosive Potion"},{"floor":3,"key":"AttackPotion"},{"floor":11,"key":"DistilledChaos"},{"floor":16,"key":"SkillPotion"},{"floor":18,"key":"SteroidPotion"}],"is_trial":false,"path_per_floor":["M","M","M","?","M","E","R","E","T","?","E","R","$","M","R","B",null,"M","M","$","M","?","E"],"character_chosen":"IRONCLAD","items_purchased":["Ornamental Fan","Flex","Clash","Magnetism"],"campfire_rested":1,"item_purchase_floors":[0,0,0,20],"current_hp_per_floor":[80,80,80,80,75,68,68,49,49,55,43,68,68,70,70,47,86,70,67,67,38,38,0,0],"gold":33,"neow_bonus":"","is_daily":false,"chose_seed":false,"campfire_upgraded":2,"win_rate":0.0,"timestamp":1613287161,"path_taken":["M","M","M","?","M","E","R","E","T","?","E","R","?","M","R","BOSS","M","M","$","M","?","E"],"items_purchased_type":["Relic","Card","Card","Card"],"build_version":"2020-12-22","purchased_purges":0,"victory":false,"max_hp_per_floor":[80,80,80,80,80,80,80,80,80,86,86,86,86,86,86,86,86,86,86,86,86,86,86,86],"card_choices":[{"not_picked":["Clothesline","Headbutt"],"picked":"Flex","floor":1},{"not_picked":["Body Slam","Thunderclap"],"picked":"Dropkick","floor":2},{"not_picked":["Blood for Blood","Clothesline"],"picked":"Heavy Blade","floor":3},{"not_picked":["Body Slam","Metallicize"],"picked":"Armaments","floor":5},{"not_picked":["True Grit","Bloodletting"],"picked":"Cleave","floor":6},{"not_picked":["Combust","Barricade"],"picked":"Uppercut","floor":8},{"not_picked":["Thunderclap","Headbutt"],"picked":"Heavy Blade","floor":11},{"not_picked":["Clash","Metallicize"],"picked":"Shrug It Off","floor":14},{"not_picked":["Reaper","Barricade"],"picked":"Limit Break","floor":16},{"not_picked":["Havoc","Dropkick"],"picked":"Burning Pact+1","floor":18},{"not_picked":["Warcry","Twin Strike"],"picked":"Body Slam","floor":19},{"not_picked":["True Grit+1","Combust"],"picked":"Clothesline","floor":21}],"player_experience":43909,"relics_obtained":[{"floor":6,"key":"Charon\u0027s Ashes"},{"floor":8,"key":"Letter Opener"},{"floor":9,"key":"Shuriken"},{"floor":11,"key":"Sundial"}],"event_choices":[{"damage_healed":0,"gold_gain":0,"player_choice":"Grow","damage_taken":0,"max_hp_gain":0,"max_hp_loss":0,"event_name":"Living Wall","floor":4,"gold_loss":0,"cards_upgraded":["Flex"]},{"damage_healed":0,"gold_gain":0,"player_choice":"RENOUNCE","damage_taken":227,"max_hp_gain":0,"max_hp_loss":0,"event_name":"betterThird:BetterSerpent","floor":10,"gold_loss":227,"cards_obtained":["Enlightenment"]},{"damage_healed":0,"gold_gain":0,"cards_transformed":["Body Slam"],"player_choice":"Transformed","damage_taken":0,"max_hp_gain":0,"max_hp_loss":0,"event_name":"Transmorgrifier","floor":22,"gold_loss":0,"cards_obtained":["Perfected Strike"]}],"is_beta":false,"boss_relics":[{"not_picked":["Circlet","Circlet"],"picked":"Black Star"}],"items_purged_floors":[],"is_endless":false,"potions_floor_spawned":[1,3,11,16,18],"killed_by":"Book of Stabbing","ascension_level":1}}