{"host":"sc0o2qwpf9j16a4i","time":1613315750,"event":{"mods":["AchievementEnabler","BaseMod","BetterRewards","Block Reminder","Colored Map","Colored Powertips","Custom Start","Highlight Path","Jorbs\u0027s Wanderer Trilogy","Minty Spire (QoL Compilation)","Relic Stats","StSLib"],"gold_per_floor":[112,21,34,34,45,76,76,26,26,26,57,17,28,28,28,131,131,147,166,198,123,303,329,329,345,345,345,345,370,370,383,383,482,482,501,501,0,16,1015,1048,1048,1048,1048,1048,1081,1095,1095,1106,1106,1106],"floor_reached":51,"language":"ENG","playtime":2133,"items_purged":[],"score":951,"play_id":"9f140359-70a4-43f6-9300-9635aa452e12","local_time":"20210214171550","daily_mods":["Heirloom","ControlledChaos","Binary"],"is_ascension_mode":false,"campfire_choices":[{"data":"Hologram","floor":7,"key":"SMITH"},{"data":"Rip and Tear","floor":15,"key":"SMITH"},{"floor":24,"key":"REST"},{"data":"Loop","floor":28,"key":"SMITH"},{"floor":32,"key":"REST"},{"data":"Echo Form","floor":42,"key":"SMITH"},{"data":"Hologram","floor":44,"key":"SMITH"},{"floor":49,"key":"REST"}],"circlet_count":0,"master_deck":["Zap","Dualcast","Hologram+1","Rip and Tear+1","Conserve Battery","Compile Driver","Coolheaded","FTL","Compile Driver","Beam Cell+1","Ball Lightning+1","Chill","Forethought","Discovery","Loop+1","Heatsinks+1","Writhe","Doom and Gloom+1","Glacier","Machine Learning","Electrodynamics","Skim","Echo Form+1","Defragment","Hologram+1","Defragment","Hologram+1","Turbo+1","Rip and Tear+1","Stack+1","Compile Driver+1","Static Discharge+1","Reinforced Body+1"],"relics":["Cracked Core","Frozen Eye","Mango","Unceasing Top","Matryoshka","Blood Vial","Molten Egg 2","Philosopher\u0027s Stone","Red Mask","Regal Pillow","Centennial Puzzle","Art of War","The Courier","Smiling Mask","Pandora\u0027s Box","Potion Belt","Omamori","Toxic Egg 2","Bottled Tornado","Bag of Preparation","Ancient Tea Set","Letter Opener"],"acts_visited":["Exordium","TheCity","TheBeyond"],"potions_floor_usage":[16,23,33,47,48,50,50],"damage_taken":[{"damage":0,"enemies":"2 Louse","floor":1,"turns":2},{"damage":0,"enemies":"Cultist","floor":3,"turns":3},{"damage":0,"enemies":"Jaw Worm","floor":5,"turns":3},{"damage":0,"enemies":"Lagavulin","floor":6,"turns":9},{"damage":1,"enemies":"3 Sentries","floor":11,"turns":6},{"damage":7,"enemies":"Blue Slaver","floor":13,"turns":2},{"damage":4,"enemies":"Slime Boss","floor":16,"turns":6},{"damage":15,"enemies":"3 Byrds","floor":18,"turns":4},{"damage":11,"enemies":"Spheric Guardian","floor":19,"turns":4},{"damage":19,"enemies":"Masked Bandits","floor":20,"turns":4},{"damage":4,"enemies":"Slavers","floor":23,"turns":3},{"damage":8,"enemies":"Cultist and Chosen","floor":25,"turns":7},{"damage":21,"enemies":"Book of Stabbing","floor":29,"turns":5},{"damage":24,"enemies":"Snake Plant","floor":31,"turns":4},{"damage":73,"enemies":"Collector","floor":33,"turns":12},{"damage":14,"enemies":"3 Shapes","floor":35,"turns":2},{"damage":13,"enemies":"3 Darklings","floor":38,"turns":3},{"damage":0,"enemies":"Giant Head","floor":40,"turns":6},{"damage":21,"enemies":"Nemesis","floor":45,"turns":3},{"damage":0,"enemies":"Transient","floor":46,"turns":5},{"damage":7,"enemies":"Sphere and 2 Shapes","floor":47,"turns":2},{"damage":10,"enemies":"Maw","floor":48,"turns":6},{"damage":80,"enemies":"Awakened One","floor":50,"turns":12}],"seed_played":"4399412973243810567","potions_obtained":[{"floor":1,"key":"Explosive Potion"},{"floor":16,"key":"Strength Potion"},{"floor":19,"key":"Dexterity Potion"},{"floor":29,"key":"SpeedPotion"},{"floor":33,"key":"SmokeBomb"},{"floor":40,"key":"Regen Potion"},{"floor":45,"key":"FearPotion"},{"floor":48,"key":"SmokeBomb"}],"is_trial":true,"path_per_floor":["M","$","M","?","M","E","R","?","T","?","E","$","M","?","R","B",null,"M","M","?","?","?","E","R","M","T","?","R","E","?","M","R","B",null,"M","?","$","M","?","E","?","R","T","R","E","M","M","M","R","B",null],"character_chosen":"DEFECT","items_purchased":["Rip and Tear","Conserve Battery","FTL","Defragment","Omamori","Toxic Egg 2","Hologram+1","Turbo+1","Strength Potion"],"campfire_rested":3,"item_purchase_floors":[2,2,12,37,37,37,37,37,37],"current_hp_per_floor":[89,89,89,89,89,89,89,89,89,89,88,88,82,82,82,80,89,74,65,48,48,16,14,55,49,49,49,49,30,59,37,78,7,89,75,75,75,64,64,66,66,66,66,66,47,49,44,51,85,5],"gold":1106,"neow_bonus":"","is_daily":false,"chose_seed":false,"campfire_upgraded":5,"win_rate":0.0,"timestamp":1613315750,"path_taken":["M","$","M","?","?","E","R","?","T","?","E","$","?","?","R","BOSS","M","M","?","?","?","E","R","?","T","?","R","E","?","M","R","BOSS","M","?","?","M","?","E","?","R","T","R","E","M","?","M","R","BOSS"],"items_purchased_type":["Card","Card","Card","Card","Relic","Relic","Card","Card","Potion"],"build_version":"2020-12-22","purchased_purges":0,"victory":true,"max_hp_per_floor":[89,89,89,89,89,89,89,89,89,89,89,89,89,89,89,89,89,89,89,89,89,89,89,89,89,89,89,89,89,89,89,89,89,89,89,89,89,89,89,89,85,85,85,85,85,85,85,85,85,85],"relic_stats":{"Blood Vial":29,"Regal Pillow":39,"Centennial Puzzle":[27],"counters":[23,113],"Pandora\u0027s Box":["Electrodynamics","Consume","Skim","Echo Form","Defragment"],"Art of War":[11],"Bag of Preparation":[10],"Letter Opener":[137],"Smiling Mask":0,"obtain_stats":[{"Potion Belt":36,"Regal Pillow":23,"Mango":0,"The Courier":27,"Omamori":37,"Bag of Preparation":43,"Letter Opener":45,"Bottled Tornado":40,"Smiling Mask":29,"Ancient Tea Set":43,"Blood Vial":11,"Frozen Eye":0,"Centennial Puzzle":26,"Matryoshka":9,"Molten Egg 2":14,"Philosopher\u0027s Stone":17,"Pandora\u0027s Box":34,"Red Mask":20,"Art of War":26,"Toxic Egg 2":37,"Cracked Core":0,"Unceasing Top":6},{"Potion Belt":16,"Regal Pillow":11,"Mango":0,"The Courier":12,"Omamori":16,"Bag of Preparation":18,"Letter Opener":19,"Bottled Tornado":18,"Smiling Mask":13,"Ancient Tea Set":18,"Blood Vial":5,"Frozen Eye":0,"Centennial Puzzle":12,"Matryoshka":4,"Molten Egg 2":6,"Philosopher\u0027s Stone":7,"Pandora\u0027s Box":15,"Red Mask":10,"Art of War":12,"Toxic Egg 2":16,"Cracked Core":0,"Unceasing Top":4},{"Potion Belt":76,"Regal Pillow":46,"Mango":0,"The Courier":53,"Omamori":76,"Bag of Preparation":85,"Letter Opener":88,"Bottled Tornado":85,"Smiling Mask":58,"Ancient Tea Set":85,"Blood Vial":23,"Frozen Eye":0,"Centennial Puzzle":53,"Matryoshka":17,"Molten Egg 2":25,"Philosopher\u0027s Stone":31,"Pandora\u0027s Box":74,"Red Mask":43,"Art of War":53,"Toxic Egg 2":76,"Cracked Core":0,"Unceasing Top":17}],"Unceasing Top":[3]},"card_choices":[{"not_picked":["Reprogram"],"picked":"Hologram","floor":1},{"not_picked":["Turbo"],"picked":"Compile Driver","floor":3},{"not_picked":["Melter","Aggregate"],"picked":"SKIP","floor":5},{"not_picked":["Redo","Beam Cell"],"picked":"SKIP","floor":6},{"not_picked":["Recycle"],"picked":"Coolheaded","floor":11},{"not_picked":["Turbo"],"picked":"Compile Driver","floor":13},{"not_picked":["Redo"],"picked":"Beam Cell+1","floor":18},{"not_picked":["Conserve Battery"],"picked":"Ball Lightning+1","floor":19},{"not_picked":["Reprogram"],"picked":"Chill","floor":20},{"not_picked":["Reinforced Body"],"picked":"Loop","floor":23},{"not_picked":["Gash+1"],"picked":"Heatsinks+1","floor":25},{"not_picked":["Ball Lightning+1"],"picked":"Doom and Gloom+1","floor":29},{"not_picked":["Reprogram"],"picked":"Glacier","floor":31},{"not_picked":["Fission"],"picked":"Machine Learning","floor":33},{"not_picked":["Steam+1"],"picked":"Hologram","floor":35},{"not_picked":["Rebound+1"],"picked":"Rip and Tear+1","floor":38},{"not_picked":["Turbo+1"],"picked":"Stack+1","floor":40},{"not_picked":["Steam+1"],"picked":"Compile Driver+1","floor":45},{"not_picked":["Streamline+1"],"picked":"Static Discharge+1","floor":46},{"not_picked":["Rebound+1"],"picked":"Reinforced Body+1","floor":48}],"player_experience":1420903,"relics_obtained":[{"floor":6,"key":"Unceasing Top"},{"floor":9,"key":"Matryoshka"},{"floor":11,"key":"Blood Vial"},{"floor":20,"key":"Red Mask"},{"floor":23,"key":"Regal Pillow"},{"floor":26,"key":"Centennial Puzzle"},{"floor":26,"key":"Art of War"},{"floor":29,"key":"Smiling Mask"},{"floor":40,"key":"Bottled Tornado"},{"floor":43,"key":"Bag of Preparation"},{"floor":43,"key":"Ancient Tea Set"},{"floor":45,"key":"Letter Opener"}],"event_choices":[{"cards_removed":["Strike_B"],"damage_healed":0,"gold_gain":0,"player_choice":"Purged","damage_taken":0,"max_hp_gain":0,"max_hp_loss":0,"event_name":"Purifier","floor":4,"gold_loss":0},{"cards_removed":["Defend_B"],"damage_healed":0,"gold_gain":0,"player_choice":"Card Removal","damage_taken":0,"max_hp_gain":0,"max_hp_loss":0,"event_name":"The Cleric","floor":8,"gold_loss":50},{"cards_removed":["Strike_B"],"damage_healed":0,"gold_gain":0,"player_choice":"Forget","damage_taken":0,"max_hp_gain":0,"max_hp_loss":0,"event_name":"Living Wall","floor":10,"gold_loss":0},{"damage_healed":0,"gold_gain":0,"player_choice":"Box","damage_taken":0,"relics_obtained":["Molten Egg 2"],"max_hp_gain":0,"max_hp_loss":0,"event_name":"Big Fish","floor":14,"gold_loss":0,"cards_obtained":["Regret"]},{"damage_healed":0,"gold_gain":0,"player_choice":"Fought Bandits","damage_taken":0,"max_hp_gain":0,"max_hp_loss":0,"event_name":"Masked Bandits","floor":20,"gold_loss":0},{"cards_removed":["Regret"],"damage_healed":0,"gold_gain":0,"player_choice":"Gave Gold","damage_taken":0,"max_hp_gain":0,"max_hp_loss":0,"event_name":"Beggar","floor":21,"gold_loss":75},{"damage_healed":0,"gold_gain":180,"player_choice":"GOLD CARD CARD GOLD ","damage_taken":32,"max_hp_gain":0,"max_hp_loss":0,"event_name":"Knowing Skull","floor":22,"potions_obtained":[],"gold_loss":0,"cards_obtained":["Forethought","Discovery"]},{"damage_healed":0,"gold_gain":0,"player_choice":"Opened","damage_taken":0,"relics_obtained":["The Courier"],"max_hp_gain":0,"max_hp_loss":0,"event_name":"The Mausoleum","floor":27,"gold_loss":0,"cards_obtained":["Writhe"]},{"damage_healed":29,"gold_gain":0,"player_choice":"Heal","damage_taken":0,"max_hp_gain":0,"max_hp_loss":0,"event_name":"The Library","floor":30,"gold_loss":0},{"cards_removed":["Consume"],"damage_healed":0,"gold_gain":0,"player_choice":"Gave Card","damage_taken":0,"relics_obtained":["Potion Belt"],"max_hp_gain":0,"max_hp_loss":0,"event_name":"WeMeetAgain","floor":36,"gold_loss":0},{"damage_healed":0,"gold_gain":999,"player_choice":"Gold","damage_taken":0,"max_hp_gain":0,"max_hp_loss":0,"event_name":"MindBloom","floor":39,"gold_loss":0,"cards_obtained":["Normality","Normality"]},{"damage_healed":0,"gold_gain":0,"player_choice":"Max HP","damage_taken":0,"max_hp_gain":0,"max_hp_loss":4,"event_name":"Winding Halls","floor":41,"gold_loss":0}],"is_beta":false,"boss_relics":[{"not_picked":["Astrolabe","Black Star"],"picked":"Philosopher\u0027s Stone"},{"not_picked":["Cursed Key","Sozu"],"picked":"Pandora\u0027s Box"}],"items_purged_floors":[],"is_endless":false,"potions_floor_spawned":[1,16,19,29,33,40,45,47,48],"ascension_level":0}}