{"host":"y4fuci1jk2rsxnep","time":1613311700,"event":{"mods":["AchievementEnabler","BaseMod","Colored Powertips","Custom Start","Defuse TimeMaze Blight","Dio Mod","Downfall","Hermit","Hero for Fun","Hubris","Hunter ??","Infinite Spire","Minty Spire (QoL Compilation)","Quick Restart","Reliquary","Remove Card Discount Mod","Replay The Spire","StSLib","The Blackbeard","The Bug Knight","The Mystic","The Runesmith"],"gold_per_floor":[111,130,76,100,120,162,162,162,162],"floor_reached":7,"language":"ENG","playtime":1051,"items_purged":["hexamod:Defend"],"score":53,"play_id":"99d15e14-0f0b-40ab-8075-58d8a6304cfb","local_time":"20210214150820","daily_mods":["Heirloom","Flight"],"is_ascension_mode":false,"campfire_choices":[],"circlet_count":0,"master_deck":["hexamod:Strike","hexamod:Strike","hexamod:Strike","hexamod:Strike","hexamod:Defend","hexamod:Defend","hexamod:Defend+1","hexamod:Sear","hexamod:Float","hexamod:AdvancingGuard","hexamod:SecondSeal","hexamod:SixthSeal"],"relics":["hexamod:SpiritBrand","replay:Trail_Library","champ:DeflectingBracers","reliquary:SilkGlove"],"acts_visited":["Exordium"],"potions_floor_usage":[6,7],"damage_taken":[{"damage":0,"enemies":"Cultist","floor":1,"turns":3},{"damage":3,"enemies":"Small Slimes","floor":2,"turns":3},{"damage":3,"enemies":"2 Louse","floor":4,"turns":4},{"damage":18,"enemies":"Gremlin Gang","floor":5,"turns":5},{"damage":35,"enemies":"3 Sentries","floor":6,"turns":9},{"damage":14,"enemies":"Gremlin Nob","floor":7,"turns":4}],"seed_played":"-4208204169709420746","potions_obtained":[{"floor":1,"key":"LiquidBronze"},{"floor":5,"key":"Dexterity Potion"},{"floor":6,"key":"hexamod:InfernoChargePotion"}],"is_trial":true,"path_per_floor":["M","M","$","M","M","E","E"],"character_chosen":"THE_SPIRIT","items_purchased":["hexamod:SecondSeal"],"campfire_rested":0,"item_purchase_floors":[3],"current_hp_per_floor":[70,67,67,64,46,11,0,0,0],"gold":162,"neow_bonus":"","is_daily":false,"chose_seed":false,"campfire_upgraded":0,"win_rate":0.0,"timestamp":1613311700,"path_taken":["M","M","$","M","M","E","E"],"items_purchased_type":["Card"],"build_version":"2020-12-22","purchased_purges":1,"victory":false,"max_hp_per_floor":[70,70,70,70,70,70,70,70,70],"card_choices":[{"not_picked":["hexamod:GhostLash","hexamod:Incineration"],"picked":"hexamod:AdvancingGuard","floor":1},{"not_picked":["hexamod:GhostShield","hexamod:HauntingEcho","hexamod:AdvancingGuard"],"picked":"SKIP","floor":2},{"not_picked":["hexamod:NightmareGuise","hexamod:BacktrackSmack","hexamod:RainOfEmbers"],"picked":"SKIP","floor":4},{"not_picked":["hexamod:FastForward","hexamod:PhantomFireball"],"picked":"hexamod:SixthSeal","floor":5},{"not_picked":["hexamod:GhostLash","hexamod:HeatShield","hexamod:NightmareGuise"],"picked":"SKIP","floor":6}],"player_experience":555359,"relics_obtained":[{"floor":6,"key":"reliquary:SilkGlove"}],"event_choices":[],"is_beta":false,"boss_relics":[],"items_purged_floors":[3],"is_endless":false,"potions_floor_spawned":[1,5,6],"killed_by":"Gremlin Nob","ascension_level":0}}