{"host":"1ie89x0glpq08u84","time":1613335623,"event":{"mods":["AchievementEnabler","BaseMod","Highlight Path","Minty Spire (QoL Compilation)","StSLib","Unceasing Turn Reminder"],"gold_per_floor":[116,136,136,147,167,196,196,226,253,253,253,253,253,267,267,371,421,434,448,448,363,139,139,157,157,183,183,198,198,209,12,12,12,12],"floor_reached":33,"language":"ENG","playtime":795,"items_purged":["Strike_P+1"],"score":473,"play_id":"2005f7e5-2656-4c81-bd30-f1df4773536d","local_time":"20210214154703","is_ascension_mode":true,"campfire_choices":[{"floor":7.0,"key":"REST"},{"floor":10.0,"key":"REST"},{"floor":12.0,"key":"REST"},{"floor":15.0,"key":"REST"},{"data":"Wish","floor":23.0,"key":"SMITH"},{"data":"Vault","floor":25.0,"key":"SMITH"},{"data":"Wish","floor":29,"key":"SMITH"},{"floor":32,"key":"REST"}],"circlet_count":0,"master_deck":["AscendersBane","Strike_P+1","Strike_P+1","Strike_P+1","Defend_P+1","Defend_P+1","Defend_P+1","Defend_P+1","Eruption","Vigilance","Tantrum+1","SashWhip","Conclude+1","WaveOfTheHand+1","FlyingSleeves","Protect","WindmillStrike","TalkToTheHand","FlurryOfBlows","Scrawl+1","Vault+1","WaveOfTheHand+1","FearNoEvil","SashWhip+1","Wish+1","Wallop","Wish+1","LikeWater","WaveOfTheHand+1","Devotion","Consecrate","CrushJoints"],"relics":["Sozu","Bag of Marbles","Dream Catcher","PreservedInsect","Tiny House","Vajra","War Paint","Regal Pillow"],"acts_visited":["Exordium","TheCity"],"potions_floor_usage":[],"damage_taken":[{"damage":9.0,"enemies":"Small Slimes","floor":1.0,"turns":3.0},{"damage":0.0,"enemies":"2 Louse","floor":2.0,"turns":3.0},{"damage":2.0,"enemies":"Jaw Worm","floor":4.0,"turns":3.0},{"damage":0.0,"enemies":"Large Slime","floor":5.0,"turns":3.0},{"damage":44.0,"enemies":"Gremlin Nob","floor":6.0,"turns":4.0},{"damage":35.0,"enemies":"Lagavulin","floor":8.0,"turns":3.0},{"damage":0.0,"enemies":"2 Fungi Beasts","floor":14.0,"turns":2.0},{"damage":0.0,"enemies":"Slime Boss","floor":16.0,"turns":4.0},{"damage":18.0,"enemies":"2 Thieves","floor":18.0,"turns":3.0},{"damage":5.0,"enemies":"Shell Parasite","floor":19.0,"turns":4.0},{"damage":0.0,"enemies":"Cultist and Chosen","floor":24.0,"turns":7.0},{"damage":0,"enemies":"Snecko","floor":28,"turns":7},{"damage":24,"enemies":"Snake Plant","floor":30,"turns":4},{"damage":73,"enemies":"Champ","floor":33,"turns":8}],"seed_played":"1057326366897213943","potions_obtained":[],"is_trial":false,"path_per_floor":["M","M","?","M","M","E","R","E","T","R","?","R","?","M","R","B",null,"M","M","?","?","$","R","M","R","T","?","M","R","M","$","R","B"],"character_chosen":"WATCHER","items_purchased":["Wish","Regal Pillow","Consecrate"],"campfire_rested":5,"item_purchase_floors":[22,31,31],"current_hp_per_floor":[56,56,61,59,59,15,38,3,3,26,11,34,34,34,57,57,77,59,54,54,54,54,54,54,54,54,54,54,54,30,30,69,0,0],"gold":12,"neow_bonus":"BOSS_RELIC","is_daily":false,"chose_seed":false,"campfire_upgraded":3,"win_rate":0.0,"timestamp":1613335623,"path_taken":["M","M","?","M","M","E","R","E","T","R","?","R","?","M","R","BOSS","M","M","?","?","$","R","M","R","T","?","?","R","M","$","R","BOSS"],"items_purchased_type":["Card","Relic","Card"],"build_version":"2020-12-22","purchased_purges":1,"victory":false,"max_hp_per_floor":[72,72,77,77,77,77,77,77,77,77,77,77,77,77,77,77,82,82,82,82,82,82,82,82,82,82,82,82,82,82,82,82,82,82],"card_choices":[{"not_picked":["Prostrate","CrushJoints"],"picked":"Tantrum","floor":1.0},{"not_picked":["FollowUp","WindmillStrike"],"picked":"SashWhip","floor":2.0},{"not_picked":["CrushJoints","Evaluate"],"picked":"Conclude","floor":4.0},{"not_picked":["EmptyBody","Nirvana"],"picked":"WaveOfTheHand","floor":5.0},{"not_picked":["ThirdEye","Nirvana"],"picked":"FlyingSleeves","floor":6.0},{"not_picked":["EmptyBody","Crescendo"],"picked":"Protect","floor":8.0},{"not_picked":["CutThroughFate","FollowUp"],"picked":"WindmillStrike","floor":10.0},{"not_picked":["Meditate","FlyingSleeves"],"picked":"TalkToTheHand","floor":12.0},{"not_picked":["Halt","PathToVictory"],"picked":"FlurryOfBlows","floor":14.0},{"not_picked":["Nirvana","EmptyFist"],"picked":"Scrawl","floor":15.0},{"not_picked":["Alpha","Ragnarok"],"picked":"Vault","floor":16.0},{"not_picked":["SignatureMove","EmptyBody"],"picked":"WaveOfTheHand","floor":17.0},{"not_picked":["Collect+1","ThirdEye"],"picked":"FearNoEvil","floor":18.0},{"not_picked":["SignatureMove","Crescendo"],"picked":"SashWhip+1","floor":19.0},{"not_picked":["Worship","Prostrate"],"picked":"Wallop","floor":24.0},{"not_picked":["Swivel","FlurryOfBlows"],"picked":"WaveOfTheHand+1","floor":28},{"not_picked":["FollowUp","CutThroughFate+1"],"picked":"Devotion","floor":30},{"not_picked":["ClearTheMind","Weave"],"picked":"CrushJoints","floor":32}],"player_experience":414072,"relics_obtained":[{"floor":6.0,"key":"Bag of Marbles"},{"floor":8.0,"key":"Dream Catcher"},{"floor":9.0,"key":"PreservedInsect"},{"floor":26.0,"key":"War Paint"}],"event_choices":[{"damage_healed":0.0,"max_hp_gain":5.0,"max_hp_loss":0.0,"gold_gain":0.0,"event_name":"Big Fish","player_choice":"Donut","floor":3.0,"gold_loss":0.0,"damage_taken":0.0},{"damage_healed":0.0,"max_hp_gain":0.0,"max_hp_loss":0.0,"gold_gain":0.0,"event_name":"Shining Light","player_choice":"Entered Light","floor":11.0,"gold_loss":0.0,"damage_taken":15.0,"cards_upgraded":["Tantrum","WaveOfTheHand"]},{"damage_healed":0.0,"max_hp_gain":0.0,"max_hp_loss":0.0,"gold_gain":0.0,"event_name":"Dead Adventurer","player_choice":"Searched \u00270\u0027 times","floor":13.0,"gold_loss":0.0,"damage_taken":0.0},{"damage_healed":0.0,"max_hp_gain":0.0,"max_hp_loss":0.0,"gold_gain":0.0,"event_name":"Back to Basics","player_choice":"Simplicity","floor":20.0,"gold_loss":0.0,"damage_taken":0.0,"cards_upgraded":["Strike_P","Strike_P","Strike_P","Strike_P","Defend_P","Defend_P","Defend_P","Defend_P"]},{"damage_healed":0.0,"max_hp_gain":0.0,"max_hp_loss":0.0,"gold_gain":0.0,"event_name":"Addict","player_choice":"Obtained Relic","floor":21.0,"gold_loss":85.0,"damage_taken":0.0,"relics_obtained":["Vajra"]},{"damage_healed":0,"gold_gain":0,"player_choice":"2 cards matched","damage_taken":0,"max_hp_gain":0,"max_hp_loss":0,"event_name":"Match and Keep!","floor":27,"gold_loss":0,"cards_obtained":["Wish","LikeWater"]}],"is_beta":false,"boss_relics":[{"not_picked":["SacredBark","Fusion Hammer"],"picked":"Tiny House"}],"items_purged_floors":[22],"is_endless":false,"potions_floor_spawned":[2,4,14,16,24,28,30],"killed_by":"Champ","ascension_level":11}}