{"host":"jqkewjmybebgw3gd","time":1613303878,"event":{"mods":["AchievementEnabler","BaseMod","Colored Map","DeckTracker","Keyboard Shortcuts","Minty Spire (QoL Compilation)","StSLib","SuperFastMode"],"gold_per_floor":[114,129,145,70,85,112,112,141,141,152,152,152,152,172,172,276,276,296,306,306,306],"floor_reached":20,"language":"KOR","playtime":923,"items_purged":[],"score":195,"play_id":"e33fa752-2edf-4836-b609-ac3c0df6a953","local_time":"20210214205758","is_ascension_mode":true,"campfire_choices":[{"data":"Streamline","floor":7,"key":"SMITH"},{"floor":11,"key":"REST"},{"floor":13,"key":"REST"},{"data":"Coolheaded","floor":15,"key":"SMITH"}],"circlet_count":0,"master_deck":["Strike_B","Strike_B","Defend_B","Defend_B","Defend_B","Defend_B","Zap","Dualcast","Streamline+1","Leap","Beam Cell","Reinforced Body","Melter","Coolheaded+1","Hologram","Echo Form","BootSequence+1","Defragment"],"relics":["Cracked Core","Molten Egg 2","Happy Flower","Centennial Puzzle","Runic Pyramid"],"acts_visited":["Exordium","TheCity"],"potions_floor_usage":[6,8,16,18,19],"damage_taken":[{"damage":5,"enemies":"Small Slimes","floor":1,"turns":3},{"damage":0,"enemies":"2 Louse","floor":2,"turns":1},{"damage":2,"enemies":"Jaw Worm","floor":3,"turns":2},{"damage":5,"enemies":"Looter","floor":5,"turns":3},{"damage":12,"enemies":"Gremlin Nob","floor":6,"turns":4},{"damage":25,"enemies":"3 Sentries","floor":8,"turns":10},{"damage":13,"enemies":"Gremlin Gang","floor":10,"turns":4},{"damage":1,"enemies":"Exordium Wildlife","floor":14,"turns":4},{"damage":8,"enemies":"Slime Boss","floor":16,"turns":8},{"damage":22,"enemies":"2 Thieves","floor":18,"turns":4},{"damage":2,"enemies":"Shell Parasite","floor":19,"turns":3},{"damage":44,"enemies":"Masked Bandits","floor":20,"turns":3}],"seed_played":"2021068306596414393","potions_obtained":[{"floor":1,"key":"SpeedPotion"},{"floor":5,"key":"Energy Potion"},{"floor":6,"key":"SkillPotion"},{"floor":16,"key":"EntropicBrew"}],"is_trial":false,"path_per_floor":["M","M","M","$","M","E","R","E","T","M","R","?","R","M","R","B",null,"M","M","?"],"character_chosen":"DEFECT","items_purchased":["Reinforced Body"],"campfire_rested":2,"item_purchase_floors":[4],"current_hp_per_floor":[63,63,61,61,56,44,44,19,19,6,26,26,46,45,45,37,68,46,44,0,0],"gold":306,"neow_bonus":"REMOVE_TWO","is_daily":false,"chose_seed":false,"campfire_upgraded":2,"win_rate":0.0,"timestamp":1613303878,"path_taken":["M","M","M","$","M","E","R","E","T","M","R","?","R","M","R","BOSS","M","M","?"],"items_purchased_type":["Card"],"build_version":"2020-12-22","purchased_purges":0,"victory":false,"max_hp_per_floor":[68,68,68,68,68,68,68,68,68,68,68,68,68,68,68,68,68,68,68,68,68],"card_choices":[{"not_picked":["Skim","Blizzard"],"picked":"Streamline","floor":1},{"not_picked":["Skim","Recycle"],"picked":"Leap","floor":2},{"not_picked":["Leap","Streamline"],"picked":"Beam Cell","floor":3},{"not_picked":["Gash","Blizzard"],"picked":"Melter","floor":5},{"not_picked":["Redo","Barrage+1"],"picked":"Coolheaded","floor":6},{"not_picked":["Recycle","Hyperbeam+1","Coolheaded"],"picked":"SKIP","floor":8},{"not_picked":["Gash+1","Streamline+1","Compile Driver+1"],"picked":"SKIP","floor":10},{"not_picked":["Gash+1","Doom and Gloom+1"],"picked":"Hologram","floor":14},{"not_picked":["Amplify","Creative AI"],"picked":"Echo Form","floor":16},{"not_picked":["Sunder+1","Darkness"],"picked":"BootSequence+1","floor":18},{"not_picked":["Gash+1","Go for the Eyes+1"],"picked":"Defragment","floor":19}],"player_experience":533162,"relics_obtained":[{"floor":6,"key":"Molten Egg 2"},{"floor":8,"key":"Happy Flower"},{"floor":9,"key":"Centennial Puzzle"}],"event_choices":[{"damage_healed":0,"gold_gain":0,"player_choice":"Ignored","damage_taken":0,"max_hp_gain":0,"max_hp_loss":0,"event_name":"Liars Game","floor":12,"gold_loss":0},{"damage_healed":0,"gold_gain":0,"player_choice":"Fought Bandits","damage_taken":0,"max_hp_gain":0,"max_hp_loss":0,"event_name":"Masked Bandits","floor":20,"gold_loss":0}],"is_beta":false,"boss_relics":[{"not_picked":["Coffee Dripper","Velvet Choker"],"picked":"Runic Pyramid"}],"items_purged_floors":[],"is_endless":false,"potions_floor_spawned":[1,5,6,16,18],"killed_by":"Masked Bandits","ascension_level":1}}