{"host":"p55ahgraoahruc9a","time":1613283658,"event":{"mods":["AchievementEnabler","BaseMod","Colored Map","Keyboard Shortcuts","Minty Spire (QoL Compilation)","Permanent Neow","Quick Restart"],"gold_per_floor":[115,128,144,160,175,209,209,239,239,239,253,286,211,224,224,321,321,341,440,85,105,195,522,534,534,581,650,457,475,494,694,694,797,797,811,607,626,626,113,148,148,158,185,0,0,16,49,61,61,61],"floor_reached":51,"language":"KOR","playtime":3423,"items_purged":["Defend_R","Strike_R","Strike_R","Strike_R","Strike_R+1"],"score":1006,"play_id":"7809d1ad-d149-433e-9b19-baf29b78eab1","local_time":"20210214152058","is_ascension_mode":true,"campfire_choices":[{"data":"Demon Form","floor":7.0,"key":"SMITH"},{"floor":15.0,"key":"REST"},{"data":"Limit Break","floor":25.0,"key":"SMITH"},{"floor":32.0,"key":"REST"},{"floor":41.0,"key":"REST"},{"data":"Shrug It Off","floor":45.0,"key":"SMITH"},{"floor":49,"key":"REST"}],"circlet_count":0,"master_deck":["Defend_R","Defend_R","Defend_R+1","Bash+1","Infernal Blade+1","Sword Boomerang","Cleave","Flex+1","Demon Form+1","Inflame","Armaments","Limit Break+1","Whirlwind","Seeing Red+1","Shrug It Off+1","Power Through+1","Ghostly Armor"],"relics":["Black Blood","Orichalcum","Calipers","Pantograph","Question Card","HornCleat","Old Coin","Smiling Mask","Centennial Puzzle","Red Skull","Velvet Choker","Whetstone","Chemical X","StoneCalendar","Dream Catcher","Strawberry","Red Mask","War Paint"],"acts_visited":["Exordium","TheCity","TheBeyond"],"potions_floor_usage":[50],"damage_taken":[{"damage":1.0,"enemies":"2 Louse","floor":1.0,"turns":3.0},{"damage":0.0,"enemies":"Cultist","floor":2.0,"turns":3.0},{"damage":0.0,"enemies":"Small Slimes","floor":3.0,"turns":1.0},{"damage":10.0,"enemies":"Exordium Thugs","floor":4.0,"turns":4.0},{"damage":10.0,"enemies":"2 Fungi Beasts","floor":5.0,"turns":3.0},{"damage":20.0,"enemies":"Gremlin Nob","floor":6.0,"turns":4.0},{"damage":28.0,"enemies":"Lagavulin","floor":8.0,"turns":5.0},{"damage":6.0,"enemies":"Exordium Wildlife","floor":11.0,"turns":2.0},{"damage":12.0,"enemies":"3 Sentries","floor":12.0,"turns":5.0},{"damage":10.0,"enemies":"Looter","floor":14.0,"turns":3.0},{"damage":43.0,"enemies":"Hexaghost","floor":16.0,"turns":5.0},{"damage":18.0,"enemies":"Chosen","floor":18.0,"turns":5.0},{"damage":13.0,"enemies":"3 Byrds","floor":21.0,"turns":4.0},{"damage":0.0,"enemies":"Gremlin Leader","floor":23.0,"turns":6.0},{"damage":28.0,"enemies":"Snake Plant","floor":24.0,"turns":4.0},{"damage":31.0,"enemies":"Slavers","floor":27.0,"turns":5.0},{"damage":9.0,"enemies":"Centurion and Healer","floor":29.0,"turns":2.0},{"damage":38.0,"enemies":"Snecko","floor":30.0,"turns":5.0},{"damage":6.0,"enemies":"Champ","floor":33.0,"turns":7.0},{"damage":35.0,"enemies":"3 Darklings","floor":35.0,"turns":4.0},{"damage":5.0,"enemies":"Orb Walker","floor":37.0,"turns":2.0},{"damage":26.0,"enemies":"Reptomancer","floor":40.0,"turns":5.0},{"damage":27.0,"enemies":"4 Shapes","floor":42.0,"turns":2.0},{"damage":9.0,"enemies":"Spire Growth","floor":46.0,"turns":3.0},{"damage":52.0,"enemies":"Nemesis","floor":47.0,"turns":5.0},{"damage":2,"enemies":"3 Darklings","floor":48,"turns":2},{"damage":79,"enemies":"Awakened One","floor":50,"turns":9}],"seed_played":"5336045280501403350","potions_obtained":[{"floor":1.0,"key":"Explosive Potion"},{"floor":2.0,"key":"Swift Potion"},{"floor":6.0,"key":"PowerPotion"},{"floor":16.0,"key":"ColorlessPotion"},{"floor":21.0,"key":"BlessingOfTheForge"},{"floor":27.0,"key":"Fire Potion"},{"floor":29.0,"key":"BlessingOfTheForge"},{"floor":48,"key":"AttackPotion"}],"is_trial":false,"path_per_floor":["M","M","M","M","M","E","R","E","T","?","M","E","$","M","R","B",null,"M","?","$","M","?","E","M","R","T","E","$","M","M","?","R","B",null,"M","$","M","?","$","E","R","M","T","?","R","M","E","M","R","B",null],"character_chosen":"IRONCLAD","items_purchased":["HornCleat","Red Skull","Whetstone","Chemical X","StoneCalendar"],"campfire_rested":4,"item_purchase_floors":[20,28,36,39,39],"current_hp_per_floor":[80,80,80,76,72,58,58,36,36,36,36,30,30,26,50,38,80,74,74,74,73,61,73,57,57,57,38,38,41,15,15,39,70,80,57,57,64,64,64,50,74,59,66,66,66,69,29,39,65,20],"gold":61,"neow_bonus":"RANDOM_COMMON_RELIC","is_daily":false,"chose_seed":false,"campfire_upgraded":3,"win_rate":0.0,"timestamp":1613283658,"path_taken":["M","M","M","M","M","E","R","E","T","?","M","E","$","M","R","BOSS","M","?","$","M","?","E","M","R","T","E","$","M","?","?","R","BOSS","M","$","M","?","$","E","R","M","T","?","R","M","E","M","R","BOSS"],"items_purchased_type":["Relic","Relic","Relic","Relic","Relic"],"build_version":"2020-12-22","purchased_purges":5,"victory":true,"max_hp_per_floor":[80,80,80,80,80,80,80,80,80,80,80,80,80,80,80,80,80,80,80,80,80,80,80,80,80,80,80,80,80,80,80,80,80,80,80,80,80,80,80,80,80,80,87,87,87,87,87,87,87,87],"card_choices":[{"not_picked":["Fire Breathing","Wild Strike"],"picked":"Infernal Blade","floor":1.0},{"not_picked":["Seeing Red","Feel No Pain"],"picked":"Sword Boomerang","floor":2.0},{"not_picked":["Hemokinesis","Headbutt","Anger"],"picked":"SKIP","floor":3.0},{"not_picked":["Second Wind","Sword Boomerang"],"picked":"Cleave","floor":4.0},{"not_picked":["Armaments","Ghostly Armor"],"picked":"Flex","floor":5.0},{"not_picked":["Body Slam","Metallicize"],"picked":"Demon Form","floor":6.0},{"not_picked":["Hemokinesis","Pommel Strike","Disarm"],"picked":"SKIP","floor":8.0},{"not_picked":["Anger","Infernal Blade","Cleave"],"picked":"SKIP","floor":11.0},{"not_picked":["Sever Soul","Whirlwind"],"picked":"Inflame","floor":12.0},{"not_picked":["Thunderclap","Iron Wave","Sword Boomerang"],"picked":"Armaments","floor":14.0},{"not_picked":["Brutality","Reaper","Berserk"],"picked":"Limit Break","floor":16.0},{"not_picked":["Iron Wave","Intimidate","Warcry"],"picked":"Whirlwind","floor":18.0},{"not_picked":["True Grit","Inflame","Thunderclap"],"picked":"Seeing Red+1","floor":21.0},{"not_picked":["Body Slam+1","Rupture+1","Disarm","Havoc"],"picked":"SKIP","floor":23.0},{"not_picked":["Searing Blow","Cleave","Flex","Fiend Fire"],"picked":"SKIP","floor":24.0},{"not_picked":["Sentinel","Berserk","Whirlwind","Dropkick"],"picked":"SKIP","floor":27.0},{"not_picked":["Heavy Blade","Clash","Warcry","Sword Boomerang"],"picked":"SKIP","floor":29.0},{"not_picked":["Seeing Red+1","Perfected Strike+1","Second Wind"],"picked":"Shrug It Off","floor":30.0},{"not_picked":["Battle Trance","Armaments","Headbutt+1","Iron Wave"],"picked":"SKIP","floor":35.0},{"not_picked":["Power Through+1","Dark Embrace+1","Burning Pact","Fire Breathing"],"picked":"SKIP","floor":37.0},{"not_picked":["Havoc","Clothesline","Feel No Pain+1","Perfected Strike+1"],"picked":"SKIP","floor":40.0},{"not_picked":["Hemokinesis+1","Body Slam+1","Dark Embrace+1","Fire Breathing+1"],"picked":"SKIP","floor":42.0},{"not_picked":["Flex+1","Headbutt","Offering","Shrug It Off"],"picked":"SKIP","floor":46.0},{"not_picked":["Sever Soul+1","Searing Blow+1","Havoc+1"],"picked":"Power Through+1","floor":47.0},{"not_picked":["Anger","Evolve","Uppercut+1"],"picked":"Ghostly Armor","floor":48}],"player_experience":96990,"relics_obtained":[{"floor":6.0,"key":"Calipers"},{"floor":8.0,"key":"Pantograph"},{"floor":12.0,"key":"Question Card"},{"floor":23.0,"key":"Old Coin"},{"floor":26.0,"key":"Smiling Mask"},{"floor":27.0,"key":"Centennial Puzzle"},{"floor":40.0,"key":"Dream Catcher"},{"floor":43.0,"key":"Strawberry"},{"floor":47.0,"key":"War Paint"}],"event_choices":[{"damage_healed":0.0,"max_hp_gain":0.0,"max_hp_loss":0.0,"gold_gain":0.0,"event_name":"Accursed Blacksmith","player_choice":"Forge","floor":10.0,"gold_loss":0.0,"damage_taken":0.0,"cards_upgraded":["Flex"]},{"damage_healed":0.0,"max_hp_gain":0.0,"max_hp_loss":0.0,"gold_gain":99.0,"event_name":"Nest","player_choice":"Stole From Cult","floor":19.0,"gold_loss":0.0,"damage_taken":0.0},{"damage_healed":0.0,"max_hp_gain":0.0,"max_hp_loss":0.0,"gold_gain":90.0,"event_name":"Knowing Skull","player_choice":"GOLD ","floor":22.0,"potions_obtained":[],"gold_loss":0.0,"damage_taken":12.0,"cards_obtained":[]},{"damage_healed":0.0,"max_hp_gain":0.0,"max_hp_loss":0.0,"gold_gain":200.0,"event_name":"Wheel of Change","player_choice":"Gold","floor":31.0,"gold_loss":0.0,"damage_taken":0.0},{"cards_removed":["Strike_R"],"damage_healed":0.0,"max_hp_gain":0.0,"max_hp_loss":0.0,"gold_gain":0.0,"event_name":"Falling","player_choice":"Removed Attack","floor":38.0,"gold_loss":0.0,"damage_taken":0.0},{"damage_healed":0.0,"max_hp_gain":0.0,"max_hp_loss":0.0,"gold_gain":0.0,"event_name":"Tomb of Lord Red Mask","player_choice":"Paid","floor":44.0,"gold_loss":185.0,"damage_taken":0.0,"relics_obtained":["Red Mask"]}],"is_beta":false,"boss_relics":[{"not_picked":["SacredBark","Empty Cage"],"picked":"Black Blood"},{"not_picked":["Snecko Eye","Runic Dome"],"picked":"Velvet Choker"}],"items_purged_floors":[13,20,28,36,39],"is_endless":false,"potions_floor_spawned":[1,2,6,16,21,27,29,33,35,48],"ascension_level":3}}