{"host":"Lrdox","time":1613315424,"event":{"mods":["BaseMod","Colored Map","Minty Spire (QoL Compilation)","Relic Stats"],"gold_per_floor":[19,19,32,49,61,61,87,87,110,135,135,60,60,76,76,177,177,197,209,209,227,82,107,107,107,107,126,204,238,255,267,267,367,367,387,401,58,68,68,98,149,149,149,162,162,177,206,224,224,224],"floor_reached":51,"language":"ENG","playtime":1969,"items_purged":["Strike_G","Strike_G"],"score":1075,"play_id":"64935876-895d-4e2a-9983-314e9b6c097d","local_time":"20210214161024","is_ascension_mode":true,"campfire_choices":[{"data":"After Image","floor":6.0,"key":"SMITH"},{"data":"Deadly Poison","floor":8.0,"key":"SMITH"},{"data":"Catalyst","floor":11.0,"key":"SMITH"},{"data":"Crippling Poison","floor":15.0,"key":"SMITH"},{"data":"Wraith Form v2","floor":24.0,"key":"SMITH"},{"data":"Acrobatics","floor":32.0,"key":"SMITH"},{"floor":45,"key":"REST"},{"data":"Catalyst","floor":49,"key":"SMITH"}],"circlet_count":0,"master_deck":["Strike_G","Strike_G","Defend_G","Defend_G","Defend_G","Survivor","Neutralize","Catalyst+1","After Image+1","Backflip","Deadly Poison+1","Blur","Crippling Poison+1","PiercingWail","Wraith Form v2+1","Cloak And Dagger","Acrobatics+1","After Image+1","Caltrops+1","Wraith Form v2+1","Acrobatics","Catalyst+1","Regret"],"relics":["Ring of the Snake","Incense Burner","Bronze Scales","MealTicket","Busted Crown","Lizard Tail","FossilizedHelix","Blue Candle","Frozen Egg 2","Cursed Key","Anchor","DollysMirror","Letter Opener","Bag of Marbles","Oddly Smooth Stone"],"acts_visited":["Exordium","TheCity","TheBeyond"],"potions_floor_usage":[50],"damage_taken":[{"damage":0.0,"enemies":"Jaw Worm","floor":1.0,"turns":6.0},{"damage":4.0,"enemies":"Small Slimes","floor":3.0,"turns":5.0},{"damage":0.0,"enemies":"Cultist","floor":4.0,"turns":5.0},{"damage":0.0,"enemies":"3 Louse","floor":5.0,"turns":4.0},{"damage":17.0,"enemies":"3 Sentries","floor":7.0,"turns":13.0},{"damage":16.0,"enemies":"Lagavulin","floor":10.0,"turns":7.0},{"damage":6.0,"enemies":"Exordium Wildlife","floor":14.0,"turns":5.0},{"damage":8.0,"enemies":"Hexaghost","floor":16.0,"turns":7.0},{"damage":0.0,"enemies":"Chosen","floor":18.0,"turns":4.0},{"damage":7.0,"enemies":"2 Thieves","floor":19.0,"turns":4.0},{"damage":0.0,"enemies":"3 Cultists","floor":21.0,"turns":5.0},{"damage":0.0,"enemies":"Book of Stabbing","floor":23.0,"turns":5.0},{"damage":0.0,"enemies":"Shelled Parasite and Fungi","floor":27.0,"turns":4.0},{"damage":10.0,"enemies":"Slavers","floor":29.0,"turns":9.0},{"damage":0.0,"enemies":"Cultist and Chosen","floor":30.0,"turns":5.0},{"damage":8.0,"enemies":"Snake Plant","floor":31.0,"turns":3.0},{"damage":55.0,"enemies":"Collector","floor":33.0,"turns":12.0},{"damage":0.0,"enemies":"3 Shapes","floor":35.0,"turns":7.0},{"damage":0.0,"enemies":"Orb Walker","floor":36.0,"turns":4.0},{"damage":0.0,"enemies":"Jaw Worm Horde","floor":38.0,"turns":6.0},{"damage":47,"enemies":"Reptomancer","floor":40,"turns":6},{"damage":0,"enemies":"Maw","floor":44,"turns":5},{"damage":0,"enemies":"3 Darklings","floor":46,"turns":4},{"damage":0,"enemies":"Nemesis","floor":47,"turns":5},{"damage":0,"enemies":"Writhing Mass","floor":48,"turns":3},{"damage":2,"enemies":"Donu and Deca","floor":50,"turns":11}],"seed_played":"3396329287653893149","potions_obtained":[{"floor":4.0,"key":"FairyPotion"},{"floor":5.0,"key":"Fruit Juice"},{"floor":7.0,"key":"SkillPotion"},{"floor":14.0,"key":"PowerPotion"},{"floor":18.0,"key":"SpeedPotion"},{"floor":27.0,"key":"BlessingOfTheForge"},{"floor":30.0,"key":"CunningPotion"},{"floor":33.0,"key":"Energy Potion"}],"is_trial":false,"path_per_floor":["M","?","M","M","M","R","E","R","T","E","R","$","?","M","R","B",null,"M","M","?","M","$","E","R","?","T","M","T","E","M","M","R","B",null,"M","M","$","M","?","E","T","?","T","M","R","M","E","M","R","B",null],"character_chosen":"THE_SILENT","items_purchased":["Acrobatics","Anchor","DollysMirror","Acrobatics"],"campfire_rested":1,"item_purchase_floors":[22,37,37,37],"current_hp_per_floor":[63,63,59,59,59,59,42,42,42,26,26,41,46,40,40,32,64,64,57,57,57,72,72,72,72,72,77,77,67,67,59,59,4,61,61,61,76,76,76,29,29,29,29,29,53,53,53,53,53,51],"gold":224,"neow_bonus":"ONE_RARE_RELIC","is_daily":false,"chose_seed":false,"campfire_upgraded":7,"win_rate":0.0,"timestamp":1613315424,"path_taken":["M","?","M","M","M","R","E","R","T","E","R","$","?","M","R","BOSS","M","M","?","?","$","E","R","?","T","M","?","E","?","M","R","BOSS","M","M","$","M","?","E","?","?","T","?","R","?","E","M","R","BOSS"],"items_purchased_type":["Card","Relic","Relic","Card"],"build_version":"2020-12-18","purchased_purges":2,"victory":true,"max_hp_per_floor":[70,70,70,70,70,70,70,70,70,70,70,70,75,75,75,75,75,75,75,75,75,75,75,75,75,75,80,80,80,80,80,80,80,80,80,80,80,80,80,80,80,80,80,80,80,80,80,80,80,80],"relic_stats":{"Lizard Tail":0,"Busted Crown":34,"counters":[26,154],"Bronze Scales":[395],"Blue Candle":[3],"MealTicket":45,"Letter Opener":[111],"Cursed Key":1,"obtain_stats":[{"Blue Candle":28,"Oddly Smooth Stone":47,"Incense Burner":0,"Letter Opener":40,"Frozen Egg 2":29,"Cursed Key":34,"Lizard Tail":23,"Anchor":37,"Busted Crown":17,"DollysMirror":37,"Bronze Scales":7,"MealTicket":10,"Bag of Marbles":41,"FossilizedHelix":26,"Ring of the Snake":0},{"Blue Candle":13,"Oddly Smooth Stone":24,"Incense Burner":0,"Letter Opener":21,"Frozen Egg 2":14,"Cursed Key":17,"Lizard Tail":12,"Anchor":19,"Busted Crown":8,"DollysMirror":19,"Bronze Scales":5,"MealTicket":6,"Bag of Marbles":21,"FossilizedHelix":12,"Ring of the Snake":0},{"Blue Candle":74,"Oddly Smooth Stone":140,"Incense Burner":0,"Letter Opener":126,"Frozen Egg 2":83,"Cursed Key":103,"Lizard Tail":70,"Anchor":114,"Busted Crown":52,"DollysMirror":114,"Bronze Scales":33,"MealTicket":40,"Bag of Marbles":126,"FossilizedHelix":70,"Ring of the Snake":0}],"Ring of the Snake":[52]},"card_choices":[{"not_picked":["Sucker Punch","Prepared"],"picked":"Catalyst","floor":1.0},{"not_picked":["Cloak And Dagger","Prepared"],"picked":"Backflip","floor":3.0},{"not_picked":["Escape Plan","Deflect","Eviscerate"],"picked":"SKIP","floor":4.0},{"not_picked":["PiercingWail","Setup"],"picked":"Deadly Poison","floor":5.0},{"not_picked":["Dagger Throw","Escape Plan"],"picked":"Blur","floor":7.0},{"not_picked":["Envenom","Acrobatics"],"picked":"Crippling Poison","floor":10.0},{"not_picked":["Tactician","Slice"],"picked":"PiercingWail","floor":14.0},{"not_picked":["Doppelganger","Glass Knife"],"picked":"Wraith Form v2","floor":16.0},{"not_picked":["Deflect"],"picked":"SKIP","floor":18.0},{"not_picked":["Quick Slash"],"picked":"SKIP","floor":19.0},{"not_picked":["Dagger Throw"],"picked":"SKIP","floor":21.0},{"not_picked":["Reflex"],"picked":"SKIP","floor":23.0},{"not_picked":["Dagger Throw"],"picked":"SKIP","floor":27.0},{"not_picked":["Grand Finale"],"picked":"SKIP","floor":29.0},{"not_picked":["Setup"],"picked":"SKIP","floor":30.0},{"not_picked":["Blade Dance"],"picked":"SKIP","floor":31.0},{"not_picked":[],"picked":"After Image+1","floor":33.0},{"not_picked":[],"picked":"Caltrops+1","floor":35.0},{"not_picked":["Dagger Spray"],"picked":"SKIP","floor":36.0},{"not_picked":[],"picked":"Catalyst","floor":38.0},{"not_picked":["Choke+1"],"picked":"SKIP","floor":40},{"not_picked":["Blade Dance"],"picked":"SKIP","floor":44},{"not_picked":["Dodge and Roll"],"picked":"SKIP","floor":46},{"not_picked":["All Out Attack+1"],"picked":"SKIP","floor":47},{"not_picked":["Dagger Spray+1"],"picked":"SKIP","floor":48}],"player_experience":265874,"relics_obtained":[{"floor":7.0,"key":"Bronze Scales"},{"floor":10.0,"key":"MealTicket"},{"floor":23.0,"key":"Lizard Tail"},{"floor":26.0,"key":"FossilizedHelix"},{"floor":28.0,"key":"Blue Candle"},{"floor":29.0,"key":"Frozen Egg 2"},{"floor":40,"key":"Letter Opener"},{"floor":41,"key":"Bag of Marbles"},{"floor":47,"key":"Oddly Smooth Stone"}],"event_choices":[{"damage_healed":0.0,"max_hp_gain":0.0,"max_hp_loss":0.0,"gold_gain":0.0,"cards_transformed":["Defend_G"],"event_name":"Living Wall","player_choice":"Change","floor":2.0,"gold_loss":0.0,"damage_taken":0.0,"cards_obtained":["After Image"]},{"damage_healed":0.0,"max_hp_gain":5.0,"max_hp_loss":0.0,"gold_gain":0.0,"event_name":"Big Fish","player_choice":"Donut","floor":13.0,"gold_loss":0.0,"damage_taken":0.0},{"damage_healed":0.0,"max_hp_gain":0.0,"max_hp_loss":0.0,"gold_gain":0.0,"cards_transformed":["Strike_G"],"event_name":"Transmorgrifier","player_choice":"Transformed","floor":20.0,"gold_loss":0.0,"damage_taken":0.0,"cards_obtained":["Cloak And Dagger"]},{"damage_healed":0.0,"max_hp_gain":0.0,"max_hp_loss":0.0,"gold_gain":0.0,"event_name":"The Mausoleum","player_choice":"Ignored","floor":25.0,"gold_loss":0.0,"damage_taken":0.0},{"cards_removed":["Defend_G"],"damage_healed":0,"gold_gain":0,"player_choice":"Removed Skill","damage_taken":0,"max_hp_gain":0,"max_hp_loss":0,"event_name":"Falling","floor":39,"gold_loss":0},{"damage_healed":0,"gold_gain":0,"player_choice":"Ignored","damage_taken":0,"max_hp_gain":0,"max_hp_loss":0,"event_name":"Tomb of Lord Red Mask","floor":42,"gold_loss":0}],"is_beta":true,"boss_relics":[{"not_picked":["Astrolabe","Ring of the Serpent"],"picked":"Busted Crown"},{"not_picked":["WristBlade","HoveringKite"],"picked":"Cursed Key"}],"items_purged_floors":[12,22],"is_endless":false,"potions_floor_spawned":[4,5,7,14,18,27,30,33,44,48],"ascension_level":7}}