{"host":"tr12w2fixbnujl15","time":1613305924,"event":{"mods":["100% Spire Juice","2.2 Compatiblity","A Penny For Your Troubles","BaseMod","Better Skull","Better Vampires","BetterRewards","Bossed Relics","CapriCore","Clockwork Mod","Colored Powertips","Evolution","Gremlin Skip","Hermit","Hubris","Infinite Spire","JesterMod","Jorbs\u0027s Wanderer Trilogy","Kalas","KinomotoSakuraMod(????)","Koishi","Mad Scientist","Magitek Elite","Mathematician","Minty Spire (QoL Compilation)","Permanent Neow","Quick Restart","Reimu??????","Relic Filter","Reliquary","Remilia_Scarlet Moed?????·?????3.3.5","Replay The Spire","SOS???????","Shade Mod","Shop Mod","StSLib","SuperFastMode","The Accelerator","The Bug Knight","The Construct","The Cursed","The Hayseed","The Hierophant","The Immortal","The Mystic","The Necromancer","The Runesmith","The Sage","The Senshi","The Servant 0.9.4","The Spell Scribe","The Valiant","The Vixen","The Wild Card","TheFirefly","TheSwordswoman","TheVelvet","Transform Curses","WarShipGirlsR/????R mod","Yakumo Yukari mod","[IsaacMod]????"],"gold_per_floor":[114,128,143,143,160,190,206,176,176,190,209,209,41,72,72,205,205,209,209,258,258],"floor_reached":20,"language":"ENG","playtime":1119,"items_purged":["CommonCold"],"score":178,"play_id":"2ec8a458-8a97-4a1a-8246-2bcf741680f3","local_time":"20210214073204","is_ascension_mode":false,"campfire_choices":[{"data":"Shade:Putrefaction","floor":12,"key":"SMITH"},{"data":"Shade:AnimateDead","floor":15,"key":"SMITH"}],"circlet_count":0,"master_deck":["Shade:Strike_Shade+1","Shade:Strike_Shade+1","Shade:Strike_Shade","Shade:Strike_Shade","Shade:Defend_Shade","Shade:Defend_Shade","Shade:Defend_Shade","Shade:AnimateDead+1","Shade:CarefulCut","Magnetism","Chrysalis","Shade:Putrefaction+1","Shade:GraveStillness","Shade:FingerOfDeath","Shade:FleshToFlesh","Shade:GraveStillness","Shade:Carnophage","Shade:CoffinDance","Shade:CloudOfShrapnel","Shade:FuneraryArmor","Shade:FeralStrike","Shade:SoulPierce","Shade:FuneraryArmor"],"relics":["Shade:YorickSkull","EVO:Axolotl","HushsDoor","HowToJump","Guide Book","MerchantsRug","infinitespire:Lychee Nut","ReplayTheSpireMod:CursedCoin","hubris:Towel","Tintinnabulum","Bottled Lightning","SalivaCoin","hubris:BlackHole"],"acts_visited":["Exordium","TheCity"],"potions_floor_usage":[6,11,16,16],"damage_taken":[{"damage":0,"enemies":"Cultist","floor":1,"turns":3},{"damage":0,"enemies":"2 Louse","floor":2,"turns":3},{"damage":7,"enemies":"infinitespire:Voidling","floor":3,"turns":4},{"damage":0,"enemies":"Lots of Slimes","floor":5,"turns":1},{"damage":15,"enemies":"3 Sentries","floor":6,"turns":6},{"damage":2,"enemies":"Large Slime","floor":7,"turns":8},{"damage":0,"enemies":"Looter","floor":8,"turns":4},{"damage":9,"enemies":"2 Fungi Beasts","floor":10,"turns":3},{"damage":0,"enemies":"Large Slime","floor":11,"turns":6},{"damage":7,"enemies":"Lots of Slimes","floor":14,"turns":4},{"damage":14,"enemies":"The Guardian","floor":16,"turns":12},{"damage":9,"enemies":"2 Thieves","floor":18,"turns":4},{"damage":55,"enemies":"Spheric Guardian","floor":20,"turns":9}],"seed_played":"-8238243658279449052","potions_obtained":[{"floor":1,"key":"PowerPotion"},{"floor":5,"key":"Languid Potion"},{"floor":6,"key":"Dexterity Potion"},{"floor":10,"key":"AttackPotion"},{"floor":18,"key":"FearPotion"}],"is_trial":false,"path_per_floor":["M","M","M","?","M","E","M","M","T","M","M","R","$","M","R","B",null,"M","?","M"],"character_chosen":"SHADE","items_purchased":["Guide Book","MerchantsRug","Magnetism","ReplayTheSpireMod:CursedCoin","SalivaCoin","Shade:FuneraryArmor"],"campfire_rested":0,"item_purchase_floors":[0,0,0,0,13,13],"current_hp_per_floor":[48,48,48,48,48,36,41,48,48,41,48,48,48,44,45,34,48,42,43,0,0],"gold":258,"neow_bonus":"","is_daily":false,"chose_seed":false,"campfire_upgraded":2,"win_rate":0.0,"timestamp":1613305924,"path_taken":["M","M","?","?","M","E","M","?","T","M","M","R","?","M","R","BOSS","M","?","M"],"items_purchased_type":["Relic","Relic","Card","Relic","Relic","Card"],"build_version":"2020-12-22","purchased_purges":1,"victory":false,"max_hp_per_floor":[48,48,48,48,48,48,48,48,48,48,48,48,48,48,48,48,48,48,48,48,48],"card_choices":[{"not_picked":[],"picked":"ChaosCard","floor":0},{"not_picked":["Shade:SensePrey","Shade:FuneraryJewels"],"picked":"Bomb","floor":1},{"not_picked":["Shade:ScuttlingHand","Shade:AuraOfUnlife"],"picked":"Shade:Putrefaction","floor":2},{"not_picked":["Shade:Bite_Shade","Shade:Trample"],"picked":"Shade:GraveStillness","floor":3},{"not_picked":["Shade:GreyBargain","Shade:GraveStillness"],"picked":"Shade:FingerOfDeath","floor":5},{"not_picked":["Shade:SkeletonHug","Shade:FingerOfDeath"],"picked":"Shade:FleshToFlesh","floor":6},{"not_picked":["Shade:GreyBargain","Shade:WallOfFlesh"],"picked":"Shade:GraveStillness","floor":7},{"not_picked":["Shade:FuneraryArmor","Shade:RavenousHorde"],"picked":"Shade:Carnophage","floor":8},{"not_picked":["Shade:SkeletonHug","Bomb"],"picked":"Shade:CoffinDance","floor":10},{"not_picked":["Shade:WallOfFlesh","Shade:Tombstone"],"picked":"Shade:CloudOfShrapnel","floor":11},{"not_picked":["Shade:BoneShards","Shade:CallOfTheGrave"],"picked":"Shade:FeralStrike","floor":14},{"not_picked":["Shade:DarkOfNight","Shade:OfferingToTheBeyond"],"picked":"Shade:SoulPierce","floor":16},{"not_picked":["Shade:AblativeArmor","Shade:Excise+1"],"picked":"Shade:FuneraryArmor","floor":18}],"player_experience":110123,"relics_obtained":[{"floor":6,"key":"Tintinnabulum"},{"floor":9,"key":"Bottled Lightning"}],"event_choices":[],"is_beta":false,"boss_relics":[{"not_picked":["reliquary:WritOfMandamus","hubris:VirtuousBlindfold"],"picked":"hubris:BlackHole"},{"not_picked":[]}],"items_purged_floors":[0],"is_endless":false,"potions_floor_spawned":[1,5,6,10,18],"killed_by":"Spheric Guardian","ascension_level":0}}