{"host":"rantoq7h0pygex6x","time":1613300699,"event":{"mods":["AchievementEnabler","BaseMod","BetterRewards","Minty Spire (QoL Compilation)"],"gold_per_floor":[118,118,118,24,45,45,70,70,70,90,90,90,106,125,125,214,214,229,144,157,180,42,42,42,42],"floor_reached":24,"language":"ENG","playtime":608,"items_purged":["Strike_R","Strike_R"],"score":576,"play_id":"fb30d049-33d5-4911-85ec-a7d5b95af51d","local_time":"20210214190459","is_ascension_mode":true,"campfire_choices":[{"data":"Inflame","floor":6,"key":"SMITH"},{"data":"Armaments","floor":8,"key":"SMITH"},{"data":"Armaments","floor":12,"key":"SMITH"},{"data":"Inflame","floor":15,"key":"SMITH"},{"floor":23,"key":"REST"}],"circlet_count":0,"master_deck":["AscendersBane","Strike_R","Strike_R","Strike_R+1","Defend_R","Defend_R","Defend_R","Defend_R","Bash","Metallicize+1","Armaments+1","Thunderclap","Metallicize","Inflame+1","Armaments+1","Inflame+1","Warcry","Bludgeon","CurseOfTheBell","Seeing Red","Juggernaut","Burning Pact","Anger","Inflame"],"relics":["Burning Blood","Mummified Hand","Smiling Mask","Golden Idol","InkBottle","Calling Bell","Red Skull","Pear","WingedGreaves","Prayer Wheel"],"acts_visited":["Exordium","TheCity"],"potions_floor_usage":[21],"damage_taken":[{"damage":8,"enemies":"Cultist","floor":1,"turns":5},{"damage":0,"enemies":"Jaw Worm","floor":5,"turns":6},{"damage":0,"enemies":"Small Slimes","floor":7,"turns":4},{"damage":3,"enemies":"Looter","floor":10,"turns":5},{"damage":4,"enemies":"2 Fungi Beasts","floor":13,"turns":4},{"damage":4,"enemies":"Blue Slaver","floor":14,"turns":4},{"damage":34,"enemies":"Slime Boss","floor":16,"turns":11},{"damage":24,"enemies":"Shell Parasite","floor":18,"turns":8},{"damage":30,"enemies":"Chosen","floor":20,"turns":6},{"damage":25,"enemies":"Centurion and Healer","floor":21,"turns":6},{"damage":66,"enemies":"Slavers","floor":24,"turns":4}],"seed_played":"-7925763850888900492","potions_obtained":[{"floor":1,"key":"BloodPotion"},{"floor":10,"key":"Strength Potion"},{"floor":14,"key":"FairyPotion"}],"is_trial":false,"path_per_floor":["M","?","?","$","M","R","M","R","T","M","?","R","M","M","R","B",null,"M","?","M","M","$","R","E"],"character_chosen":"IRONCLAD","items_purchased":["Mummified Hand","Metallicize","Armaments","Metallicize","Inflame"],"campfire_rested":1,"item_purchase_floors":[0,0,0,4,22],"current_hp_per_floor":[53,42,42,42,48,48,54,54,54,57,37,37,39,41,41,13,64,46,46,22,18,18,41,0,0],"gold":42,"neow_bonus":"","is_daily":false,"chose_seed":false,"campfire_upgraded":4,"win_rate":0.0,"timestamp":1613300699,"path_taken":["M","?","?","$","M","R","M","R","T","M","?","R","M","M","R","BOSS","M","?","M","M","$","R","E"],"items_purchased_type":["Relic","Card","Card","Card","Card"],"build_version":"2020-12-22","purchased_purges":2,"victory":false,"max_hp_per_floor":[75,75,68,68,68,68,68,68,68,68,68,68,68,68,68,68,78,78,78,78,78,78,78,78,78],"card_choices":[{"not_picked":["Combust","Dark Embrace"],"picked":"Thunderclap","floor":1},{"not_picked":["Warcry","Sentinel"],"picked":"Inflame","floor":5},{"not_picked":["Headbutt","True Grit"],"picked":"Armaments","floor":7},{"not_picked":["Ghostly Armor","Dual Wield"],"picked":"Inflame","floor":10},{"not_picked":["True Grit","Heavy Blade"],"picked":"Warcry","floor":13},{"not_picked":["Evolve","Warcry","Wild Strike"],"picked":"SKIP","floor":14},{"not_picked":["Impervious","Brutality"],"picked":"Bludgeon","floor":16},{"not_picked":["Clothesline","Pummel","Sword Boomerang"],"picked":"SKIP","floor":18},{"not_picked":["Armaments","Evolve+1"],"picked":"Seeing Red","floor":20},{"not_picked":["Ghostly Armor","Cleave"],"picked":"Juggernaut","floor":20},{"not_picked":["Armaments","Blood for Blood"],"picked":"Burning Pact","floor":21},{"not_picked":["Perfected Strike","Pommel Strike"],"picked":"Anger","floor":21}],"player_experience":997482,"relics_obtained":[{"floor":9,"key":"InkBottle"},{"floor":17,"key":"Red Skull"},{"floor":17,"key":"Pear"},{"floor":17,"key":"WingedGreaves"}],"event_choices":[{"damage_healed":0,"gold_gain":0,"player_choice":"Success","damage_taken":11,"relics_obtained":["Smiling Mask"],"max_hp_gain":0,"max_hp_loss":0,"event_name":"Scrap Ooze","floor":2,"gold_loss":0},{"damage_healed":0,"gold_gain":0,"player_choice":"Lose Max HP","damage_taken":0,"relics_obtained":["Golden Idol"],"max_hp_gain":0,"max_hp_loss":7,"event_name":"Golden Idol","floor":3,"gold_loss":0},{"damage_healed":0,"gold_gain":0,"player_choice":"Entered Light","damage_taken":20,"max_hp_gain":0,"max_hp_loss":0,"event_name":"Shining Light","floor":11,"gold_loss":0,"cards_upgraded":["Strike_R","Metallicize"]},{"damage_healed":0,"gold_gain":0,"player_choice":"Obtained Relic","damage_taken":0,"relics_obtained":["Prayer Wheel"],"max_hp_gain":0,"max_hp_loss":0,"event_name":"Addict","floor":19,"gold_loss":85}],"is_beta":false,"boss_relics":[{"not_picked":["Velvet Choker","Astrolabe"],"picked":"Calling Bell"}],"items_purged_floors":[4,22],"is_endless":false,"potions_floor_spawned":[1,10,14,16,18],"killed_by":"Slavers","ascension_level":20}}