{"host":"tpbmol9dayg75a5s","time":1613321682,"event":{"mods":["BaseMod","Bestiary","Block Reminder","Colored Powertips","Dark Map","Downfall","Minty Spire (QoL Compilation)","Quick Restart","Relic Stats","Spire Arcade","StSLib"],"gold_per_floor":[99,109,123,139,139,158,158,177,77,89,114,133,144,171,203,215,215,215],"floor_reached":16,"language":"ENG","playtime":1227,"items_purged":[],"score":124,"play_id":"c3f964e6-5cd7-4154-bebe-5c67f7b988dc","local_time":"20210214135442","is_ascension_mode":true,"campfire_choices":[{"floor":1,"key":"RECALL"},{"data":"bronze:Goto","floor":9,"key":"SMITH"}],"circlet_count":0,"master_deck":["bronze:Strike","bronze:Strike","bronze:Strike","bronze:Strike","bronze:Defend","bronze:Defend","bronze:Defend","bronze:Replicate","bronze:Goto+1","bronze:Iterate","bronze:WhirlingStrike","bronze:Break","bronze:BugBarrage","bronze:DazingPulse","bronze:DelayedGuard","bronze:Refactor","bronze:Overload","bronze:OilSpill","bronze:Boost","bronze:FollowUp","bronze:Shield"],"relics":["bronze:BronzeCore","Mercury Hourglass","downfall:HeartBlessingRed","Sundial","MawBank"],"acts_visited":["Exordium"],"potions_floor_usage":[16,16],"damage_taken":[{"damage":1,"enemies":"Jaw Worm","floor":2,"turns":3},{"damage":3,"enemies":"2 Louse","floor":3,"turns":2},{"damage":0,"enemies":"Cultist","floor":4,"turns":2},{"damage":0,"enemies":"Cultist","floor":5,"turns":2},{"damage":3,"enemies":"Red Slaver","floor":6,"turns":2},{"damage":5,"enemies":"downfall:LooterAlt","floor":8,"turns":3},{"damage":0,"enemies":"Large Slime","floor":10,"turns":3},{"damage":6,"enemies":"3 Sentries","floor":11,"turns":4},{"damage":0,"enemies":"Lots of Slimes","floor":12,"turns":3},{"damage":3,"enemies":"Red Slaver","floor":13,"turns":2},{"damage":24,"enemies":"Lagavulin","floor":14,"turns":6},{"damage":10,"enemies":"Exordium Thugs","floor":15,"turns":4},{"damage":15,"enemies":"DF_ARCHETYPE_STREAMLINE","floor":16,"turns":6}],"seed_played":"2393751829340651384","potions_obtained":[{"floor":5,"key":"Energy Potion"},{"floor":6,"key":"AttackPotion"},{"floor":10,"key":"Energy Potion"}],"is_trial":false,"path_per_floor":["R","M","M","M","?","M","T","M","R","M","E","M","M","E","M","B"],"character_chosen":"THE_AUTOMATON","items_purchased":[],"campfire_rested":0,"item_purchase_floors":[],"current_hp_per_floor":[70,69,66,66,66,63,63,58,58,58,52,52,49,25,15,0,0,0],"gold":215,"neow_bonus":"TRANSFORM_CARD","is_daily":false,"chose_seed":false,"campfire_upgraded":1,"win_rate":0.0,"timestamp":1613321682,"path_taken":["R","M","M","M","?","M","T","M","R","M","E","M","M","E","M","BOSS"],"items_purchased_type":[],"build_version":"2020-12-22","purchased_purges":0,"victory":false,"max_hp_per_floor":[70,70,70,70,70,70,70,70,70,70,70,70,70,70,70,70,70,70],"relic_stats":{"counters":[13,41],"Sundial":[0],"MawBank":24,"obtain_stats":[{"bronze:BronzeCore":0,"downfall:HeartBlessingRed":9,"Sundial":11,"MawBank":14,"Mercury Hourglass":7},{"bronze:BronzeCore":0,"downfall:HeartBlessingRed":6,"Sundial":8,"MawBank":11,"Mercury Hourglass":5},{"bronze:BronzeCore":0,"downfall:HeartBlessingRed":14,"Sundial":21,"MawBank":31,"Mercury Hourglass":11}],"Mercury Hourglass":[118]},"card_choices":[{"not_picked":["bronze:DelayedGuard","bronze:Separator"],"picked":"bronze:WhirlingStrike","floor":2},{"not_picked":["bronze:WhirlingStrike","bronze:DelayedSlice"],"picked":"bronze:Break","floor":3},{"not_picked":["bronze:NullPointer","bronze:WildBeam"],"picked":"bronze:BugBarrage","floor":4},{"not_picked":[],"picked":"bronze:DazingPulse","floor":5},{"not_picked":["bronze:Philosophize","bronze:Turbo"],"picked":"bronze:DelayedGuard","floor":5},{"not_picked":["bronze:Separator","bronze:ChosenStrike","bronze:OilSpill"],"picked":"SKIP","floor":6},{"not_picked":["bronze:WhirlingStrike","bronze:Shell"],"picked":"bronze:Refactor","floor":8},{"not_picked":["bronze:CutThrough","bronze:Deprecate"],"picked":"bronze:Overload","floor":10},{"not_picked":["bronze:DelayedSlice","bronze:Iterate","bronze:Refactor"],"picked":"SKIP","floor":11},{"not_picked":["bronze:WildBeam","bronze:Flail"],"picked":"bronze:OilSpill","floor":12},{"not_picked":["bronze:Separator","bronze:Frontload"],"picked":"bronze:Boost","floor":13},{"not_picked":["bronze:DelayedGuard","bronze:Constructor"],"picked":"bronze:FollowUp","floor":14},{"not_picked":["bronze:Refactor","bronze:Frontload"],"picked":"bronze:Shield","floor":15}],"player_experience":1144324,"relics_obtained":[{"floor":7,"key":"Mercury Hourglass"},{"floor":11,"key":"Sundial"},{"floor":14,"key":"MawBank"}],"event_choices":[],"is_beta":false,"boss_relics":[],"items_purged_floors":[],"is_endless":false,"potions_floor_spawned":[5,6,10,12,14],"killed_by":"DF_ARCHETYPE_STREAMLINE","ascension_level":1}}