{"host":"onfdonezo2qmaex3","time":1613300353,"event":{"mods":["2.2 Compatiblity","AchievementEnabler","Act Like it!","Aspiration","BaseMod","Colored Powertips","Downfall","Friendly Minions","Gensokyo","Hallownest","Hermit","Highlight Path","Jorbs\u0027s Wanderer Trilogy","Marisa????????","Marked Mod","Minty Spire (QoL Compilation)","Quick Restart","Reliquary","Shop Mod","StSLib","The Disciple","The Hayseed","The Hierophant","The Marked","The Runesmith"],"gold_per_floor":[109,121,121,139,219,219,246,0,54,84,84,115,193,208,208,306,306,325,325,325,325],"floor_reached":20,"language":"ENG","playtime":1207,"items_purged":[],"score":272,"play_id":"8f8c1297-eab6-47c6-ad70-2cf01dd2e548","local_time":"20210214115913","is_ascension_mode":true,"campfire_choices":[{"data":"Cloak And Dagger","floor":6,"key":"SMITH"},{"floor":11,"key":"REST"}],"circlet_count":0,"master_deck":["Strike_G","Strike_G","Strike_G","Defend_G","Defend_G","Defend_G","Survivor","Neutralize","After Image+1","Escape Plan","Flying Knee","Backflip","Cloak And Dagger+1","Backstab","Venomology"],"relics":["Ring of the Snake","reliquary:WeakTea","reliquary:Bookmark","Art of War","TungstenRod","reliquary:PorcupineQuills","Shuriken","Unceasing Top","Empty Cage","aspiration:RitualStick"],"acts_visited":["Gensokyo:Gensokyo","TheCity"],"potions_floor_usage":[10,10,16],"damage_taken":[{"damage":3,"enemies":"Gensokyo:Gryphon","floor":1,"turns":5},{"damage":0,"enemies":"Gensokyo:2_Kodama","floor":2,"turns":7},{"damage":0,"enemies":"Gensokyo:3_Fairies","floor":4,"turns":5},{"damage":52,"enemies":"Gensokyo:Mamizou","floor":7,"turns":13},{"damage":7,"enemies":"Gensokyo:Aya","floor":10,"turns":6},{"damage":11,"enemies":"Gensokyo:Cirno","floor":12,"turns":7},{"damage":0,"enemies":"Gensokyo:3_Kodama","floor":14,"turns":4},{"damage":0,"enemies":"Gensokyo:Reimu","floor":16,"turns":11},{"damage":9,"enemies":"Chosen","floor":18,"turns":6}],"seed_played":"7143464131721712169","potions_obtained":[{"floor":2,"key":"Strength Potion"},{"floor":7,"key":"Poison Potion"},{"floor":10,"key":"GamblersBrew"},{"floor":12,"key":"EssenceOfSteel"}],"is_trial":false,"path_per_floor":["M","M","?","M","?","R","E","COS","T","E","R","E","T","M","R","B",null,"M","?","$"],"character_chosen":"THE_SILENT","items_purchased":[],"campfire_rested":1,"item_purchase_floors":[],"current_hp_per_floor":[60,60,60,60,60,60,8,8,8,1,19,8,8,8,8,8,63,54,42,42,42],"gold":325,"neow_bonus":"TRANSFORM_TWO_CARDS","is_daily":false,"chose_seed":false,"campfire_upgraded":1,"win_rate":0.0,"timestamp":1613300353,"path_taken":["M","?","?","M","?","R","E","COS","T","E","R","E","?","M","R","BOSS","M","?","$"],"items_purchased_type":[],"build_version":"2020-12-22","purchased_purges":0,"victory":false,"max_hp_per_floor":[63,63,63,63,63,63,63,63,63,63,63,63,63,63,63,63,63,63,63,63,63],"card_choices":[{"not_picked":["Dagger Spray","Quick Slash"],"picked":"Flying Knee","floor":1},{"not_picked":["Quick Slash","Endless Agony"],"picked":"Backflip","floor":2},{"not_picked":["Dagger Throw","Outmaneuver"],"picked":"Cloak And Dagger","floor":4},{"not_picked":["Flying Knee","Underhanded Strike"],"picked":"Backstab","floor":7},{"not_picked":["Outmaneuver","Dodge and Roll","Grand Finale"],"picked":"SKIP","floor":10},{"not_picked":["Riddle With Holes","Bouncing Flask","Expertise"],"picked":"SKIP","floor":12},{"not_picked":["Caltrops","Sucker Punch","Prepared"],"picked":"SKIP","floor":14},{"not_picked":["Glass Knife","Corpse Explosion"],"picked":"Venomology","floor":16},{"not_picked":["Deflect","Quick Slash+1","Prepared+1"],"picked":"SKIP","floor":18}],"player_experience":187098,"relics_obtained":[{"floor":7,"key":"reliquary:WeakTea"},{"floor":9,"key":"Art of War"},{"floor":10,"key":"TungstenRod"},{"floor":12,"key":"reliquary:PorcupineQuills"},{"floor":13,"key":"Shuriken"}],"event_choices":[],"is_beta":false,"boss_relics":[{"not_picked":["reliquary:Ember","reliquary:Craggleroot"],"picked":"Empty Cage"}],"items_purged_floors":[],"is_endless":false,"potions_floor_spawned":[2,7,10,12],"ascension_level":3}}