{"host":"17trt2gvjgnh9jmc","time":1613346482,"event":{"mods":["AchievementEnabler","BaseMod","Bestiary","Colored Map","Minty Spire (QoL Compilation)","Relic Stats"],"gold_per_floor":[115,126,140,315,328,361,361,387,387,406,36,71,89,102,102,198,248,258,208,226,226,226,226],"floor_reached":22,"language":"ENG","playtime":2630,"items_purged":[],"score":298,"play_id":"8a3c3270-89f6-4c45-84c5-3240b9bafeb1","local_time":"20210215004802","is_ascension_mode":true,"campfire_choices":[{"floor":7,"key":"REST"},{"floor":15,"key":"REST"}],"circlet_count":0,"master_deck":["Strike_G+1","Strike_G","Strike_G","Strike_G","Strike_G","Defend_G","Defend_G","Defend_G","Defend_G","Defend_G","Survivor","Neutralize","Acrobatics","Infinite Blades","Infinite Blades","Doubt","Dagger Spray","Blade Dance","Endless Agony","Well Laid Plans+1","Heel Hook","Corpse Explosion","Sucker Punch","A Thousand Cuts+1","Dagger Spray","Terror","Flying Knee+1"],"relics":["Ring of the Snake","MealTicket","Ancient Tea Set","Frozen Egg 2","Ginger","Vajra","Tiny House"],"acts_visited":["Exordium","TheCity"],"potions_floor_usage":[6,22,22,22],"damage_taken":[{"damage":0,"enemies":"Cultist","floor":1,"turns":4},{"damage":7,"enemies":"Jaw Worm","floor":2,"turns":6},{"damage":4,"enemies":"Small Slimes","floor":3,"turns":4},{"damage":14,"enemies":"3 Louse","floor":5,"turns":4},{"damage":14,"enemies":"3 Sentries","floor":6,"turns":6},{"damage":8,"enemies":"Blue Slaver","floor":10,"turns":5},{"damage":17,"enemies":"Gremlin Nob","floor":12,"turns":4},{"damage":12,"enemies":"Looter","floor":13,"turns":3},{"damage":8,"enemies":"3 Louse","floor":14,"turns":2},{"damage":0,"enemies":"Slime Boss","floor":16,"turns":6},{"damage":27,"enemies":"Spheric Guardian","floor":18,"turns":4},{"damage":20,"enemies":"Chosen","floor":20,"turns":5},{"damage":24,"enemies":"Snecko","floor":22,"turns":3}],"seed_played":"263830291789779199","potions_obtained":[{"floor":3,"key":"Strength Potion"},{"floor":5,"key":"Swift Potion"},{"floor":16,"key":"SkillPotion"},{"floor":17,"key":"LiquidBronze"}],"is_trial":false,"path_per_floor":["M","M","M","?","M","E","R","T","T","M","$","E","M","M","R","B",null,"M","?","M","?","M"],"character_chosen":"THE_SILENT","items_purchased":["Well Laid Plans+1","Ginger"],"campfire_rested":2,"item_purchase_floors":[11,11],"current_hp_per_floor":[77,70,66,66,52,38,61,61,61,53,68,51,39,31,54,54,82,55,55,35,19,0,0],"gold":226,"neow_bonus":"TEN_PERCENT_HP_BONUS","is_daily":false,"chose_seed":false,"campfire_upgraded":0,"win_rate":0.0,"timestamp":1613346482,"path_taken":["M","?","M","?","M","E","R","?","T","M","$","E","M","M","R","BOSS","M","?","?","?","M"],"items_purchased_type":["Card","Relic"],"build_version":"2020-12-22","purchased_purges":0,"victory":false,"max_hp_per_floor":[77,77,77,77,77,77,77,77,77,77,77,77,77,77,77,77,82,82,82,82,87,87,87],"relic_stats":{"counters":[13,56],"MealTicket":15,"Ginger":[10],"obtain_stats":[{"Tiny House":17,"Vajra":12,"MealTicket":6,"Ginger":11,"Frozen Egg 2":9,"Ancient Tea Set":8,"Ring of the Snake":0},{"Tiny House":10,"Vajra":7,"MealTicket":5,"Ginger":6,"Frozen Egg 2":5,"Ancient Tea Set":5,"Ring of the Snake":0},{"Tiny House":44,"Vajra":33,"MealTicket":24,"Ginger":29,"Frozen Egg 2":24,"Ancient Tea Set":24,"Ring of the Snake":0}],"Ring of the Snake":[26]},"card_choices":[{"not_picked":["Deflect","Prepared"],"picked":"Acrobatics","floor":1},{"not_picked":["Deflect","Dodge and Roll"],"picked":"Infinite Blades","floor":2},{"not_picked":["Poisoned Stab","Deadly Poison"],"picked":"Infinite Blades","floor":3},{"not_picked":["Outmaneuver","Poisoned Stab"],"picked":"Dagger Spray","floor":5},{"not_picked":["Prepared","Poisoned Stab"],"picked":"Blade Dance","floor":6},{"not_picked":["Poisoned Stab","Bane"],"picked":"Endless Agony","floor":10},{"not_picked":["Blur","Tactician"],"picked":"Heel Hook","floor":12},{"not_picked":["Flechettes","Setup"],"picked":"Corpse Explosion","floor":13},{"not_picked":["PiercingWail","Setup"],"picked":"Sucker Punch","floor":14},{"not_picked":["Bullet Time","Adrenaline"],"picked":"A Thousand Cuts+1","floor":16},{"not_picked":["Poisoned Stab","Noxious Fumes+1"],"picked":"Dagger Spray","floor":17},{"not_picked":["Outmaneuver","Well Laid Plans+1"],"picked":"Terror","floor":18},{"not_picked":["Bane","Well Laid Plans+1"],"picked":"Flying Knee+1","floor":20}],"player_experience":484446,"relics_obtained":[{"floor":6,"key":"MealTicket"},{"floor":8,"key":"Ancient Tea Set"},{"floor":9,"key":"Frozen Egg 2"},{"floor":12,"key":"Vajra"}],"event_choices":[{"damage_healed":0,"gold_gain":175,"player_choice":"AGREE","damage_taken":0,"max_hp_gain":0,"max_hp_loss":0,"event_name":"Liars Game","floor":4,"gold_loss":0,"cards_obtained":["Doubt"]},{"damage_healed":0,"gold_gain":0,"player_choice":"Bet on Murderer","damage_taken":0,"max_hp_gain":0,"max_hp_loss":0,"event_name":"The Joust","floor":19,"gold_loss":50},{"damage_healed":0,"gold_gain":0,"player_choice":"Shed Blood","damage_taken":21,"max_hp_gain":5,"max_hp_loss":0,"event_name":"Forgotten Altar","floor":21,"gold_loss":0}],"is_beta":false,"boss_relics":[{"not_picked":["SacredBark","Busted Crown"],"picked":"Tiny House"}],"items_purged_floors":[],"is_endless":false,"potions_floor_spawned":[3,5,16,20],"killed_by":"Snecko","ascension_level":2}}