{"host":"wbn3xdfsa5pc2kse","time":1613326364,"event":{"mods":["AchievementEnabler","BaseMod","Bestiary","Colored Map","Colored Powertips","Curses Come First","Highlight Path","Minty Spire (QoL Compilation)","Permanent Neow","Rare Cards Sparkle","Relic Stats","StSLib"],"gold_per_floor":[10,10,10,10,21,21,46,46,46,46,59,59,74,99,99,189,189,214,57,80,80,5,5,23,59,59,59,59],"floor_reached":27,"language":"ZHT","playtime":790,"items_purged":[],"score":462,"play_id":"ed22d3bf-33e5-43cd-97da-052ad8d33e9a","local_time":"20210215021244","is_ascension_mode":true,"campfire_choices":[{"data":"Eruption","floor":6,"key":"SMITH"},{"data":"Vigilance","floor":8,"key":"SMITH"},{"floor":10,"key":"REST"},{"data":"TalkToTheHand","floor":15,"key":"SMITH"},{"data":"Vault","floor":23,"key":"SMITH"}],"circlet_count":0,"master_deck":["AscendersBane","Strike_P","Strike_P","Strike_P","Defend_P","Defend_P","Defend_P","Defend_P","Eruption+1","Vigilance+1","Secret Weapon","FlurryOfBlows","CrushJoints","Alpha","TalkToTheHand+1","ClearTheMind","JustLucky","Vault+1","DeceiveReality","Collect+1","LikeWater","Injury"],"relics":["PureWater","Lizard Tail","Pantograph","Toy Ornithopter","StrikeDummy","Golden Idol","Cursed Key","Oddly Smooth Stone","Blue Candle","Yang"],"acts_visited":["Exordium","TheCity"],"potions_floor_usage":[24],"damage_taken":[{"damage":2,"enemies":"Cultist","floor":1,"turns":4},{"damage":11,"enemies":"Jaw Worm","floor":5,"turns":3},{"damage":33,"enemies":"Lagavulin","floor":7,"turns":8},{"damage":0,"enemies":"2 Louse","floor":11,"turns":1},{"damage":4,"enemies":"Blue Slaver","floor":13,"turns":4},{"damage":7,"enemies":"Exordium Wildlife","floor":14,"turns":4},{"damage":32,"enemies":"The Guardian","floor":16,"turns":8},{"damage":11,"enemies":"Shell Parasite","floor":18,"turns":5},{"damage":14,"enemies":"3 Byrds","floor":20,"turns":7},{"damage":9,"enemies":"Centurion and Healer","floor":24,"turns":4},{"damage":41,"enemies":"Book of Stabbing","floor":25,"turns":5},{"damage":35,"enemies":"Slavers","floor":27,"turns":4}],"seed_played":"-2838353477512391964","potions_obtained":[{"floor":13,"key":"Block Potion"},{"floor":14,"key":"Dexterity Potion"}],"is_trial":false,"path_per_floor":["M","T","?","?","M","R","E","R","T","R","M","?","M","M","R","B",null,"M","$","M","?","?","R","M","E","T","E"],"character_chosen":"WATCHER","items_purchased":["Oddly Smooth Stone"],"campfire_rested":1,"item_purchase_floors":[19],"current_hp_per_floor":[59,59,48,48,37,37,4,4,4,24,24,24,20,13,13,6,48,37,37,23,35,35,35,31,24,24,0,0],"gold":59,"neow_bonus":"RANDOM_COLORLESS_2","is_daily":false,"chose_seed":false,"campfire_upgraded":4,"win_rate":0.0,"timestamp":1613326364,"path_taken":["M","?","?","?","?","R","E","R","T","R","M","?","M","M","R","BOSS","M","$","M","?","?","R","M","E","T","E"],"items_purchased_type":["Relic"],"build_version":"2020-12-22","purchased_purges":0,"victory":false,"max_hp_per_floor":[68,68,68,68,68,68,68,68,68,68,68,62,62,62,62,62,62,62,62,62,62,62,62,62,62,62,62,62],"relic_stats":{"Lizard Tail":31,"counters":[12,57],"Golden Idol":47,"Pantograph":25,"Blue Candle":[0],"Yang":[6],"Cursed Key":1,"obtain_stats":[{"Lizard Tail":2,"Golden Idol":12,"Pantograph":3,"Blue Candle":25,"Oddly Smooth Stone":19,"Yang":26,"PureWater":0,"StrikeDummy":9,"Cursed Key":17,"Toy Ornithopter":7},{"Lizard Tail":1,"Golden Idol":4,"Pantograph":1,"Blue Candle":11,"Oddly Smooth Stone":8,"Yang":11,"PureWater":0,"StrikeDummy":3,"Cursed Key":7,"Toy Ornithopter":3},{"Lizard Tail":4,"Golden Idol":16,"Pantograph":4,"Blue Candle":53,"Oddly Smooth Stone":37,"Yang":53,"PureWater":0,"StrikeDummy":15,"Cursed Key":32,"Toy Ornithopter":15}],"Toy Ornithopter":5},"card_choices":[{"not_picked":["Transmutation","Secret Technique"],"picked":"Secret Weapon","floor":0},{"not_picked":["Evaluate","ReachHeaven"],"picked":"FlurryOfBlows","floor":1},{"not_picked":["Crescendo","Fasting2"],"picked":"CrushJoints","floor":5},{"not_picked":["Prostrate","ThirdEye"],"picked":"Alpha","floor":7},{"not_picked":["BattleHymn","CrushJoints"],"picked":"TalkToTheHand","floor":11},{"not_picked":["CrushJoints","EmptyFist"],"picked":"ClearTheMind","floor":13},{"not_picked":["CutThroughFate","ReachHeaven"],"picked":"JustLucky","floor":14},{"not_picked":["Wish","SpiritShield"],"picked":"Vault","floor":16},{"not_picked":["Prostrate","Study"],"picked":"DeceiveReality","floor":18},{"not_picked":["BowlingBash","Study"],"picked":"Collect+1","floor":20},{"not_picked":["WaveOfTheHand","ClearTheMind+1","SandsOfTime"],"picked":"SKIP","floor":24},{"not_picked":["WreathOfFlame","PathToVictory"],"picked":"LikeWater","floor":25}],"player_experience":817309,"relics_obtained":[{"floor":2,"key":"Lizard Tail"},{"floor":7,"key":"Toy Ornithopter"},{"floor":9,"key":"StrikeDummy"},{"floor":25,"key":"Blue Candle"},{"floor":26,"key":"Yang"}],"event_choices":[{"damage_healed":0,"gold_gain":0,"player_choice":"Success","damage_taken":11,"relics_obtained":["Pantograph"],"max_hp_gain":0,"max_hp_loss":0,"event_name":"Scrap Ooze","floor":3,"gold_loss":0},{"damage_healed":0,"gold_gain":0,"player_choice":"Ignored","damage_taken":0,"max_hp_gain":0,"max_hp_loss":0,"event_name":"Liars Game","floor":4,"gold_loss":0},{"damage_healed":0,"gold_gain":0,"player_choice":"Lose Max HP","damage_taken":0,"relics_obtained":["Golden Idol"],"max_hp_gain":0,"max_hp_loss":6,"event_name":"Golden Idol","floor":12,"gold_loss":0},{"damage_healed":12,"gold_gain":0,"player_choice":"Heal","damage_taken":0,"max_hp_gain":0,"max_hp_loss":0,"event_name":"The Library","floor":21,"gold_loss":0},{"cards_removed":["Strike_P"],"damage_healed":0,"gold_gain":0,"player_choice":"Gave Gold","damage_taken":0,"max_hp_gain":0,"max_hp_loss":0,"event_name":"Beggar","floor":22,"gold_loss":75}],"is_beta":false,"boss_relics":[{"not_picked":["Runic Pyramid","Snecko Eye"],"picked":"Cursed Key"}],"items_purged_floors":[],"is_endless":false,"potions_floor_spawned":[13,14,18],"killed_by":"Slavers","ascension_level":20}}