{"host":"6xnetdfutjfdr70g","time":1613324693,"event":{"mods":["BaseMod","Colored Powertips","Highlight Path","Minty Spire (QoL Compilation)","Relic Stats"],"gold_per_floor":[109,127,127,151,172,203,203,238,238,238,257,270,49,49,49,139,139,158,182,198,198,198,198],"floor_reached":22,"language":"ENG","playtime":1407,"items_purged":["Strike_B"],"score":362,"play_id":"04f91c9e-d192-417e-a15a-bc875a6e1c2f","local_time":"20210214114453","is_ascension_mode":true,"campfire_choices":[{"floor":7,"key":"REST"},{"data":"Fission","floor":10,"key":"SMITH"},{"floor":15,"key":"REST"}],"circlet_count":0,"master_deck":["AscendersBane","Defend_B","Defend_B","Defend_B","Zap","Dualcast","FTL","Hologram","Defragment","Cold Snap","Glacier","Fission+1","Sweeping Beam","Echo Form","Core Surge","Reinforced Body","Reinforced Body+1","Consume","Bite","Bite","Bite","Bite","Bite"],"relics":["Philosopher\u0027s Stone","Golden Idol","Calipers","Art of War","Regal Pillow","Empty Cage"],"acts_visited":["Exordium","TheCity"],"potions_floor_usage":[],"damage_taken":[{"damage":6,"enemies":"Small Slimes","floor":1,"turns":4},{"damage":4,"enemies":"2 Louse","floor":2,"turns":2},{"damage":3,"enemies":"Jaw Worm","floor":4,"turns":3},{"damage":17,"enemies":"2 Fungi Beasts","floor":5,"turns":3},{"damage":16,"enemies":"Lagavulin","floor":6,"turns":7},{"damage":8,"enemies":"3 Sentries","floor":8,"turns":12},{"damage":15,"enemies":"Blue Slaver","floor":11,"turns":4},{"damage":3,"enemies":"Large Slime","floor":12,"turns":7},{"damage":15,"enemies":"The Guardian","floor":16,"turns":13},{"damage":1,"enemies":"Chosen","floor":18,"turns":5},{"damage":26,"enemies":"2 Thieves","floor":19,"turns":5},{"damage":12,"enemies":"Shelled Parasite and Fungi","floor":20,"turns":13},{"damage":32,"enemies":"3 Cultists","floor":22,"turns":5}],"seed_played":"-5410939004333926959","potions_obtained":[{"floor":1,"key":"BlessingOfTheForge"},{"floor":2,"key":"CultistPotion"}],"is_trial":false,"path_per_floor":["M","M","?","M","M","E","R","E","T","R","M","M","$","?","R","B",null,"M","M","M","?","M"],"character_chosen":"DEFECT","items_purchased":["Echo Form"],"campfire_rested":2,"item_purchase_floors":[13],"current_hp_per_floor":[58,54,54,51,34,18,37,29,29,29,14,11,11,11,45,30,57,56,30,18,18,0,0],"gold":198,"neow_bonus":"BOSS_RELIC","is_daily":false,"chose_seed":false,"campfire_upgraded":1,"win_rate":0.0,"timestamp":1613324693,"path_taken":["M","M","?","M","M","E","R","E","T","R","M","M","$","?","R","BOSS","M","M","M","?","M"],"items_purchased_type":["Card"],"build_version":"2020-12-22","purchased_purges":1,"victory":false,"max_hp_per_floor":[71,71,66,66,66,66,66,66,66,66,66,66,66,66,66,66,66,66,66,66,46,46,46],"relic_stats":{"Regal Pillow":15,"counters":[13,83],"Golden Idol":59,"Art of War":[8],"obtain_stats":[{"Regal Pillow":9,"Calipers":6,"Golden Idol":3,"Philosopher\u0027s Stone":0,"Art of War":8,"Cracked Core":0,"Empty Cage":17},{"Regal Pillow":6,"Calipers":5,"Golden Idol":2,"Philosopher\u0027s Stone":0,"Art of War":6,"Cracked Core":0,"Empty Cage":9},{"Regal Pillow":31,"Calipers":19,"Golden Idol":6,"Philosopher\u0027s Stone":0,"Art of War":31,"Cracked Core":0,"Empty Cage":55}]},"card_choices":[{"not_picked":["Reinforced Body","Leap"],"picked":"FTL","floor":1},{"not_picked":["Double Energy","Barrage"],"picked":"Hologram","floor":2},{"not_picked":["Hologram","Stack"],"picked":"Defragment","floor":4},{"not_picked":["Stack","Barrage"],"picked":"Cold Snap","floor":5},{"not_picked":["Doom and Gloom","Sunder"],"picked":"Glacier","floor":6},{"not_picked":["Double Energy","Doom and Gloom"],"picked":"Fission","floor":8},{"not_picked":["Go for the Eyes","Rebound"],"picked":"Sweeping Beam","floor":11},{"not_picked":["Redo","Turbo","Lockon"],"picked":"SKIP","floor":12},{"not_picked":["Machine Learning","Biased Cognition"],"picked":"Core Surge","floor":16},{"not_picked":["Ball Lightning","Redo"],"picked":"Reinforced Body","floor":18},{"not_picked":["Streamline","Leap"],"picked":"Reinforced Body+1","floor":19},{"not_picked":["Leap+1","Beam Cell"],"picked":"Consume","floor":20}],"player_experience":459355,"relics_obtained":[{"floor":6,"key":"Calipers"},{"floor":8,"key":"Art of War"},{"floor":9,"key":"Regal Pillow"}],"event_choices":[{"damage_healed":0,"gold_gain":0,"player_choice":"Lose Max HP","damage_taken":0,"relics_obtained":["Golden Idol"],"max_hp_gain":0,"max_hp_loss":5,"event_name":"Golden Idol","floor":3,"gold_loss":0},{"damage_healed":0,"gold_gain":0,"player_choice":"Ignored","damage_taken":0,"max_hp_gain":0,"max_hp_loss":0,"event_name":"Shining Light","floor":14,"gold_loss":0},{"damage_healed":0,"gold_gain":0,"player_choice":"Became a vampire","damage_taken":0,"max_hp_gain":0,"max_hp_loss":20,"event_name":"Vampires","floor":21,"gold_loss":0,"cards_obtained":["Bite","Bite","Bite","Bite","Bite"]}],"is_beta":false,"boss_relics":[{"not_picked":["Sozu","Black Star"],"picked":"Empty Cage"}],"items_purged_floors":[13],"is_endless":false,"potions_floor_spawned":[1,2,8,12,18,19,20],"killed_by":"3 Cultists","ascension_level":14}}