{"host":"a5lz0e76zb3fcwkm","time":1613326869,"event":{"mods":["AchievementEnabler","BaseMod","Colored Map","Colored Powertips","Minty Spire (QoL Compilation)","StSLib","SuperFastMode"],"gold_per_floor":[112,124,199,199,47,81,81,81,81,95,120,120,148,165,165,165,165],"floor_reached":16,"language":"KOR","playtime":220,"items_purged":["Strike_B"],"score":286,"play_id":"75286e89-fd28-429d-b01a-5d9dcaa0efa8","local_time":"20210215032109","is_ascension_mode":true,"campfire_choices":[{"data":"Storm","floor":7.0,"key":"SMITH"},{"floor":15,"key":"REST"}],"circlet_count":0,"master_deck":["AscendersBane","Strike_B","Strike_B","Strike_B","Defend_B","Defend_B","Defend_B","Defend_B","Zap","Dualcast","Storm+1","Static Discharge","Heatsinks","Glacier","Recycle","White Noise"],"relics":["Cracked Core","NeowsBlessing","Incense Burner","Unceasing Top","Anchor","Dead Branch","Centennial Puzzle","Bag of Marbles"],"acts_visited":["Exordium"],"potions_floor_usage":[13],"damage_taken":[{"damage":0.0,"enemies":"Small Slimes","floor":1.0,"turns":1.0},{"damage":0.0,"enemies":"Jaw Worm","floor":2.0,"turns":1.0},{"damage":0.0,"enemies":"3 Sentries","floor":6.0,"turns":1.0},{"damage":1.0,"enemies":"Cultist","floor":10.0,"turns":3.0},{"damage":23.0,"enemies":"Gremlin Nob","floor":11.0,"turns":4.0},{"damage":6,"enemies":"Lagavulin","floor":13,"turns":6},{"damage":4,"enemies":"3 Louse","floor":14,"turns":3},{"damage":28,"enemies":"Slime Boss","floor":16,"turns":3}],"seed_played":"578500817753348484","potions_obtained":[{"floor":1.0,"key":"Fire Potion"},{"floor":11.0,"key":"FearPotion"},{"floor":13,"key":"SmokeBomb"}],"is_trial":false,"path_per_floor":["M","M","?","?","$","E","R","T","T","M","E","?","E","M","R","B"],"character_chosen":"DEFECT","items_purchased":["Heatsinks"],"campfire_rested":1,"item_purchase_floors":[5],"current_hp_per_floor":[64,64,53,35,35,35,35,35,35,34,11,11,5,1,22,0,0],"gold":165,"neow_bonus":"THREE_ENEMY_KILL","is_daily":false,"chose_seed":false,"campfire_upgraded":1,"win_rate":0.0,"timestamp":1613326869,"path_taken":["M","M","?","?","?","E","R","?","T","?","E","?","E","M","R","BOSS"],"items_purchased_type":["Card"],"build_version":"2020-12-22","purchased_purges":1,"victory":false,"max_hp_per_floor":[71,71,71,71,71,71,71,71,71,71,71,71,71,71,71,71,71],"card_choices":[{"not_picked":["Auto Shields","Hologram"],"picked":"Storm","floor":1.0},{"not_picked":["Rip and Tear","Hello World"],"picked":"Static Discharge","floor":2.0},{"not_picked":["Scrape","Melter","Heatsinks"],"picked":"SKIP","floor":6.0},{"not_picked":["Scrape","Tempest"],"picked":"Glacier","floor":10.0},{"not_picked":["Darkness","Barrage","Beam Cell"],"picked":"SKIP","floor":11.0},{"not_picked":["Ball Lightning","Steam"],"picked":"Recycle","floor":13},{"not_picked":["Streamline","Stack"],"picked":"White Noise","floor":14}],"player_experience":1893873,"relics_obtained":[{"floor":6.0,"key":"Unceasing Top"},{"floor":8.0,"key":"Anchor"},{"floor":9.0,"key":"Dead Branch"},{"floor":11.0,"key":"Centennial Puzzle"},{"floor":13,"key":"Bag of Marbles"}],"event_choices":[{"damage_healed":0.0,"max_hp_gain":0.0,"max_hp_loss":0.0,"gold_gain":75.0,"event_name":"World of Goop","player_choice":"Gather Gold","floor":3.0,"gold_loss":0.0,"damage_taken":11.0},{"damage_healed":0.0,"max_hp_gain":0.0,"max_hp_loss":0.0,"gold_gain":0.0,"event_name":"Scrap Ooze","player_choice":"Success","floor":4.0,"gold_loss":0.0,"damage_taken":18.0,"relics_obtained":["Incense Burner"]},{"damage_healed":0.0,"max_hp_gain":0.0,"max_hp_loss":0.0,"gold_gain":0.0,"event_name":"Dead Adventurer","player_choice":"Searched \u00270\u0027 times","floor":12.0,"gold_loss":0.0,"damage_taken":0.0}],"is_beta":false,"boss_relics":[],"items_purged_floors":[5],"is_endless":false,"potions_floor_spawned":[1,11,13],"killed_by":"Slime Boss","ascension_level":20}}