{"host":"vlqej45p0v31lhdi","time":1613333651,"event":{"mods":["AchievementEnabler","BaseMod","Bestiary","Colored Powertips","Minty Spire (QoL Compilation)","Relic Stats"],"gold_per_floor":[119,135,66,77,27,59,59,85,85,85,10,10,10,40,40,113,113,128,53,64,64,82,112,112,147,171,171,190,190,96,96,96,96,96],"floor_reached":33,"language":"ENG","playtime":4166,"items_purged":["Strike_R"],"score":567,"play_id":"bcb64bb6-0c92-4d57-8143-10d1eca50c8b","local_time":"20210214141411","is_ascension_mode":true,"campfire_choices":[{"data":"Bash","floor":7.0,"key":"SMITH"},{"data":"True Grit","floor":10.0,"key":"SMITH"},{"data":"Strike_R","floor":13.0,"key":"PURGE"},{"data":"Strike_R","floor":15.0,"key":"PURGE"},{"floor":24.0,"key":"REST"},{"floor":27,"key":"REST"},{"data":"Battle Trance","floor":29,"key":"PURGE"},{"data":"Defend_R","floor":32,"key":"PURGE"}],"circlet_count":0,"master_deck":["AscendersBane","Defend_R","Defend_R","Bash+1","Dropkick","Evolve","Dropkick","True Grit+1","Corruption","Exhume","Shrug It Off","Flex","Uppercut","Flame Barrier","Burning Pact","Trip"],"relics":["Burning Blood","NeowsBlessing","Torii","WingedGreaves","Peace Pipe","Strawberry","Runic Cube","Pocketwatch","Gremlin Horn","Dream Catcher"],"acts_visited":["Exordium","TheCity"],"potions_floor_usage":[33,33],"damage_taken":[{"damage":0.0,"enemies":"Jaw Worm","floor":1.0,"turns":1.0},{"damage":0.0,"enemies":"Small Slimes","floor":2.0,"turns":1.0},{"damage":0.0,"enemies":"2 Louse","floor":4.0,"turns":1.0},{"damage":18.0,"enemies":"Gremlin Nob","floor":6.0,"turns":3.0},{"damage":30.0,"enemies":"Lagavulin","floor":8.0,"turns":4.0},{"damage":43.0,"enemies":"Gremlin Nob","floor":14.0,"turns":5.0},{"damage":2.0,"enemies":"Hexaghost","floor":16.0,"turns":3.0},{"damage":34.0,"enemies":"Spheric Guardian","floor":18.0,"turns":6.0},{"damage":1.0,"enemies":"Shell Parasite","floor":20.0,"turns":4.0},{"damage":19.0,"enemies":"Shelled Parasite and Fungi","floor":22.0,"turns":4.0},{"damage":23.0,"enemies":"Book of Stabbing","floor":23.0,"turns":5.0},{"damage":37,"enemies":"Slavers","floor":25,"turns":5},{"damage":0,"enemies":"Cultist and Chosen","floor":28,"turns":4},{"damage":40,"enemies":"Automaton","floor":33,"turns":4}],"seed_played":"270169222826323540","potions_obtained":[{"floor":2.0,"key":"Fire Potion"},{"floor":8.0,"key":"Regen Potion"},{"floor":22.0,"key":"SteroidPotion"},{"floor":28,"key":"SkillPotion"}],"is_trial":false,"path_per_floor":["M","M","$","M","$","E","R","E","T","R","?","?","R","E","R","B",null,"M","$","M","?","M","E","R","E","T","R","M","R","$","?","R","B"],"character_chosen":"IRONCLAD","items_purchased":["Evolve","Fire Potion","Trip"],"campfire_rested":2,"item_purchase_floors":[3,5,30],"current_hp_per_floor":[74,75,75,75,75,63,63,39,39,39,39,32,32,16,16,20,67,39,39,44,44,31,14,38,7,7,31,37,37,37,37,37,0,0],"gold":96,"neow_bonus":"THREE_ENEMY_KILL","is_daily":false,"chose_seed":false,"campfire_upgraded":2,"win_rate":0.0,"timestamp":1613333651,"path_taken":["M","M","$","M","$","E","R","E","T","R","?","?","R","E","R","BOSS","M","$","M","?","M","E","R","E","T","R","M","R","$","?","R","BOSS"],"items_purchased_type":["Card","Potion","Card"],"build_version":"2020-12-22","purchased_purges":1,"victory":false,"max_hp_per_floor":[75,75,75,75,75,75,75,75,75,75,75,75,75,82,82,82,82,82,82,82,82,82,82,82,82,82,82,82,82,82,82,82,82,82],"relic_stats":{"Peace Pipe":4,"Dream Catcher":1,"Torii":13,"Gremlin Horn":[1,1],"counters":[14,50],"obtain_stats":[{"Peace Pipe":9,"Dream Catcher":26,"NeowsBlessing":0,"Torii":6,"Gremlin Horn":25,"Strawberry":14,"WingedGreaves":8,"Burning Blood":0,"Runic Cube":17,"Pocketwatch":23},{"Peace Pipe":5,"Dream Catcher":12,"NeowsBlessing":0,"Torii":4,"Gremlin Horn":12,"Strawberry":6,"WingedGreaves":5,"Burning Blood":0,"Runic Cube":7,"Pocketwatch":11},{"Peace Pipe":10,"Dream Catcher":42,"NeowsBlessing":0,"Torii":6,"Gremlin Horn":42,"Strawberry":15,"WingedGreaves":10,"Burning Blood":0,"Runic Cube":18,"Pocketwatch":37}],"Burning Blood":67,"Runic Cube":[21],"Pocketwatch":[9]},"card_choices":[{"not_picked":["Flex","Pommel Strike"],"picked":"Dropkick","floor":1.0},{"not_picked":["Armaments","Sever Soul"],"picked":"Battle Trance","floor":2.0},{"not_picked":["Armaments","Metallicize"],"picked":"Wild Strike","floor":4.0},{"not_picked":["Anger","Inflame"],"picked":"Dropkick","floor":6.0},{"not_picked":["Sword Boomerang","Rampage"],"picked":"True Grit","floor":8.0},{"not_picked":["Dark Embrace","Fiend Fire"],"picked":"Corruption","floor":14.0},{"not_picked":["Demon Form","Berserk"],"picked":"Exhume","floor":16.0},{"not_picked":["Sword Boomerang","Heavy Blade+1"],"picked":"Shrug It Off","floor":18.0},{"not_picked":["Uppercut","Fire Breathing"],"picked":"Flex","floor":20.0},{"not_picked":["Perfected Strike+1","Demon Form","Entrench"],"picked":"SKIP","floor":22.0},{"not_picked":["Double Tap","Rupture"],"picked":"Uppercut","floor":23.0},{"not_picked":["Clothesline","Cleave","Anger"],"picked":"SKIP","floor":25},{"not_picked":["Uppercut","Wild Strike"],"picked":"Flame Barrier","floor":27},{"not_picked":["Dropkick","Inflame"],"picked":"Burning Pact","floor":28}],"player_experience":2842207,"relics_obtained":[{"floor":6.0,"key":"Torii"},{"floor":8.0,"key":"WingedGreaves"},{"floor":9.0,"key":"Peace Pipe"},{"floor":14.0,"key":"Strawberry"},{"floor":23.0,"key":"Pocketwatch"},{"floor":25,"key":"Gremlin Horn"},{"floor":26,"key":"Dream Catcher"}],"event_choices":[{"cards_removed":["Strike_R"],"damage_healed":0.0,"max_hp_gain":0.0,"max_hp_loss":0.0,"gold_gain":0.0,"event_name":"The Cleric","player_choice":"Card Removal","floor":11.0,"gold_loss":75.0,"damage_taken":0.0},{"cards_removed":["Strike_R"],"damage_healed":0.0,"max_hp_gain":0.0,"max_hp_loss":0.0,"gold_gain":0.0,"event_name":"Golden Wing","player_choice":"Card Removal","floor":12.0,"gold_loss":0.0,"damage_taken":7.0},{"cards_removed":["Wild Strike"],"damage_healed":0.0,"max_hp_gain":0.0,"max_hp_loss":0.0,"gold_gain":0.0,"event_name":"Back to Basics","player_choice":"Elegance","floor":21.0,"gold_loss":0.0,"damage_taken":0.0},{"cards_removed":["Defend_R"],"damage_healed":0,"gold_gain":0,"player_choice":"Offered Basic","damage_taken":0,"max_hp_gain":0,"max_hp_loss":0,"event_name":"Bonfire Elementals","floor":31,"gold_loss":0}],"is_beta":false,"boss_relics":[{"not_picked":["Ectoplasm","SacredBark"],"picked":"Runic Cube"}],"items_purged_floors":[19],"is_endless":false,"potions_floor_spawned":[2,8,22,28],"killed_by":"Automaton","ascension_level":15}}