{"host":"y6zg4wwu39otf01a","time":1613281262,"event":{"mods":["Act Like it!","Aspiration","BaseMod","Better Altar","Better Match","Better Note","Better Sensory Stone","Better Skull","Better Third Choice","Challenge The Spire","Colored Map","Colored Powertips","Conspire","GifTheSpireLib","Glutton Mod","Halation","Hermit","Highlight Path","Hubris","Infinite Spire","Mimic Mod","Minty Spire (QoL Compilation)","Quick Restart","Random Character Button","Rare Cards Sparkle","Replay The Spire","Retaliation","Spicy Shops","Spire Arcade","StSLib","Stuff the Spire","The Blue Laboratory","The Jungle"],"gold_per_floor":[119,119,45,220,240,251,101,131,180,180,194,194],"floor_reached":11,"language":"ENG","playtime":598,"items_purged":[],"score":132,"play_id":"353a0a0c-bf81-496f-b52d-6530e1811072","local_time":"20210213234102","is_ascension_mode":true,"campfire_choices":[],"circlet_count":0,"master_deck":["conspire:GhostlyStrike","conspire:GhostlyStrike","conspire:GhostlyStrike","conspire:GhostlyStrike","conspire:GhostlyDefend","conspire:GhostlyDefend","conspire:GhostlyDefend","conspire:GhostlyDefend","hermit:Snapshot","hermit:Covet","hermit:Coalescence","Flash of Steel","Doubt","hermit:Glare","ReplayTheSpireMod:IOU","Crow Ritual","hermit:Gambit"],"relics":["hermit:Momento","aspiration:Nostalgia","Sizzling Blood","Strange Spoon","Replay:Wax Seal","Replay:Bandana","Replay:Mystery Machine"],"acts_visited":["Exordium"],"potions_floor_usage":[11,11],"damage_taken":[{"damage":10,"enemies":"2 Louse","floor":1,"turns":2},{"damage":1,"enemies":"Cultist","floor":5,"turns":4},{"damage":7,"enemies":"Jaw Worm","floor":6,"turns":3},{"damage":31,"enemies":"Replay:BlueRogue","floor":8,"turns":8},{"damage":49,"enemies":"Lagavulin","floor":11,"turns":5}],"seed_played":"3858939739092690792","potions_obtained":[{"floor":1,"key":"Dexterity Potion"},{"floor":6,"key":"Elixir"}],"is_trial":false,"path_per_floor":["M","?","$","?","M","M","$","E","T","?","E"],"character_chosen":"HERMIT","items_purchased":["Strange Spoon","Replay:Wax Seal","Crow Ritual"],"campfire_rested":0,"item_purchase_floors":[3,7,7],"current_hp_per_floor":[73,73,73,73,76,73,73,46,46,46,0,0],"gold":194,"neow_bonus":"NOSTALGIA","is_daily":false,"chose_seed":false,"campfire_upgraded":0,"win_rate":0.0,"timestamp":1613281262,"path_taken":["M","?","?","?","M","M","$","E","T","?","E"],"items_purchased_type":["Relic","Relic","Card"],"build_version":"2020-12-22","purchased_purges":0,"victory":false,"max_hp_per_floor":[79,79,79,79,79,79,79,79,79,79,79,79],"card_choices":[{"not_picked":["hermit:TrackingShot","hermit:Headshot"],"picked":"hermit:Coalescence","floor":1},{"not_picked":["hubris:EnhanceAbility","Apotheosis"],"picked":"Flash of Steel","floor":2},{"not_picked":["hermit:WideOpen","hermit:HoleUp","hermit:Feint"],"picked":"SKIP","floor":5},{"not_picked":["hermit:Manifest","hermit:ShadowCloak"],"picked":"hermit:Glare","floor":6},{"not_picked":["hermit:ShadowCloak","hermit:Manifest"],"picked":"hermit:Gambit","floor":8}],"player_experience":824019,"relics_obtained":[{"floor":8,"key":"Replay:Bandana"},{"floor":9,"key":"Replay:Mystery Machine"}],"event_choices":[{"damage_healed":0,"gold_gain":1,"player_choice":"1","damage_taken":0,"max_hp_gain":0,"max_hp_loss":0,"event_name":"betterStone:BetterStone","floor":2,"gold_loss":0},{"damage_healed":0,"gold_gain":175,"player_choice":"AGREE","damage_taken":45,"max_hp_gain":0,"max_hp_loss":0,"event_name":"betterThird:BetterSerpent","floor":4,"gold_loss":0},{"damage_healed":0,"gold_gain":0,"player_choice":"Agree","damage_taken":0,"max_hp_gain":0,"max_hp_loss":0,"event_name":"conspire:LoneGhost","floor":10,"gold_loss":0}],"is_beta":false,"boss_relics":[],"items_purged_floors":[],"is_endless":false,"potions_floor_spawned":[1,6],"killed_by":"Lagavulin","ascension_level":3}}