{"host":"4t0z2wyk4ymtbfy7","time":1613278478,"event":{"mods":["AchievementEnabler","BaseMod","Colored Map","Colored Powertips","DeckTracker","Keyboard Shortcuts","Marisa£¨Ùöéë¡¡Øª×âÞÞ£©","Minty Spire (QoL Compilation)","SuperFastMode"],"gold_per_floor":[109,129,129,204,218,245,245,279,356,356,384,396,408,385,397,533,545,570,595,389,402,189,189,189],"floor_reached":23,"language":"KOR","playtime":486,"items_purged":["Blade Dance"],"score":279,"play_id":"52e53bfb-2f6c-483d-93ba-3ab918d857e0","local_time":"20210214135438","is_ascension_mode":true,"campfire_choices":[{"floor":7,"key":"REST"},{"floor":12,"key":"REST"},{"floor":15,"key":"REST"}],"circlet_count":0,"master_deck":["Strike_G","Strike_G","Strike_G","Strike_G","Strike_G","Defend_G","Defend_G+1","Defend_G","Defend_G","Defend_G","Survivor","Neutralize","Catalyst+1","Bouncing Flask","Bane","Noxious Fumes","Poisoned Stab","Night Terror","Poisoned Stab+1","Noxious Fumes"],"relics":["Ring of the Snake","NeowsBlessing","Tough Bandages","Blood Vial","Ninja Scroll","MawBank","Golden Idol","SlaversCollar","Dream Catcher","TwistedFunnel"],"acts_visited":["Exordium","TheCity"],"potions_floor_usage":[6,18,23,23],"damage_taken":[{"damage":0,"enemies":"Cultist","floor":1,"turns":1},{"damage":0,"enemies":"Small Slimes","floor":2,"turns":1},{"damage":0,"enemies":"2 Louse","floor":5,"turns":1},{"damage":12,"enemies":"Gremlin Nob","floor":6,"turns":4},{"damage":24,"enemies":"Lagavulin","floor":8,"turns":7},{"damage":7,"enemies":"Exordium Wildlife","floor":11,"turns":5},{"damage":25,"enemies":"The Guardian","floor":16,"turns":7},{"damage":19,"enemies":"Shell Parasite","floor":18,"turns":3},{"damage":22,"enemies":"Spheric Guardian","floor":19,"turns":4},{"damage":15,"enemies":"Snecko","floor":21,"turns":5},{"damage":21,"enemies":"Slavers","floor":23,"turns":3}],"seed_played":"5992681654687260141","potions_obtained":[{"floor":1,"key":"Dexterity Potion"},{"floor":8,"key":"SpeedPotion"},{"floor":11,"key":"Poison Potion"},{"floor":18,"key":"GamblersBrew"}],"is_trial":false,"path_per_floor":["M","M","?","?","M","E","R","E","T","?","M","R","?","?","R","B",null,"M","M","$","M","$","E"],"character_chosen":"THE_SILENT","items_purchased":["Dream Catcher","Noxious Fumes","TwistedFunnel"],"campfire_rested":3,"item_purchase_floors":[20,22,22],"current_hp_per_floor":[63,63,49,38,38,26,47,23,23,16,11,32,15,32,53,30,60,43,23,23,10,10,0,0],"gold":189,"neow_bonus":"THREE_ENEMY_KILL","is_daily":false,"chose_seed":false,"campfire_upgraded":0,"win_rate":0.0,"timestamp":1613278478,"path_taken":["M","?","?","?","?","E","R","E","T","?","M","R","?","?","R","BOSS","M","M","$","M","$","E"],"items_purchased_type":["Relic","Card","Relic"],"build_version":"2020-12-22","purchased_purges":1,"victory":false,"max_hp_per_floor":[70,70,70,70,70,70,70,70,70,70,70,70,70,70,70,70,70,70,70,70,70,70,70,70],"card_choices":[{"not_picked":["Blur","Deadly Poison"],"picked":"Blade Dance","floor":1},{"not_picked":["Outmaneuver","Bane"],"picked":"Catalyst","floor":2},{"not_picked":["Concentrate","Slice"],"picked":"Bouncing Flask","floor":5},{"not_picked":["Tactician","Dash"],"picked":"Bane","floor":6},{"not_picked":["PiercingWail","Eviscerate"],"picked":"Noxious Fumes","floor":8},{"not_picked":["Outmaneuver","Dash"],"picked":"Poisoned Stab","floor":11},{"not_picked":["Adrenaline","Die Die Die"],"picked":"Night Terror","floor":16},{"not_picked":["Dodge and Roll","Blade Dance"],"picked":"Poisoned Stab+1","floor":18},{"not_picked":["Prepared","Deflect","Acrobatics"],"picked":"SKIP","floor":19},{"not_picked":["Flying Knee+1","Endless Agony","All Out Attack"],"picked":"SKIP","floor":21}],"player_experience":107777,"relics_obtained":[{"floor":6,"key":"Tough Bandages"},{"floor":8,"key":"Blood Vial"},{"floor":9,"key":"Ninja Scroll"}],"event_choices":[{"damage_healed":0,"gold_gain":0,"player_choice":"Entered Light","damage_taken":14,"max_hp_gain":0,"max_hp_loss":0,"event_name":"Shining Light","floor":3,"gold_loss":0,"cards_upgraded":["Defend_G","Catalyst"]},{"damage_healed":0,"gold_gain":75,"player_choice":"Gather Gold","damage_taken":11,"max_hp_gain":0,"max_hp_loss":0,"event_name":"World of Goop","floor":4,"gold_loss":0},{"damage_healed":0,"gold_gain":0,"player_choice":"Success","damage_taken":7,"relics_obtained":["MawBank"],"max_hp_gain":0,"max_hp_loss":0,"event_name":"Scrap Ooze","floor":10,"gold_loss":0},{"damage_healed":0,"gold_gain":0,"player_choice":"Take Damage","damage_taken":17,"relics_obtained":["Golden Idol"],"max_hp_gain":0,"max_hp_loss":0,"event_name":"Golden Idol","floor":13,"gold_loss":0},{"damage_healed":17,"gold_gain":0,"player_choice":"Healed","damage_taken":0,"max_hp_gain":0,"max_hp_loss":0,"event_name":"The Cleric","floor":14,"gold_loss":35}],"is_beta":false,"boss_relics":[{"not_picked":["SacredBark","Velvet Choker"],"picked":"SlaversCollar"}],"items_purged_floors":[20],"is_endless":false,"potions_floor_spawned":[1,8,11,18],"killed_by":"Slavers","ascension_level":8}}