{"host":"0v07cr0k93jhgkpm","time":1613289033,"event":{"mods":["BaseMod","Colored Map","DeckTracker","Minty Spire (QoL Compilation)","Quick Restart","SuperFastMode"],"gold_per_floor":[113,113,133,151,171,171,136,154,154,154,154,191,264,306,306,306,306],"floor_reached":16,"language":"KOR","playtime":492,"items_purged":[],"score":220,"play_id":"de180541-c17f-4a9e-9aa9-61e25c26df6e","local_time":"20210214165033","is_ascension_mode":true,"campfire_choices":[{"data":"Eruption","floor":6.0,"key":"SMITH"},{"floor":10.0,"key":"REST"},{"floor":15.0,"key":"REST"}],"circlet_count":0,"master_deck":["AscendersBane","Strike_P","Strike_P","Strike_P","Strike_P","Defend_P","Defend_P","Defend_P","Eruption+1","Vigilance","TalkToTheHand","Protect","ClearTheMind","EmptyFist","Vault","Fasting2","Halt","CutThroughFate"],"relics":["PureWater","PreservedInsect","CeramicFish","Yang","Ornamental Fan"],"acts_visited":["Exordium"],"potions_floor_usage":[16],"damage_taken":[{"damage":0.0,"enemies":"2 Louse","floor":1.0,"turns":2.0},{"damage":8.0,"enemies":"Small Slimes","floor":3.0,"turns":5.0},{"damage":22.0,"enemies":"Jaw Worm","floor":4.0,"turns":2.0},{"damage":18.0,"enemies":"Looter","floor":5.0,"turns":3.0},{"damage":16.0,"enemies":"Gremlin Gang","floor":8.0,"turns":5.0},{"damage":6.0,"enemies":"Gremlin Nob","floor":12.0,"turns":4.0},{"damage":3.0,"enemies":"3 Sentries","floor":14.0,"turns":7.0},{"damage":26,"enemies":"The Guardian","floor":16,"turns":8}],"seed_played":"-277213688061581108","potions_obtained":[{"floor":1.0,"key":"Strength Potion"},{"floor":3.0,"key":"PowerPotion"},{"floor":8.0,"key":"SneckoOil"}],"is_trial":false,"path_per_floor":["M","?","M","M","M","R","?","M","T","R","?","E","T","E","R","B"],"character_chosen":"WATCHER","items_purchased":[],"campfire_rested":2,"item_purchase_floors":[],"current_hp_per_floor":[61,54,46,24,6,6,23,7,7,27,27,21,21,18,38,12,12],"gold":306,"neow_bonus":"THREE_CARDS","is_daily":false,"chose_seed":false,"campfire_upgraded":1,"win_rate":0.0,"timestamp":1613289033,"path_taken":["M","?","M","M","M","R","?","M","T","R","?","E","?","E","R","BOSS"],"items_purchased_type":[],"build_version":"2020-12-22","purchased_purges":0,"victory":false,"max_hp_per_floor":[68,68,68,68,68,68,68,68,68,68,68,68,68,68,68,68,68],"card_choices":[{"not_picked":["PathToVictory","CrushJoints"],"picked":"TalkToTheHand","floor":0.0},{"not_picked":["Worship","JustLucky"],"picked":"Protect","floor":1.0},{"not_picked":["CrushJoints","Crescendo"],"picked":"ClearTheMind","floor":3.0},{"not_picked":["PathToVictory","EmptyBody"],"picked":"EmptyFist","floor":4.0},{"not_picked":["FlyingSleeves","PathToVictory"],"picked":"Vault","floor":5.0},{"not_picked":["Weave","WheelKick"],"picked":"Fasting2","floor":8.0},{"not_picked":["WindmillStrike","CrushJoints"],"picked":"Halt","floor":12.0},{"not_picked":["EmptyBody","ThirdEye"],"picked":"CutThroughFate","floor":14.0}],"player_experience":2515042,"relics_obtained":[{"floor":9.0,"key":"PreservedInsect"},{"floor":12.0,"key":"CeramicFish"},{"floor":13.0,"key":"Yang"},{"floor":14.0,"key":"Ornamental Fan"}],"event_choices":[{"cards_removed":["Defend_P"],"damage_healed":0.0,"max_hp_gain":0.0,"max_hp_loss":0.0,"gold_gain":0.0,"event_name":"Golden Wing","player_choice":"Card Removal","floor":2.0,"gold_loss":0.0,"damage_taken":7.0},{"damage_healed":17.0,"max_hp_gain":0.0,"max_hp_loss":0.0,"gold_gain":0.0,"event_name":"The Cleric","player_choice":"Healed","floor":7.0,"gold_loss":35.0,"damage_taken":0.0},{"damage_healed":0.0,"max_hp_gain":0.0,"max_hp_loss":0.0,"gold_gain":0.0,"event_name":"Shining Light","player_choice":"Ignored","floor":11.0,"gold_loss":0.0,"damage_taken":0.0}],"is_beta":false,"boss_relics":[],"items_purged_floors":[],"is_endless":false,"potions_floor_spawned":[1,3,8],"killed_by":"The Guardian","ascension_level":20}}