{"host":"9nqlpswyo8o6ezw3","time":1613329846,"event":{"mods":["Act Like it!","BaseMod","Downfall","Hallownest","Hermit","Lobotomy","LobotomyExtend","Marisa????????","Minty Spire (QoL Compilation)","StSLib","The Bug Knight","The Cursed"],"gold_per_floor":[118,138,164,164,174,174,174],"floor_reached":6,"language":"ENG","playtime":796,"items_purged":[],"score":46,"play_id":"eb59865a-9c50-41c7-a77b-086dc1159806","local_time":"20210214141046","is_ascension_mode":false,"campfire_choices":[],"circlet_count":0,"master_deck":["Funeral","Strike_MRS","Strike_MRS","Strike_MRS","Strike_MRS","Defend_MRS","Defend_MRS","Defend_MRS","Defend_MRS","MasterSpark","UpSweep","MHz","UnstableBomb","ShyLook","OpenUniverse","FairyFestival","ShootingEcho","PowerUp"],"relics":["MiniHakkero","CogitoBucket","LetterFromLob","Ancient Tea Set","Hallownest:SalubrasBlessingRelic","SolemnVow_r"],"acts_visited":["Hallownest:Greenpath"],"potions_floor_usage":[6],"damage_taken":[{"damage":0,"enemies":"Hallownest:monsterHuskWarrior","floor":1,"turns":3},{"damage":2,"enemies":"Hallownest:2_Tiktiks_and_1_Crawlid","floor":2,"turns":3},{"damage":9,"enemies":"Hallownest:eliteVengeflyKing","floor":3,"turns":4},{"damage":26,"enemies":"Hallownest:2_MossCreeps","floor":5,"turns":4},{"damage":47,"enemies":"Hallownest:eliteCrystalGuardian","floor":6,"turns":5}],"seed_played":"1990449428384394070","potions_obtained":[{"floor":1,"key":"DuplicationPotion"},{"floor":2,"key":"BottledSpark"}],"is_trial":false,"path_per_floor":["M","M","?","?","M","E"],"character_chosen":"MARISA","items_purchased":[],"campfire_rested":0,"item_purchase_floors":[],"current_hp_per_floor":[75,73,64,64,41,0,0],"gold":174,"neow_bonus":"","is_daily":false,"chose_seed":false,"campfire_upgraded":0,"win_rate":0.0,"timestamp":1613329846,"path_taken":["M","M","?","?","M","E"],"items_purchased_type":[],"build_version":"2020-12-22","purchased_purges":0,"victory":false,"max_hp_per_floor":[75,75,75,75,75,75,75],"card_choices":[{"not_picked":["OldLady","LaLuna"],"picked":"MHz","floor":1},{"not_picked":["ShootingEcho","AsteroidBelt"],"picked":"UnstableBomb","floor":1},{"not_picked":["CrumblingArmor","SpiderBud"],"picked":"ShyLook","floor":2},{"not_picked":["MagicAbsorber","PowerUp"],"picked":"OpenUniverse","floor":2},{"not_picked":["OSAHOGD","WallGazer"],"picked":"FairyFestival","floor":3},{"not_picked":["DarkSpark","SporeBomb"],"picked":"ShootingEcho","floor":3},{"not_picked":["CrumblingArmor","SingingMachine"],"picked":"Funeral","floor":5},{"not_picked":["GalacticHalo","ShootingEcho"],"picked":"PowerUp","floor":5}],"player_experience":31363,"relics_obtained":[{"floor":1,"key":"LetterFromLob"},{"floor":3,"key":"Ancient Tea Set"}],"event_choices":[],"is_beta":false,"boss_relics":[],"items_purged_floors":[],"is_endless":false,"potions_floor_spawned":[1,2],"killed_by":"Hallownest:eliteCrystalGuardian","ascension_level":0}}