{"host":"bpnwh7vpv9k3tssc","time":1613324946,"event":{"mods":["BaseMod","Colored Map","Colored Powertips","Curses Come First","Highlight Path","Minty Spire (QoL Compilation)","Quick Restart","Random Character Button","Relic Sorter","StSLib"],"gold_per_floor":[18,18,18,37,37,37,62,62,62,62,62,80,113,133,133,226,226,242,256,256,297,297,297,320,358,358,376,376,414,428,441,441,537,537,560,574,574,574,499,499,517,517,517,536,580,35,48,48,48,48,48],"floor_reached":50,"language":"ENG","playtime":1921,"items_purged":["Strike_R","Strike_R"],"score":1051,"play_id":"332b5a84-8042-41a2-ae40-c3b56e7ca0c4","local_time":"20210214184906","is_ascension_mode":true,"campfire_choices":[{"data":"Feed","floor":6,"key":"SMITH"},{"floor":11,"key":"REST"},{"data":"Flex","floor":15,"key":"SMITH"},{"floor":23,"key":"REST"},{"floor":28,"key":"REST"},{"floor":32,"key":"REST"},{"floor":40,"key":"RECALL"},{"data":"Impervious","floor":42,"key":"SMITH"},{"floor":49,"key":"REST"}],"circlet_count":0,"master_deck":["AscendersBane","Strike_R","Defend_R","Defend_R","Defend_R","Defend_R","Bash","Feed+1","Flex+1","Havoc","Cleave","Heavy Blade","Whirlwind","Spot Weakness","Burning Pact","Barricade","Armaments","Impervious+1","Sword Boomerang+1","Body Slam","Whirlwind+1","True Grit","Metallicize+1","Exhume","Dual Wield","Shockwave","Impervious+1","Flame Barrier+1"],"relics":["Burning Blood","Dream Catcher","Vajra","Golden Idol","CaptainsWheel","Snecko Eye","Red Mask","Pantograph","Self Forming Clay","Paper Frog","Busted Crown","Blue Candle","Question Card","Bottled Tornado","DollysMirror"],"acts_visited":["Exordium","TheCity","TheBeyond"],"potions_floor_usage":[16,19,33,33,48],"damage_taken":[{"damage":1,"enemies":"Cultist","floor":1,"turns":3},{"damage":8,"enemies":"Jaw Worm","floor":4,"turns":4},{"damage":47,"enemies":"Gremlin Nob","floor":7,"turns":5},{"damage":0,"enemies":"2 Louse","floor":12,"turns":2},{"damage":35,"enemies":"Lagavulin","floor":13,"turns":6},{"damage":5,"enemies":"2 Fungi Beasts","floor":14,"turns":3},{"damage":38,"enemies":"Slime Boss","floor":16,"turns":8},{"damage":5,"enemies":"Spheric Guardian","floor":18,"turns":4},{"damage":28,"enemies":"Chosen","floor":19,"turns":7},{"damage":11,"enemies":"Masked Bandits","floor":21,"turns":3},{"damage":7,"enemies":"3 Cultists","floor":24,"turns":4},{"damage":31,"enemies":"Slavers","floor":25,"turns":5},{"damage":16,"enemies":"Centurion and Healer","floor":27,"turns":4},{"damage":11,"enemies":"Book of Stabbing","floor":29,"turns":4},{"damage":11,"enemies":"Cultist and Chosen","floor":30,"turns":6},{"damage":20,"enemies":"Snake Plant","floor":31,"turns":3},{"damage":45,"enemies":"Automaton","floor":33,"turns":9},{"damage":18,"enemies":"3 Darklings","floor":35,"turns":2},{"damage":0,"enemies":"Orb Walker","floor":36,"turns":4},{"damage":20,"enemies":"Sphere and 2 Shapes","floor":41,"turns":4},{"damage":18,"enemies":"Maw","floor":44,"turns":7},{"damage":0,"enemies":"Nemesis","floor":45,"turns":5},{"damage":32,"enemies":"3 Darklings","floor":47,"turns":4},{"damage":0,"enemies":"2 Orb Walkers","floor":48,"turns":1},{"damage":107,"enemies":"Donu and Deca","floor":50,"turns":7}],"seed_played":"-777673312615126324","potions_obtained":[{"floor":7,"key":"Block Potion"},{"floor":16,"key":"Explosive Potion"},{"floor":19,"key":"CultistPotion"},{"floor":27,"key":"ElixirPotion"},{"floor":29,"key":"EssenceOfSteel"},{"floor":33,"key":"Dexterity Potion"},{"floor":41,"key":"Ancient Potion"},{"floor":47,"key":"SmokeBomb"}],"is_trial":false,"path_per_floor":["M","?","?","M","$","R","E","$","T","?","R","M","E","M","R","B",null,"M","M","?","?","?","R","M","E","T","M","R","E","M","M","R","B",null,"M","M","?","T","$","R","M","R","T","M","E","$","M","?","R","B"],"character_chosen":"IRONCLAD","items_purchased":["Bottled Tornado","DollysMirror"],"campfire_rested":5,"item_purchase_floors":[46,46],"current_hp_per_floor":[76,76,76,77,77,77,36,36,36,36,57,63,38,43,43,11,64,65,43,43,38,26,50,53,32,32,26,53,48,47,33,62,48,85,73,79,79,79,79,79,65,65,65,53,63,63,37,43,71,0,0],"gold":48,"neow_bonus":"THREE_RARE_CARDS","is_daily":false,"chose_seed":false,"campfire_upgraded":3,"win_rate":0.0,"timestamp":1613324946,"path_taken":["M","?","?","?","$","R","E","$","T","?","R","M","E","M","R","BOSS","M","M","?","?","?","R","?","E","T","M","R","E","M","M","R","BOSS","M","?","?","?","$","R","M","R","T","M","E","$","M","?","R","BOSS"],"items_purchased_type":["Relic","Relic"],"build_version":"2020-12-22","purchased_purges":2,"victory":false,"max_hp_per_floor":[78,78,78,81,81,81,81,81,81,73,73,73,77,81,81,81,81,81,81,81,81,81,81,85,89,89,93,93,93,97,97,97,97,97,97,97,92,92,92,92,92,92,92,92,96,96,96,96,96,96,96],"card_choices":[{"not_picked":["Exhume","Bludgeon"],"picked":"Feed","floor":0},{"not_picked":["Twin Strike","Armaments"],"picked":"Flex","floor":1},{"not_picked":["Anger","Body Slam"],"picked":"Cleave","floor":4},{"not_picked":["Cleave","Carnage"],"picked":"Heavy Blade","floor":7},{"not_picked":["Burning Pact","Metallicize"],"picked":"Whirlwind","floor":12},{"not_picked":["True Grit","Armaments"],"picked":"Spot Weakness","floor":13},{"not_picked":["Perfected Strike","Cleave"],"picked":"Burning Pact","floor":14},{"not_picked":["Corruption","Impervious"],"picked":"Barricade","floor":16},{"not_picked":["Hemokinesis","Clothesline"],"picked":"Armaments","floor":18},{"not_picked":["Havoc","Cleave"],"picked":"Impervious","floor":19},{"not_picked":["Seeing Red","Twin Strike"],"picked":"Sword Boomerang+1","floor":21},{"not_picked":["Whirlwind","Sword Boomerang"],"picked":"Body Slam","floor":23},{"not_picked":["Intimidate","Iron Wave+1","Perfected Strike"],"picked":"SKIP","floor":24},{"not_picked":["Dropkick","Anger+1","Fire Breathing"],"picked":"SKIP","floor":25},{"not_picked":["Twin Strike","Clash"],"picked":"Whirlwind+1","floor":27},{"not_picked":["Perfected Strike","Uppercut"],"picked":"True Grit","floor":28},{"not_picked":["Disarm","Fire Breathing"],"picked":"Metallicize+1","floor":29},{"not_picked":["Sword Boomerang","Heavy Blade","Immolate"],"picked":"SKIP","floor":30},{"not_picked":["Cleave","Pommel Strike","Headbutt"],"picked":"SKIP","floor":31},{"not_picked":["Fiend Fire","Juggernaut"],"picked":"Exhume","floor":33},{"not_picked":["Perfected Strike+1"],"picked":"SKIP","floor":35},{"not_picked":[],"picked":"Dual Wield","floor":36},{"not_picked":["Cleave"],"picked":"SKIP","floor":41},{"not_picked":[],"picked":"Shockwave","floor":44},{"not_picked":["Warcry"],"picked":"SKIP","floor":45},{"not_picked":["Warcry","Rage"],"picked":"SKIP","floor":47},{"not_picked":["Cleave"],"picked":"Flame Barrier+1","floor":49}],"player_experience":391614,"relics_obtained":[{"floor":7,"key":"Dream Catcher"},{"floor":9,"key":"Vajra"},{"floor":13,"key":"CaptainsWheel"},{"floor":21,"key":"Red Mask"},{"floor":25,"key":"Pantograph"},{"floor":26,"key":"Self Forming Clay"},{"floor":29,"key":"Paper Frog"},{"floor":43,"key":"Blue Candle"},{"floor":45,"key":"Question Card"}],"event_choices":[{"damage_healed":0,"gold_gain":0,"cards_transformed":["Strike_R"],"player_choice":"Change","damage_taken":0,"max_hp_gain":0,"max_hp_loss":0,"event_name":"Living Wall","floor":2,"gold_loss":0,"cards_obtained":["Havoc"]},{"cards_removed":["Strike_R"],"damage_healed":0,"gold_gain":0,"player_choice":"Purged","damage_taken":0,"max_hp_gain":0,"max_hp_loss":0,"event_name":"Purifier","floor":3,"gold_loss":0},{"damage_healed":0,"gold_gain":0,"player_choice":"Lose Max HP","damage_taken":0,"relics_obtained":["Golden Idol"],"max_hp_gain":0,"max_hp_loss":8,"event_name":"Golden Idol","floor":10,"gold_loss":0},{"damage_healed":0,"gold_gain":0,"player_choice":"Ignored","damage_taken":0,"max_hp_gain":0,"max_hp_loss":0,"event_name":"Ghosts","floor":20,"gold_loss":0},{"damage_healed":0,"gold_gain":0,"player_choice":"Fought Bandits","damage_taken":0,"max_hp_gain":0,"max_hp_loss":0,"event_name":"Masked Bandits","floor":21,"gold_loss":0},{"damage_healed":0,"gold_gain":0,"player_choice":"Damaged","damage_taken":12,"max_hp_gain":0,"max_hp_loss":0,"event_name":"Wheel of Change","floor":22,"gold_loss":0},{"damage_healed":0,"gold_gain":0,"player_choice":"Max HP","damage_taken":0,"max_hp_gain":0,"max_hp_loss":5,"event_name":"Winding Halls","floor":37,"gold_loss":0},{"damage_healed":0,"gold_gain":0,"player_choice":"Fight","damage_taken":0,"max_hp_gain":0,"max_hp_loss":0,"event_name":"Mysterious Sphere","floor":48,"gold_loss":0}],"is_beta":false,"boss_relics":[{"not_picked":["Astrolabe","Cursed Key"],"picked":"Snecko Eye"},{"not_picked":["Empty Cage","Tiny House"],"picked":"Busted Crown"}],"items_purged_floors":[39,46],"is_endless":false,"potions_floor_spawned":[7,16,19,27,29,30,33,41,47],"killed_by":"Donu and Deca","ascension_level":16}}