{"host":"a5lz0e76zb3fcwkm","time":1613313459,"event":{"mods":["AchievementEnabler","BaseMod","Colored Map","Colored Powertips","Minty Spire (QoL Compilation)","StSLib","SuperFastMode"],"gold_per_floor":[115,40,50,50,50,50,80,90,90,90,118,134,149,174,174,245,245,263,263,5,18,38,38,38,69,69,95,295,318,318,318],"floor_reached":30,"language":"KOR","playtime":695,"items_purged":["Doubt","Strike_B"],"score":552,"play_id":"d9777511-a077-441e-a889-d85684608131","local_time":"20210214233739","is_ascension_mode":true,"campfire_choices":[{"data":"Chaos","floor":6.0,"key":"SMITH"},{"data":"Sunder","floor":10.0,"key":"SMITH"},{"data":"Defragment","floor":15.0,"key":"SMITH"},{"data":"Creative AI","floor":23.0,"key":"SMITH"}],"circlet_count":0,"master_deck":["AscendersBane","Strike_B","Defend_B","Zap","Dualcast","Leap","Cold Snap","Chaos+1","Self Repair","Sunder+1","Recycle","Glacier","Defragment+1","Creative AI+1","Electrodynamics","Capacitor","Core Surge","Recycle","Echo Form","Compile Driver"],"relics":["Cracked Core","Prayer Wheel","Odd Mushroom","Tiny Chest","Runic Dome","Lantern","Boot","StrikeDummy","Anchor","CeramicFish"],"acts_visited":["Exordium","TheCity"],"potions_floor_usage":[],"damage_taken":[{"damage":0.0,"enemies":"2 Louse","floor":1.0,"turns":2.0},{"damage":0.0,"enemies":"Small Slimes","floor":3.0,"turns":3.0},{"damage":19.0,"enemies":"Lagavulin","floor":7.0,"turns":6.0},{"damage":1.0,"enemies":"Jaw Worm","floor":8.0,"turns":2.0},{"damage":2.0,"enemies":"The Mushroom Lair","floor":11.0,"turns":3.0},{"damage":3.0,"enemies":"Red Slaver","floor":12.0,"turns":3.0},{"damage":0.0,"enemies":"Exordium Wildlife","floor":13.0,"turns":3.0},{"damage":25.0,"enemies":"Gremlin Nob","floor":14.0,"turns":4.0},{"damage":11.0,"enemies":"Hexaghost","floor":16.0,"turns":12.0},{"damage":10.0,"enemies":"Chosen","floor":18.0,"turns":7.0},{"damage":0.0,"enemies":"Spheric Guardian","floor":21.0,"turns":3.0},{"damage":3.0,"enemies":"Snecko","floor":22.0,"turns":5.0},{"damage":8.0,"enemies":"Gremlin Leader","floor":25.0,"turns":6.0},{"damage":46.0,"enemies":"Slavers","floor":27.0,"turns":4.0},{"damage":17,"enemies":"3 Cultists","floor":30,"turns":3}],"seed_played":"4131415693928029342","potions_obtained":[{"floor":7.0,"key":"Strength Potion"},{"floor":8.0,"key":"Weak Potion"},{"floor":16.0,"key":"BlessingOfTheForge"},{"floor":18.0,"key":"FocusPotion"},{"floor":25.0,"key":"PotionOfCapacity"},{"floor":27.0,"key":"SkillPotion"}],"is_trial":false,"path_per_floor":["M","$","M","?","?","R","E","M","T","R","?","M","M","E","R","B",null,"M","?","$","M","M","R","?","E","T","E","?","T","M"],"character_chosen":"DEFECT","items_purchased":["Lantern"],"campfire_rested":0,"item_purchase_floors":[20],"current_hp_per_floor":[64,64,64,64,57,57,38,37,37,37,42,39,46,28,28,24,59,59,59,59,59,63,63,63,62,62,16,16,16,0,0],"gold":318,"neow_bonus":"TRANSFORM_TWO_CARDS","is_daily":false,"chose_seed":false,"campfire_upgraded":4,"win_rate":0.0,"timestamp":1613313459,"path_taken":["M","$","M","?","?","R","E","M","T","R","?","M","M","E","R","BOSS","M","?","$","M","M","R","?","E","T","E","?","?","M"],"items_purchased_type":["Relic"],"build_version":"2020-12-22","purchased_purges":2,"victory":false,"max_hp_per_floor":[71,71,71,71,71,71,71,71,71,71,71,71,71,71,71,71,71,71,71,71,71,71,71,71,71,71,71,71,71,71,71],"card_choices":[{"not_picked":["Leap","Go for the Eyes"],"picked":"Chaos","floor":1.0},{"not_picked":["Aggregate","Hello World","Streamline"],"picked":"SKIP","floor":3.0},{"not_picked":["Cold Snap","Streamline"],"picked":"Self Repair","floor":7.0},{"not_picked":["Streamline","Chaos"],"picked":"Sunder","floor":8.0},{"not_picked":["Amplify","Double Energy","Turbo"],"picked":"SKIP","floor":8.0},{"not_picked":["Gash","Steam"],"picked":"Recycle","floor":12.0},{"not_picked":["Gash","Steam","Beam Cell"],"picked":"SKIP","floor":12.0},{"not_picked":["Leap","Ball Lightning"],"picked":"Glacier","floor":13.0},{"not_picked":["Buffer","Doom and Gloom"],"picked":"Defragment","floor":13.0},{"not_picked":["Coolheaded","Rip and Tear"],"picked":"Creative AI","floor":14.0},{"not_picked":["Meteor Strike","Rainbow"],"picked":"Electrodynamics","floor":16.0},{"not_picked":["Skim","Recycle"],"picked":"Capacitor","floor":18.0},{"not_picked":["Coolheaded","Glacier","Rebound"],"picked":"SKIP","floor":18.0},{"not_picked":["Conserve Battery","Sweeping Beam","Barrage"],"picked":"SKIP","floor":21.0},{"not_picked":["Ball Lightning","Cold Snap","Gash"],"picked":"SKIP","floor":21.0},{"not_picked":["BootSequence","Turbo","Streamline"],"picked":"SKIP","floor":22.0},{"not_picked":["Ball Lightning","Go for the Eyes+1","Stack"],"picked":"SKIP","floor":22.0},{"not_picked":["Gash","Heatsinks"],"picked":"Echo Form","floor":25.0},{"not_picked":["Compile Driver","Beam Cell","Steam"],"picked":"SKIP","floor":27.0},{"not_picked":["Beam Cell","Steam"],"picked":"Compile Driver","floor":27.0}],"player_experience":1892918,"relics_obtained":[{"floor":7.0,"key":"Prayer Wheel"},{"floor":11.0,"key":"Odd Mushroom"},{"floor":14.0,"key":"Tiny Chest"},{"floor":25.0,"key":"Boot"},{"floor":26.0,"key":"StrikeDummy"},{"floor":27.0,"key":"Anchor"},{"floor":29.0,"key":"CeramicFish"}],"event_choices":[{"damage_healed":0.0,"max_hp_gain":0.0,"max_hp_loss":0.0,"gold_gain":0.0,"event_name":"The Cleric","player_choice":"Leave","floor":4.0,"gold_loss":0.0,"damage_taken":0.0},{"cards_removed":["Defend_B"],"damage_healed":0.0,"max_hp_gain":0.0,"max_hp_loss":0.0,"gold_gain":0.0,"event_name":"Golden Wing","player_choice":"Card Removal","floor":5.0,"gold_loss":0.0,"damage_taken":7.0},{"damage_healed":0.0,"max_hp_gain":0.0,"max_hp_loss":0.0,"gold_gain":0.0,"event_name":"Mushrooms","player_choice":"Fought Mushrooms","floor":11.0,"gold_loss":0.0,"damage_taken":0.0},{"damage_healed":0.0,"max_hp_gain":0.0,"max_hp_loss":0.0,"gold_gain":0.0,"cards_transformed":["Strike_B","Defend_B"],"event_name":"Drug Dealer","player_choice":"Became Test Subject","floor":19.0,"gold_loss":0.0,"damage_taken":0.0,"cards_obtained":["Core Surge","Recycle"]},{"damage_healed":0.0,"max_hp_gain":0.0,"max_hp_loss":0.0,"gold_gain":250.0,"event_name":"The Joust","player_choice":"Bet on Owner","floor":28.0,"gold_loss":50.0,"damage_taken":0.0}],"is_beta":false,"boss_relics":[{"not_picked":["Tiny House","Ectoplasm"],"picked":"Runic Dome"}],"items_purged_floors":[2,20],"is_endless":false,"potions_floor_spawned":[7,8,11,16,18,25,27],"killed_by":"3 Cultists","ascension_level":20}}