{"host":"8dytqszkx6ijebks","time":1613289033,"event":{"mods":["AchievementEnabler","BaseMod","Colored Map","DeckTracker","Keyboard Shortcuts","Minty Spire (QoL Compilation)","Permanent Neow","SuperFastMode","everything is the same but u backflip on backflip"],"gold_per_floor":[109,119,119,135,155,155,155,155,236,336,355,355,380,400,400,400,400],"floor_reached":16,"language":"KOR","playtime":913,"items_purged":[],"score":113,"play_id":"1bd65b22-678e-4c28-9ee5-1351f9186533","local_time":"20210214165033","is_ascension_mode":true,"campfire_choices":[{"floor":6,"key":"REST"},{"floor":8,"key":"REST"},{"data":"Well Laid Plans","floor":12,"key":"SMITH"},{"floor":15,"key":"REST"}],"circlet_count":0,"master_deck":["Strike_G","Strike_G","Strike_G","Strike_G","Strike_G+1","Defend_G","Defend_G","Defend_G","Defend_G","Defend_G","Survivor","Neutralize+1","Well Laid Plans+1","Concentrate"],"relics":["HoveringKite","Golden Idol","Bottled Tornado"],"acts_visited":["Exordium"],"potions_floor_usage":[16,16],"damage_taken":[{"damage":1,"enemies":"Jaw Worm","floor":1,"turns":6},{"damage":11,"enemies":"Small Slimes","floor":2,"turns":5},{"damage":0,"enemies":"Cultist","floor":4,"turns":4},{"damage":26,"enemies":"Large Slime","floor":5,"turns":9},{"damage":6,"enemies":"Blue Slaver","floor":11,"turns":4},{"damage":2,"enemies":"3 Louse","floor":13,"turns":5},{"damage":3,"enemies":"Looter","floor":14,"turns":4},{"damage":58,"enemies":"Slime Boss","floor":16,"turns":11}],"seed_played":"1901483575096042570","potions_obtained":[{"floor":1,"key":"PowerPotion"},{"floor":2,"key":"LiquidBronze"},{"floor":5,"key":"Weak Potion"}],"is_trial":false,"path_per_floor":["M","M","?","M","M","R","?","R","T","?","M","R","M","M","R","B"],"character_chosen":"THE_SILENT","items_purchased":[],"campfire_rested":3,"item_purchase_floors":[],"current_hp_per_floor":[69,58,41,41,15,36,22,43,43,43,37,37,35,32,53,0,0],"gold":400,"neow_bonus":"BOSS_RELIC","is_daily":false,"chose_seed":false,"campfire_upgraded":1,"win_rate":0.0,"timestamp":1613289033,"path_taken":["M","M","?","M","M","R","?","R","T","?","?","R","M","M","R","BOSS"],"items_purchased_type":[],"build_version":"2020-12-22","purchased_purges":0,"victory":false,"max_hp_per_floor":[70,70,70,70,70,70,70,70,70,70,70,70,70,70,70,70,70],"card_choices":[{"not_picked":["Skewer","Deadly Poison","Slice"],"picked":"SKIP","floor":1},{"not_picked":["Riddle With Holes","Sucker Punch","Eviscerate"],"picked":"SKIP","floor":2},{"not_picked":["Slice","Sucker Punch","Poisoned Stab"],"picked":"SKIP","floor":4},{"not_picked":["Sucker Punch","Riddle With Holes"],"picked":"Well Laid Plans","floor":5},{"not_picked":["Riddle With Holes","Grand Finale"],"picked":"Concentrate","floor":11},{"not_picked":["Blur","Flying Knee","Cloak And Dagger"],"picked":"SKIP","floor":13},{"not_picked":["Quick Slash","Leg Sweep","Underhanded Strike"],"picked":"SKIP","floor":14}],"player_experience":264911,"relics_obtained":[{"floor":9,"key":"Bottled Tornado"}],"event_choices":[{"damage_healed":0,"gold_gain":0,"player_choice":"Take Damage","damage_taken":17,"relics_obtained":["Golden Idol"],"max_hp_gain":0,"max_hp_loss":0,"event_name":"Golden Idol","floor":3,"gold_loss":0},{"damage_healed":0,"gold_gain":0,"player_choice":"Entered Light","damage_taken":14,"max_hp_gain":0,"max_hp_loss":0,"event_name":"Shining Light","floor":7,"gold_loss":0,"cards_upgraded":["Neutralize","Strike_G"]},{"damage_healed":0,"gold_gain":100,"player_choice":"Pray","damage_taken":0,"max_hp_gain":0,"max_hp_loss":0,"event_name":"Golden Shrine","floor":10,"gold_loss":0}],"is_beta":false,"boss_relics":[],"items_purged_floors":[],"is_endless":false,"potions_floor_spawned":[1,2,5,14],"killed_by":"Slime Boss","ascension_level":4}}