{"host":"lktusdb9orijgc6z","time":1613343010,"event":{"mods":["BaseMod","Bestiary","Colored Map","Colored Powertips","Filter the Spire","Minty Spire (QoL Compilation)","Permanent Neow","Quick Restart","Relic Stats","StSLib","everything is the same but u backflip on backflip","slay the spire mod where everything is the same but ironclad has a cowboy hat"],"gold_per_floor":[113,124,136,42,115,115,115,115,115,146,16,36,64,64,64,136,136,152,152,152,171,21,54,68,68,68,68,80,80,80,80,80,152,152,166,166,184,200,210,239,239,258,258,285,285,314,314,340,340,340,340],"floor_reached":52,"language":"ENG","playtime":2660,"items_purged":["Strike_B"],"score":2442,"play_id":"1a0adf73-2dce-4c81-aee5-907cb21a9ab2","local_time":"20210214235010","is_ascension_mode":true,"campfire_choices":[{"data":"Hologram","floor":6.0,"key":"SMITH"},{"data":"Consume","floor":8.0,"key":"SMITH"},{"data":"Hologram","floor":15.0,"key":"SMITH"},{"data":"Buffer","floor":25.0,"key":"SMITH"},{"data":"Capacitor","floor":27.0,"key":"SMITH"},{"floor":32.0,"key":"REST"},{"data":"Rainbow","floor":41,"key":"SMITH"},{"data":"Barrage","floor":45,"key":"SMITH"},{"floor":49,"key":"RECALL"}],"circlet_count":0,"master_deck":["AscendersBane","Defend_B","Defend_B","Defend_B","Zap","Dualcast","Chill","Barrage+1","Consume+1","Doom and Gloom","Hologram+1","Heatsinks","Meteor Strike","Capacitor+1","Skim","Double Energy","Hologram+1","Conserve Battery","Buffer+1","Reinforced Body","Reprogram+1","Chill","Skim","Sunder+1","Compile Driver+1","Skim","Doom and Gloom+1","Force Field","Aggregate","Rainbow+1","Machine Learning","Force Field+1","Barrage+1","Meteor Strike","Double Energy"],"relics":["Snecko Eye","Prayer Wheel","StoneCalendar","Oddly Smooth Stone","Inserter","Enchiridion","Letter Opener","Singing Bowl","Sozu","Mango","Juzu Bracelet","Dream Catcher","InkBottle"],"acts_visited":["Exordium","TheCity","TheBeyond"],"potions_floor_usage":[51],"damage_taken":[{"damage":9.0,"enemies":"Jaw Worm","floor":1.0,"turns":6.0},{"damage":11.0,"enemies":"2 Louse","floor":2.0,"turns":5.0},{"damage":5.0,"enemies":"Small Slimes","floor":3.0,"turns":4.0},{"damage":15.0,"enemies":"Lagavulin","floor":10.0,"turns":6.0},{"damage":0.0,"enemies":"Exordium Thugs","floor":12.0,"turns":2.0},{"damage":0.0,"enemies":"Gremlin Nob","floor":13.0,"turns":2.0},{"damage":16.0,"enemies":"Slime Boss","floor":16.0,"turns":7.0},{"damage":0.0,"enemies":"3 Byrds","floor":18.0,"turns":4.0},{"damage":7.0,"enemies":"Shell Parasite","floor":21.0,"turns":2.0},{"damage":0.0,"enemies":"Gremlin Leader","floor":23.0,"turns":5.0},{"damage":12.0,"enemies":"3 Cultists","floor":24.0,"turns":4.0},{"damage":0.0,"enemies":"Cultist and Chosen","floor":28.0,"turns":6.0},{"damage":0.0,"enemies":"Collector","floor":33.0,"turns":5.0},{"damage":3.0,"enemies":"3 Shapes","floor":35.0,"turns":5.0},{"damage":13.0,"enemies":"Orb Walker","floor":37.0,"turns":4.0},{"damage":0,"enemies":"Maw","floor":38,"turns":6},{"damage":0,"enemies":"Jaw Worm Horde","floor":39,"turns":2},{"damage":0,"enemies":"Nemesis","floor":40,"turns":7},{"damage":0,"enemies":"Spire Growth","floor":42,"turns":4},{"damage":0,"enemies":"Reptomancer","floor":44,"turns":4},{"damage":18,"enemies":"Nemesis","floor":46,"turns":5},{"damage":18,"enemies":"Reptomancer","floor":48,"turns":4},{"damage":0,"enemies":"Awakened One","floor":50,"turns":5},{"damage":29,"enemies":"Time Eater","floor":51,"turns":8}],"seed_played":"-8912915598864736908","potions_obtained":[{"floor":1.0,"key":"FearPotion"},{"floor":12.0,"key":"FocusPotion"},{"floor":13.0,"key":"FocusPotion"},{"floor":23.0,"key":"GamblersBrew"}],"is_trial":false,"path_per_floor":["M","M","M","$","?","R","?","R","T","E","$","M","E","$","R","B",null,"M","?","?","M","$","E","M","R","T","R","M","?","?","$","R","B",null,"M","?","M","M","M","E","R","M","T","E","R","E","?","E","R","B","B",null],"character_chosen":"DEFECT","items_purchased":["Doom and Gloom","Hologram","Capacitor","Skim","Skim"],"campfire_rested":1,"item_purchase_floors":[4,4,11,11,22],"current_hp_per_floor":[55,44,39,39,39,39,39,39,39,24,24,24,24,24,24,8,55,55,55,34,27,27,27,15,15,15,15,17,17,17,17,38,38,64,65,65,56,58,60,76,76,78,78,78,78,62,62,46,46,46,17],"gold":340,"neow_bonus":"BOSS_RELIC","is_daily":false,"chose_seed":false,"campfire_upgraded":7,"win_rate":0.0,"timestamp":1613343010,"path_taken":["M","M","M","$","?","R","?","R","T","E","?","M","E","?","R","BOSS","M","?","?","M","?","E","?","R","T","R","M","?","?","$","R","BOSS","M","?","M","?","M","E","R","M","T","E","R","E","?","E","R","BOSS","BOSS"],"items_purchased_type":["Card","Card","Card","Card","Card"],"build_version":"2020-12-22","purchased_purges":1,"victory":true,"max_hp_per_floor":[71,71,71,71,71,71,71,71,71,71,71,71,71,71,71,71,71,71,71,71,71,71,71,71,71,71,71,73,73,73,73,73,73,73,77,77,81,83,85,101,101,103,103,103,103,105,100,102,102,102,102],"relic_stats":{"Sozu":5,"Dream Catcher":0,"Inserter":[38],"Singing Bowl":22,"counters":[24,112],"Snecko Eye":[258,221,256,226],"Prayer Wheel":10,"StoneCalendar":[57],"Juzu Bracelet":1,"Letter Opener":[418],"obtain_stats":[{"Inserter":17,"Singing Bowl":26,"Oddly Smooth Stone":13,"Enchiridion":20,"StoneCalendar":10,"Mango":40,"Juzu Bracelet":44,"Letter Opener":23,"Sozu":34,"Dream Catcher":46,"Snecko Eye":0,"Prayer Wheel":9,"Cracked Core":0,"InkBottle":48},{"Inserter":7,"Singing Bowl":11,"Oddly Smooth Stone":6,"Enchiridion":8,"StoneCalendar":4,"Mango":18,"Juzu Bracelet":20,"Letter Opener":10,"Sozu":13,"Dream Catcher":21,"Snecko Eye":0,"Prayer Wheel":3,"Cracked Core":0,"InkBottle":22},{"Inserter":32,"Singing Bowl":47,"Oddly Smooth Stone":25,"Enchiridion":36,"StoneCalendar":21,"Mango":82,"Juzu Bracelet":90,"Letter Opener":43,"Sozu":58,"Dream Catcher":95,"Snecko Eye":0,"Prayer Wheel":15,"Cracked Core":0,"InkBottle":99}],"InkBottle":[10]},"card_choices":[{"not_picked":["Conserve Battery","Cold Snap"],"picked":"Chill","floor":1.0},{"not_picked":["Recycle","Rebound"],"picked":"Barrage","floor":2.0},{"not_picked":["Rebound","Sweeping Beam"],"picked":"Consume","floor":3.0},{"not_picked":["Chaos","FTL"],"picked":"Meteor Strike","floor":10.0},{"not_picked":["Redo","Static Discharge"],"picked":"Double Energy","floor":12.0},{"not_picked":["Force Field","Darkness"],"picked":"Hologram","floor":12.0},{"not_picked":["Redo","Consume"],"picked":"Conserve Battery","floor":13.0},{"not_picked":["Reboot","Seek"],"picked":"Buffer","floor":16.0},{"not_picked":["Gash+1","Stack+1"],"picked":"Reinforced Body","floor":18.0},{"not_picked":["Coolheaded","Cold Snap"],"picked":"Reprogram+1","floor":18.0},{"not_picked":["Rip and Tear","Steam"],"picked":"Sunder+1","floor":21.0},{"not_picked":["Stack","Beam Cell+1"],"picked":"Compile Driver+1","floor":21.0},{"not_picked":["FTL","Biased Cognition","Coolheaded"],"picked":"SKIP","floor":23.0},{"not_picked":["Static Discharge","Reprogram"],"picked":"Doom and Gloom+1","floor":24.0},{"not_picked":["Heatsinks","Steam Power+1","Hello World+1"],"picked":"SKIP","floor":24.0},{"not_picked":["Leap+1","Double Energy","Streamline"],"picked":"Singing Bowl","floor":28.0},{"not_picked":["Aggregate","Heatsinks"],"picked":"Force Field","floor":28.0},{"not_picked":["Core Surge","Amplify"],"picked":"Rainbow","floor":33.0},{"not_picked":["Sweeping Beam","Beam Cell","Go for the Eyes"],"picked":"Singing Bowl","floor":35.0},{"not_picked":["Sweeping Beam","Steam Power+1","Chaos"],"picked":"Singing Bowl","floor":35.0},{"not_picked":["Darkness","Stack+1","Barrage"],"picked":"Singing Bowl","floor":37.0},{"not_picked":["Leap","Go for the Eyes+1","Steam"],"picked":"Singing Bowl","floor":37.0},{"not_picked":["Sweeping Beam","Darkness+1"],"picked":"Force Field+1","floor":38},{"not_picked":["Gash+1","Leap","Sweeping Beam+1"],"picked":"Singing Bowl","floor":38},{"not_picked":["White Noise","Consume","Sweeping Beam"],"picked":"Singing Bowl","floor":39},{"not_picked":["Turbo","Rainbow"],"picked":"Barrage+1","floor":39},{"not_picked":["Aggregate","Self Repair","Leap"],"picked":"Singing Bowl","floor":40},{"not_picked":["Reprogram","Ball Lightning+1","Beam Cell+1"],"picked":"Singing Bowl","floor":42},{"not_picked":["Rebound","Beam Cell+1"],"picked":"Meteor Strike","floor":42},{"not_picked":["Turbo","Rebound"],"picked":"Double Energy","floor":44},{"not_picked":["Consume","Doom and Gloom","Compile Driver"],"picked":"Singing Bowl","floor":46},{"not_picked":["Turbo","Blizzard","Darkness"],"picked":"Singing Bowl","floor":48}],"player_experience":791436,"relics_obtained":[{"floor":9.0,"key":"Prayer Wheel"},{"floor":10.0,"key":"StoneCalendar"},{"floor":13.0,"key":"Oddly Smooth Stone"},{"floor":20.0,"key":"Enchiridion"},{"floor":23.0,"key":"Letter Opener"},{"floor":26.0,"key":"Singing Bowl"},{"floor":40,"key":"Mango"},{"floor":44,"key":"Juzu Bracelet"},{"floor":46,"key":"Dream Catcher"},{"floor":48,"key":"InkBottle"}],"event_choices":[{"damage_healed":0.0,"max_hp_gain":0.0,"max_hp_loss":0.0,"gold_gain":73.0,"event_name":"Golden Wing","player_choice":"Gained Gold","floor":5.0,"gold_loss":0.0,"damage_taken":0.0},{"damage_healed":0.0,"max_hp_gain":0.0,"max_hp_loss":0.0,"gold_gain":0.0,"cards_transformed":["Strike_B"],"event_name":"Living Wall","player_choice":"Change","floor":7.0,"gold_loss":0.0,"damage_taken":0.0,"cards_obtained":["Heatsinks"]},{"damage_healed":0.0,"max_hp_gain":0.0,"max_hp_loss":0.0,"gold_gain":0.0,"cards_transformed":["Strike_B","Strike_B"],"event_name":"Drug Dealer","player_choice":"Became Test Subject","floor":19.0,"gold_loss":0.0,"damage_taken":0.0,"cards_obtained":["Chill","Skim"]},{"damage_healed":0.0,"max_hp_gain":0.0,"max_hp_loss":0.0,"gold_gain":0.0,"event_name":"Cursed Tome","player_choice":"Obtained Book","floor":20.0,"gold_loss":0.0,"damage_taken":21.0},{"damage_healed":0.0,"max_hp_gain":0.0,"max_hp_loss":0.0,"gold_gain":0.0,"event_name":"The Library","player_choice":"Read","floor":29.0,"gold_loss":0.0,"damage_taken":0.0,"cards_obtained":["Aggregate"]},{"damage_healed":0.0,"max_hp_gain":0.0,"max_hp_loss":0.0,"gold_gain":0.0,"event_name":"Vampires","player_choice":"Ignored","floor":30.0,"gold_loss":0.0,"damage_taken":0.0},{"damage_healed":0.0,"max_hp_gain":0.0,"max_hp_loss":0.0,"gold_gain":0.0,"cards_transformed":["Defend_B"],"event_name":"Transmorgrifier","player_choice":"Transformed","floor":36.0,"gold_loss":0.0,"damage_taken":0.0,"cards_obtained":["Machine Learning"]},{"damage_healed":0,"gold_gain":0,"player_choice":"Max HP","damage_taken":0,"max_hp_gain":0,"max_hp_loss":5,"event_name":"Winding Halls","floor":47,"gold_loss":0}],"is_beta":false,"boss_relics":[{"not_picked":["Ectoplasm","Astrolabe"],"picked":"Inserter"},{"not_picked":["Busted Crown","Tiny House"],"picked":"Sozu"}],"items_purged_floors":[22],"is_endless":false,"potions_floor_spawned":[1,12,13,16,23,33,37,39,42,46,48],"ascension_level":20}}