{"host":"nwtxriuk34b069je","time":1613280869,"event":{"mods":["AchievementEnabler","BaseMod","Better Skull","Colored Map","Colored Powertips","Hermit","Minty Spire (QoL Compilation)","Relic Stats","StSLib"],"gold_per_floor":[113,113,113,113,131,131,141,170,220,66,78,98,98,112,112,112,112],"floor_reached":16,"language":"ENG","playtime":466,"items_purged":[],"score":152,"play_id":"ec583440-7232-4334-946c-daa329fcee55","local_time":"20210213233429","is_ascension_mode":false,"campfire_choices":[{"floor":6,"key":"REST"},{"floor":13,"key":"REST"},{"data":"Noxious Fumes","floor":15,"key":"SMITH"}],"circlet_count":0,"master_deck":["Strike_G","Strike_G","Strike_G","Strike_G","Strike_G","Defend_G","Defend_G","Defend_G","Defend_G","Survivor","Neutralize","Deflect","Underhanded Strike","Noxious Fumes+1","Terror","Catalyst","Blur"],"relics":["Ring of the Snake","Happy Flower","Bag of Marbles","Strawberry","TwistedFunnel"],"acts_visited":["Exordium"],"potions_floor_usage":[16],"damage_taken":[{"damage":9,"enemies":"2 Louse","floor":1,"turns":3},{"damage":3,"enemies":"Jaw Worm","floor":5,"turns":3},{"damage":0,"enemies":"Cultist","floor":7,"turns":4},{"damage":19,"enemies":"3 Sentries","floor":8,"turns":7},{"damage":3,"enemies":"Blue Slaver","floor":11,"turns":2},{"damage":6,"enemies":"2 Fungi Beasts","floor":12,"turns":3},{"damage":11,"enemies":"Exordium Wildlife","floor":14,"turns":4},{"damage":57,"enemies":"Slime Boss","floor":16,"turns":9}],"seed_played":"4475322212849434507","potions_obtained":[{"floor":11,"key":"SmokeBomb"},{"floor":12,"key":"Swift Potion"}],"is_trial":true,"path_per_floor":["M","$","?","?","M","R","M","E","T","$","M","M","R","M","R","B"],"character_chosen":"THE_SILENT","items_purchased":["TwistedFunnel"],"campfire_rested":2,"item_purchase_floors":[10],"current_hp_per_floor":[61,61,43,43,40,61,61,42,49,49,46,40,63,52,52,0,0],"gold":112,"neow_bonus":"","is_daily":false,"chose_seed":false,"campfire_upgraded":1,"win_rate":0.0,"timestamp":1613280869,"path_taken":["M","$","?","?","M","R","M","E","T","$","M","M","R","M","R","BOSS"],"items_purchased_type":["Relic"],"build_version":"2020-12-22","purchased_purges":0,"victory":false,"max_hp_per_floor":[70,70,70,70,70,70,70,70,77,77,77,77,77,77,77,77,77],"relic_stats":{"Happy Flower":[10],"counters":[8,35],"obtain_stats":[{"TwistedFunnel":10,"Happy Flower":3,"Strawberry":9,"Bag of Marbles":8,"Ring of the Snake":0},{"TwistedFunnel":4,"Happy Flower":1,"Strawberry":4,"Bag of Marbles":4,"Ring of the Snake":0},{"TwistedFunnel":17,"Happy Flower":3,"Strawberry":17,"Bag of Marbles":17,"Ring of the Snake":0}],"Ring of the Snake":[16]},"card_choices":[{"not_picked":["Backflip","Acrobatics"],"picked":"Deflect","floor":1},{"not_picked":["Finisher","Blade Dance","Quick Slash"],"picked":"SKIP","floor":5},{"not_picked":["Cloak And Dagger","All Out Attack"],"picked":"Noxious Fumes","floor":7},{"not_picked":["Outmaneuver","Footwork"],"picked":"Terror","floor":8},{"not_picked":["Crippling Poison","PiercingWail"],"picked":"Catalyst","floor":11},{"not_picked":["Bullet Time","Dodge and Roll"],"picked":"Blur","floor":12},{"not_picked":["Predator","Dodge and Roll","Masterful Stab"],"picked":"SKIP","floor":14}],"player_experience":551742,"relics_obtained":[{"floor":8,"key":"Bag of Marbles"},{"floor":9,"key":"Strawberry"}],"event_choices":[{"damage_healed":0,"gold_gain":0,"player_choice":"Success","damage_taken":18,"relics_obtained":["Happy Flower"],"max_hp_gain":0,"max_hp_loss":0,"event_name":"Scrap Ooze","floor":3,"gold_loss":0},{"damage_healed":0,"gold_gain":0,"cards_transformed":["Defend_G"],"player_choice":"Change","damage_taken":0,"max_hp_gain":0,"max_hp_loss":0,"event_name":"Living Wall","floor":4,"gold_loss":0,"cards_obtained":["Underhanded Strike"]}],"is_beta":false,"boss_relics":[],"items_purged_floors":[],"is_endless":true,"potions_floor_spawned":[11,12],"killed_by":"Slime Boss","ascension_level":0}}