{"host":"cpsutu8lprjuipd6","time":1613324672,"event":{"mods":["BaseMod","Colored Map","Minty Spire (QoL Compilation)","Permanent Neow","StSLib","SuperFastMode","The Bug Knight","Together in Spire"],"gold_per_floor":[112,126,126,126,145,145,163,178,178,178,252,264,282,282,282,378,378,389,401,420,41,41,41,54,54,54],"floor_reached":25,"language":"KOR","playtime":1337,"items_purged":[],"score":222,"play_id":"e8033890-fc98-420a-925e-d2c37288c1d5","local_time":"20210215024432","is_ascension_mode":false,"campfire_choices":[{"data":"HollowMod:InfectedAttack","floor":6,"key":"SMITH"},{"floor":15,"key":"REST"},{"floor":23,"key":"REST"}],"circlet_count":0,"master_deck":["HollowMod:QuickDashStart","HollowMod:QuickDashStart","HollowMod:QuickDashStart","HollowMod:PogoStrike","HollowMod:DashSlash","HollowMod:VengefulSpirit","HollowMod:DashSlash","HollowMod:WraithStrike","HollowMod:InfectedAttack+1","HollowMod:InfectedAttack","HollowMod:InfectedAttack","HollowMod:InfectedAttack","HollowMod:VengefulSpirit","HollowMod:AbyssShriek","HollowMod:ZotesMagnificence","HollowMod:MonarchWings","HollowMod:NewInfectedGuardian","HollowMod:MonarchWings+1","HollowMod:LifebloodCocoon","HollowMod:SiblingsSouls+1","HollowMod:MothsMistake","Writhe","HollowMod:InfectionAssault"],"relics":["HollowMod:VesselMask","Shuriken","Letter Opener","Runic Pyramid","Blood Vial","Juzu Bracelet","Calipers"],"acts_visited":["Exordium","TheCity"],"potions_floor_usage":[16,20,24,24],"damage_taken":[{"damage":1,"enemies":"Jaw Worm","floor":1,"turns":3},{"damage":0,"enemies":"Cultist","floor":2,"turns":2},{"damage":8,"enemies":"2 Louse","floor":5,"turns":2},{"damage":28,"enemies":"Gremlin Gang","floor":7,"turns":4},{"damage":15,"enemies":"Lots of Slimes","floor":8,"turns":3},{"damage":9,"enemies":"Large Slime","floor":12,"turns":5},{"damage":7,"enemies":"Blue Slaver","floor":13,"turns":2},{"damage":20,"enemies":"Hexaghost","floor":16,"turns":7},{"damage":45,"enemies":"Shell Parasite","floor":18,"turns":6},{"damage":17,"enemies":"Spheric Guardian","floor":19,"turns":4},{"damage":27,"enemies":"Centurion and Healer","floor":20,"turns":9},{"damage":17,"enemies":"Sentry and Sphere","floor":24,"turns":7},{"damage":22,"enemies":"Snecko","floor":25,"turns":3}],"seed_played":"-1360982093192284997","potions_obtained":[{"floor":1,"key":"CultistPotion"},{"floor":8,"key":"LiquidMemories"},{"floor":12,"key":"Energy Potion"},{"floor":13,"key":"Weak Potion"},{"floor":19,"key":"Regen Potion"},{"floor":24,"key":"Fire Potion"}],"is_trial":false,"path_per_floor":["M","M","?","?","M","R","M","M","T","$","T","M","M","?","R","B",null,"M","M","M","$","?","R","M","M"],"character_chosen":"THE_BUGKNIGHT","items_purchased":["HollowMod:MothsMistake","Blood Vial","Juzu Bracelet"],"campfire_rested":2,"item_purchase_floors":[21,21,21],"current_hp_per_floor":[74,74,74,74,66,66,38,23,23,23,23,14,7,7,29,9,75,30,13,1,1,1,23,8,0,0],"gold":54,"neow_bonus":"TRANSFORM_CARD","is_daily":false,"chose_seed":false,"campfire_upgraded":1,"win_rate":0.0,"timestamp":1613324672,"path_taken":["M","M","?","?","M","R","M","M","T","$","?","?","M","?","R","BOSS","M","?","?","$","?","R","M","M"],"items_purchased_type":["Card","Relic","Relic"],"build_version":"2020-12-22","purchased_purges":0,"victory":false,"max_hp_per_floor":[75,75,75,75,75,75,75,75,75,75,75,75,75,75,75,75,75,75,75,75,75,75,75,75,75,75],"card_choices":[{"not_picked":["HollowMod:SoulSplash","HollowMod:SoulStrike"],"picked":"HollowMod:VengefulSpirit","floor":1},{"not_picked":["HollowMod:SoulEater","HollowMod:Grubsong"],"picked":"HollowMod:DashSlash","floor":2},{"not_picked":["HollowMod:BlackTendrils","HollowMod:SharpenedShadows"],"picked":"HollowMod:ShadowDash","floor":5},{"not_picked":["HollowMod:CycloneSlash","HollowMod:SoulEater"],"picked":"HollowMod:VengefulSpirit","floor":7},{"not_picked":["HollowMod:BaldurShell","HollowMod:Grubsong"],"picked":"HollowMod:AbyssShriek","floor":8},{"not_picked":["HollowMod:VengefulVoid","HollowMod:BaldurShell"],"picked":"HollowMod:ZotesMagnificence","floor":12},{"not_picked":["HollowMod:SoulSplash","HollowMod:DoubleDash"],"picked":"HollowMod:MonarchWings","floor":13},{"not_picked":["HollowMod:LordofShades","HollowMod:HornetsHelp"],"picked":"HollowMod:NewInfectedGuardian","floor":16},{"not_picked":["HollowMod:HowlingWraiths","HollowMod:CycloneSlash"],"picked":"HollowMod:MonarchWings+1","floor":18},{"not_picked":["HollowMod:HowlingWraiths","HollowMod:CycloneSlash"],"picked":"HollowMod:LifebloodCocoon","floor":19},{"not_picked":["HollowMod:SoulSplash","HollowMod:VengefulVoid+1"],"picked":"HollowMod:SiblingsSouls+1","floor":20},{"not_picked":["HollowMod:LifebloodCocoon","HollowMod:SiblingsShadow"],"picked":"HollowMod:InfectionAssault","floor":24}],"player_experience":79610,"relics_obtained":[{"floor":9,"key":"Shuriken"},{"floor":11,"key":"Letter Opener"}],"event_choices":[{"damage_healed":0,"gold_gain":0,"cards_transformed":["HollowMod:QuickDashStart"],"player_choice":"Change","damage_taken":0,"max_hp_gain":0,"max_hp_loss":0,"event_name":"Living Wall","floor":3,"gold_loss":0,"cards_obtained":["HollowMod:WraithStrike"]},{"cards_removed":["HollowMod:ShadowDash"],"damage_healed":0,"gold_gain":0,"player_choice":"Purged","damage_taken":0,"max_hp_gain":0,"max_hp_loss":0,"event_name":"Purifier","floor":14,"gold_loss":0},{"damage_healed":0,"gold_gain":0,"player_choice":"Opened","damage_taken":0,"relics_obtained":["Calipers"],"max_hp_gain":0,"max_hp_loss":0,"event_name":"The Mausoleum","floor":22,"gold_loss":0,"cards_obtained":["Writhe"]}],"is_beta":false,"boss_relics":[{"not_picked":["Philosopher\u0027s Stone","Snecko Eye"],"picked":"Runic Pyramid"}],"items_purged_floors":[],"is_endless":false,"potions_floor_spawned":[1,8,12,13,19,24],"killed_by":"Snecko","ascension_level":0}}