{"host":"tpad8qsc9e0g0pa5","time":1613301025,"event":{"mods":["BaseMod","Downfall","Minty Spire (QoL Compilation)","Quick Restart","StSLib"],"gold_per_floor":[114,289,289,304,379,408,408,433,458,484,484,74,94,111,111,215,215,227,227,37,37,56,91,91,91],"floor_reached":24,"language":"ZHS","playtime":2023,"items_purged":["Defend_P","Defend_P"],"score":324,"play_id":"ff9fbd1e-c552-4e25-a3cc-5c87b896db70","local_time":"20210214191025","is_ascension_mode":true,"campfire_choices":[{"floor":7.0,"key":"REST"},{"floor":11.0,"key":"REST"},{"data":"Ragnarok","floor":15.0,"key":"SMITH"}],"circlet_count":0,"master_deck":["Strike_P","Strike_P","Strike_P","Defend_P","Defend_P","Eruption","Vigilance","Crescendo","Halt","Ragnarok+1","FlurryOfBlows","Perseverance","Conclude","Evaluate","CutThroughFate","Blasphemy","CutThroughFate","ClearTheMind","FlurryOfBlows","FlurryOfBlows+1","Omniscience"],"relics":["NeowsBlessing","Toy Ornithopter","Potion Belt","PreservedInsect","Yang","Sundial","Philosopher\u0027s Stone","Nloth\u0027s Gift","Regal Pillow"],"acts_visited":["Exordium","TheCity"],"potions_floor_usage":[24],"damage_taken":[{"damage":0.0,"enemies":"2 Louse","floor":1.0,"turns":1.0},{"damage":0.0,"enemies":"Small Slimes","floor":4.0,"turns":1.0},{"damage":0.0,"enemies":"Lagavulin","floor":6.0,"turns":1.0},{"damage":0.0,"enemies":"Gremlin Nob","floor":8.0,"turns":1.0},{"damage":23.0,"enemies":"Lagavulin","floor":10.0,"turns":3.0},{"damage":0.0,"enemies":"Jaw Worm","floor":13.0,"turns":2.0},{"damage":0.0,"enemies":"Large Slime","floor":14.0,"turns":3.0},{"damage":65.0,"enemies":"The Guardian","floor":16.0,"turns":7.0},{"damage":0.0,"enemies":"Spheric Guardian","floor":18.0,"turns":1.0},{"damage":4.0,"enemies":"Chosen","floor":22.0,"turns":3.0},{"damage":33.0,"enemies":"Book of Stabbing","floor":23.0,"turns":4.0},{"damage":100016,"enemies":"Centurion and Healer","floor":24,"turns":3}],"seed_played":"-391819947623918924","potions_obtained":[{"floor":1.0,"key":"Ambrosia"},{"floor":8.0,"key":"PowerPotion"},{"floor":16.0,"key":"Weak Potion"},{"floor":18.0,"key":"Guardian:BlockOnCardUsePotion"}],"is_trial":false,"path_per_floor":["M","?","?","M","?","E","R","E","T","E","R","$","M","M","R","B",null,"M","?","$","?","M","E","M"],"character_chosen":"WATCHER","items_purchased":["Conclude","Sundial","ClearTheMind","FlurryOfBlows"],"campfire_rested":2,"item_purchase_floors":[12,12,20,20],"current_hp_per_floor":[72,72,65,65,54,54,72,72,72,49,70,70,70,70,70,5,72,72,72,72,72,68,35,0,0],"gold":91,"neow_bonus":"THREE_ENEMY_KILL","is_daily":false,"chose_seed":false,"campfire_upgraded":1,"win_rate":0.0,"timestamp":1613301025,"path_taken":["M","?","?","M","?","E","R","E","T","E","R","$","M","M","R","BOSS","M","?","$","?","?","E","M"],"items_purchased_type":["Card","Relic","Card","Card"],"build_version":"2020-12-22","purchased_purges":2,"victory":false,"max_hp_per_floor":[72,72,72,72,72,72,72,72,72,72,72,72,72,72,72,72,72,72,72,72,72,72,72,72,72],"card_choices":[{"not_picked":["CarveReality","Nirvana"],"picked":"Crescendo","floor":1.0},{"not_picked":["FlurryOfBlows","ThirdEye"],"picked":"Halt","floor":4.0},{"not_picked":["ThirdEye","Protect"],"picked":"Ragnarok","floor":6.0},{"not_picked":["WreathOfFlame","TalkToTheHand"],"picked":"FlurryOfBlows","floor":8.0},{"not_picked":["Crescendo","Study"],"picked":"Perseverance","floor":10.0},{"not_picked":["CutThroughFate","Vengeance"],"picked":"Evaluate","floor":13.0},{"not_picked":["JustLucky","PathToVictory"],"picked":"CutThroughFate","floor":14.0},{"not_picked":["Establishment","DeusExMachina"],"picked":"Blasphemy","floor":16.0},{"not_picked":["Crescendo","SashWhip"],"picked":"CutThroughFate","floor":18.0},{"not_picked":["Nirvana","Wallop"],"picked":"FlurryOfBlows+1","floor":22.0},{"not_picked":["ReachHeaven","EmptyMind"],"picked":"Omniscience","floor":23.0}],"player_experience":388878,"relics_obtained":[{"floor":6.0,"key":"Toy Ornithopter"},{"floor":8.0,"key":"Potion Belt"},{"floor":9.0,"key":"PreservedInsect"},{"floor":10.0,"key":"Yang"},{"floor":23.0,"key":"Regal Pillow"}],"event_choices":[{"damage_healed":0.0,"max_hp_gain":0.0,"max_hp_loss":0.0,"gold_gain":175.0,"event_name":"Liars Game","player_choice":"AGREE","floor":2.0,"gold_loss":0.0,"damage_taken":0.0,"cards_obtained":["Doubt"]},{"cards_removed":["Doubt"],"damage_healed":0.0,"max_hp_gain":0.0,"max_hp_loss":0.0,"gold_gain":0.0,"event_name":"Golden Wing","player_choice":"Card Removal","floor":3.0,"gold_loss":0.0,"damage_taken":7.0},{"damage_healed":0.0,"max_hp_gain":0.0,"max_hp_loss":0.0,"gold_gain":75.0,"event_name":"World of Goop","player_choice":"Gather Gold","floor":5.0,"gold_loss":0.0,"damage_taken":11.0},{"cards_removed":["Strike_P"],"damage_healed":0.0,"max_hp_gain":0.0,"max_hp_loss":0.0,"gold_gain":0.0,"event_name":"Back to Basics","player_choice":"Elegance","floor":19.0,"gold_loss":0.0,"damage_taken":0.0},{"damage_healed":0.0,"max_hp_gain":0.0,"max_hp_loss":0.0,"gold_gain":0.0,"event_name":"N\u0027loth","player_choice":"Traded Relic","floor":21.0,"relics_lost":["PureWater"],"gold_loss":0.0,"damage_taken":0.0,"relics_obtained":["Nloth\u0027s Gift"]}],"is_beta":false,"boss_relics":[{"not_picked":["SacredBark","Empty Cage"],"picked":"Philosopher\u0027s Stone"}],"items_purged_floors":[12,20],"is_endless":false,"potions_floor_spawned":[1,8,16,18],"killed_by":"Centurion and Healer","ascension_level":3}}