{"host":"dcj2yvrgcvh5dl2s","time":1613263742,"event":{"mods":["BaseMod","Bestiary","Better Note","Block Reminder","Colored Powertips","Curses Come First","DeckTracker","Displayed Cursed Tome","Minty Spire (QoL Compilation)","Quick Restart","Rare Cards Sparkle","Relic Stats","StSLib"],"gold_per_floor":[118,268,268,288,313,313,313],"floor_reached":6,"language":"ENG","playtime":297,"items_purged":[],"score":72,"play_id":"5c13893a-583f-4a0f-956c-1e146feba97a","local_time":"20210214104902","is_ascension_mode":true,"campfire_choices":[],"circlet_count":0,"master_deck":["AscendersBane","Strike_R","Strike_R","Strike_R","Strike_R","Strike_R","Defend_R","Defend_R","Defend_R","Defend_R","Bash","Master of Strategy","Whirlwind","Doubt","Body Slam"],"relics":["Burning Blood","Golden Idol"],"acts_visited":["Exordium"],"potions_floor_usage":[],"damage_taken":[{"damage":16,"enemies":"Jaw Worm","floor":1,"turns":4},{"damage":6,"enemies":"2 Louse","floor":4,"turns":2},{"damage":12,"enemies":"Cultist","floor":5,"turns":5},{"damage":32,"enemies":"Gremlin Nob","floor":6,"turns":4}],"seed_played":"-8965154905215533169","potions_obtained":[{"floor":5,"key":"Dexterity Potion"}],"is_trial":false,"path_per_floor":["M","?","?","M","M","E"],"character_chosen":"IRONCLAD","items_purchased":[],"campfire_rested":0,"item_purchase_floors":[],"current_hp_per_floor":[58,58,58,58,52,20,20],"gold":313,"neow_bonus":"RANDOM_COLORLESS_2","is_daily":false,"chose_seed":false,"campfire_upgraded":0,"win_rate":0.0,"timestamp":1613263742,"path_taken":["M","?","?","M","M","E"],"items_purchased_type":[],"build_version":"2020-12-22","purchased_purges":0,"victory":false,"max_hp_per_floor":[68,68,62,62,62,62,62],"relic_stats":{"counters":[4,15],"Golden Idol":9,"obtain_stats":[{"Golden Idol":3,"Burning Blood":0},{"Golden Idol":1,"Burning Blood":0},{"Golden Idol":4,"Burning Blood":0}],"Burning Blood":18},"card_choices":[{"not_picked":["Secret Technique","The Bomb"],"picked":"Master of Strategy","floor":0},{"not_picked":["Pommel Strike","Shockwave"],"picked":"Whirlwind","floor":1},{"not_picked":["Headbutt","Infernal Blade"],"picked":"Body Slam","floor":4},{"not_picked":["Wild Strike","Armaments","Corruption"],"picked":"SKIP","floor":5}],"player_experience":2398957,"relics_obtained":[],"event_choices":[{"damage_healed":0,"gold_gain":150,"player_choice":"AGREE","damage_taken":0,"max_hp_gain":0,"max_hp_loss":0,"event_name":"Liars Game","floor":2,"gold_loss":0,"cards_obtained":["Doubt"]},{"damage_healed":0,"gold_gain":0,"player_choice":"Lose Max HP","damage_taken":0,"relics_obtained":["Golden Idol"],"max_hp_gain":0,"max_hp_loss":6,"event_name":"Golden Idol","floor":3,"gold_loss":0}],"is_beta":false,"boss_relics":[],"items_purged_floors":[],"is_endless":false,"potions_floor_spawned":[5],"killed_by":"Gremlin Nob","ascension_level":20}}