{"host":"fl6c84p0pqwjbhud","time":1613313253,"event":{"mods":["AchievementEnabler","BaseMod","Better Altar","Better Match","Better Note","Better Sensory Stone","Better Skull","Better Third Choice","Better Vampires","Better-Laid Plans","BetterRewards","Colored Map","Defuse TimeMaze Blight","Displayed Cursed Tome","Energized Spire","Highlight Path","Minty Spire (QoL Compilation)","Permanent Neow","Quick Restart","Relic Sorter","StSLib","Synergy Search","Transform Curses"],"gold_per_floor":[112,112,112,124,136,171,183,258,258,284,315,327,339,370,382,494,506,532,469,481,493,519,531,16,16,16,16,43,53,53,78,78,78,78],"floor_reached":33,"language":"ENG","playtime":1043,"items_purged":[],"score":324,"play_id":"17e58d85-57c6-4e31-8b16-60973ed61cf2","local_time":"20210214153413","is_ascension_mode":true,"campfire_choices":[{"floor":12,"key":"REST"},{"floor":15,"key":"REST"},{"floor":23,"key":"REST"},{"data":"Static Discharge","floor":25,"key":"SMITH"},{"data":"Storm","floor":30,"key":"SMITH"},{"data":"Static Discharge","floor":32,"key":"SMITH"}],"circlet_count":0,"master_deck":["Strike_B","Strike_B","Strike_B","Strike_B","Defend_B+1","Defend_B","Defend_B+1","Zap","Dualcast","Go for the Eyes","Cold Snap","Ball Lightning","Ball Lightning","Leap","Beam Cell","Sweeping Beam","Go for the Eyes","Buffer","Ball Lightning+1","Loop","Heatsinks","Storm+1","Self Repair","Static Discharge+1","Self Repair","Ball Lightning+1","Static Discharge+1"],"relics":["Cracked Core","Toy Ornithopter","The Courier","MawBank","energizedSpire:NeverEndingSparkler","Matryoshka","Cauldron","Boot","Eternal Feather","Mummified Hand","Darkstone Periapt"],"acts_visited":["Exordium","TheCity"],"potions_floor_usage":[11,16,28,28,28],"damage_taken":[{"damage":5,"enemies":"Small Slimes","floor":1,"turns":3},{"damage":0,"enemies":"2 Louse","floor":4,"turns":3},{"damage":0,"enemies":"Jaw Worm","floor":5,"turns":3},{"damage":10,"enemies":"3 Sentries","floor":6,"turns":6},{"damage":0,"enemies":"Looter","floor":7,"turns":3},{"damage":7,"enemies":"Blue Slaver","floor":10,"turns":3},{"damage":8,"enemies":"Exordium Wildlife","floor":11,"turns":4},{"damage":9,"enemies":"Large Slime","floor":14,"turns":4},{"damage":29,"enemies":"Slime Boss","floor":16,"turns":9},{"damage":0,"enemies":"Chosen","floor":18,"turns":4},{"damage":22,"enemies":"2 Thieves","floor":22,"turns":4},{"damage":26,"enemies":"Book of Stabbing","floor":28,"turns":3},{"damage":0,"enemies":"Centurion and Healer","floor":29,"turns":5},{"damage":34,"enemies":"Gremlin Leader","floor":31,"turns":4},{"damage":77,"enemies":"Automaton","floor":33,"turns":8}],"seed_played":"3637832801408851184","potions_obtained":[{"floor":1,"key":"FocusPotion"},{"floor":6,"key":"GamblersBrew"},{"floor":11,"key":"ColorlessPotion"},{"floor":14,"key":"FearPotion"},{"floor":18,"key":"BlessingOfTheForge"},{"floor":24,"key":"FocusPotion"}],"is_trial":false,"path_per_floor":["M","?","?","M","M","E","M","?","T","M","M","R","$","M","R","B",null,"M","?","?","T","M","R","$","R","T","$","E","M","R","E","R","B"],"character_chosen":"DEFECT","items_purchased":["Cauldron","PowerPotion","Loop","Heatsinks","Storm","Self Repair","Static Discharge","Self Repair","Fire Potion"],"campfire_rested":3,"item_purchase_floors":[24,24,24,24,24,24,24,24,24],"current_hp_per_floor":[70,55,48,48,48,38,38,27,27,20,17,39,39,30,52,28,75,75,75,75,75,53,75,75,75,75,75,71,75,75,55,70,0,0],"gold":78,"neow_bonus":"THREE_CARDS","is_daily":false,"chose_seed":false,"campfire_upgraded":3,"win_rate":0.0,"timestamp":1613313253,"path_taken":["M","?","?","M","M","E","M","?","T","M","M","R","?","M","R","BOSS","M","?","?","?","M","R","?","R","T","$","E","?","R","E","R","BOSS"],"items_purchased_type":["Relic","Potion","Card","Card","Card","Card","Card","Card","Potion"],"build_version":"2020-12-22","purchased_purges":0,"victory":false,"max_hp_per_floor":[75,75,75,75,75,75,75,75,75,75,75,75,75,75,75,75,75,75,75,75,75,75,75,75,75,75,75,75,75,75,75,75,75,75],"card_choices":[{"not_picked":["Sweeping Beam","Conserve Battery"],"picked":"Go for the Eyes","floor":0},{"not_picked":["Double Energy","Sweeping Beam"],"picked":"Cold Snap","floor":1},{"not_picked":["Compile Driver","Conserve Battery"],"picked":"Ball Lightning","floor":4},{"not_picked":["Reinforced Body","Sunder"],"picked":"Ball Lightning","floor":5},{"not_picked":["Redo","Force Field"],"picked":"Leap","floor":6},{"not_picked":["Auto Shields","Amplify","Steam Power"],"picked":"SKIP","floor":7},{"not_picked":["Rip and Tear","Turbo"],"picked":"Beam Cell","floor":10},{"not_picked":["Darkness","Barrage"],"picked":"Sweeping Beam","floor":11},{"not_picked":["Melter","Streamline"],"picked":"Go for the Eyes","floor":14},{"not_picked":["Multi-Cast","Echo Form"],"picked":"Buffer","floor":16},{"not_picked":["Turbo","Stack"],"picked":"Ball Lightning+1","floor":18},{"not_picked":["Leap+1","Recycle+1","Conserve Battery"],"picked":"SKIP","floor":22},{"not_picked":["Fission","Beam Cell"],"picked":"Ball Lightning+1","floor":28},{"not_picked":["Sunder","Leap","Compile Driver"],"picked":"SKIP","floor":29},{"not_picked":["Force Field","Ball Lightning"],"picked":"Static Discharge","floor":31}],"player_experience":506467,"relics_obtained":[{"floor":6,"key":"The Courier"},{"floor":9,"key":"MawBank"},{"floor":21,"key":"Matryoshka"},{"floor":26,"key":"Boot"},{"floor":26,"key":"Eternal Feather"},{"floor":28,"key":"Mummified Hand"},{"floor":31,"key":"Darkstone Periapt"}],"event_choices":[{"damage_healed":70,"gold_gain":0,"player_choice":"Upgrade","damage_taken":15,"max_hp_gain":0,"max_hp_loss":75,"event_name":"betterThird:BetterShining","floor":2,"gold_loss":0,"cards_upgraded":["Defend_B","Defend_B"]},{"damage_healed":0,"gold_gain":0,"player_choice":"Relic ","damage_taken":7,"max_hp_gain":0,"max_hp_loss":0,"event_name":"betterThird:BetterScrap","floor":3,"gold_loss":0,"cards_obtained":["Vengeance"]},{"damage_healed":0,"gold_gain":75,"player_choice":"Gold","damage_taken":11,"max_hp_gain":0,"max_hp_loss":0,"event_name":"betterThird:BetterGoop","floor":8,"gold_loss":0},{"cards_removed":["Defend_B"],"damage_healed":0,"gold_gain":0,"player_choice":"Gave Gold","damage_taken":0,"max_hp_gain":0,"max_hp_loss":0,"event_name":"Beggar","floor":19,"gold_loss":75},{"damage_healed":0,"gold_gain":0,"player_choice":"Ignored","damage_taken":0,"max_hp_gain":0,"max_hp_loss":0,"event_name":"Ghosts","floor":20,"gold_loss":0}],"is_beta":false,"boss_relics":[{"not_picked":["Fusion Hammer","Calling Bell"],"picked":"energizedSpire:NeverEndingSparkler"}],"items_purged_floors":[],"is_endless":false,"potions_floor_spawned":[1,6,11,14,18],"killed_by":"Automaton","ascension_level":1}}