{"host":"ydg0vn0pu4pubmdt","time":1613283667,"event":{"mods":["AchievementEnabler","BaseMod","Colored Map","Gold Saver","Minty Spire (QoL Compilation)","Quick Restart","SuperFastMode"],"gold_per_floor":[109,259,259,259,20,35,55,55,109,129,145,176,201,226,226,302,352,371,388,405,416,426,426,426,426],"floor_reached":24,"language":"KOR","playtime":949,"items_purged":["Strike_G"],"score":470,"play_id":"d2c230ac-b112-4154-b4c7-c6a1b56958c7","local_time":"20210214152107","is_ascension_mode":true,"campfire_choices":[{"data":"Dagger Spray","floor":8.0,"key":"SMITH"},{"data":"Calculated Gamble","floor":15.0,"key":"SMITH"},{"floor":23.0,"key":"REST"}],"circlet_count":0,"master_deck":["AscendersBane","Strike_G","Strike_G","Strike_G","Strike_G","Defend_G+1","Defend_G","Defend_G","Defend_G","Defend_G","Survivor","Neutralize","Riddle With Holes","Predator","Dagger Spray+1","Calculated Gamble+1","Well Laid Plans","PiercingWail","After Image","Cloak And Dagger","Blur","Escape Plan","Escape Plan"],"relics":["Ring of the Snake","NeowsBlessing","Sundial","Lee\u0027s Waffle","Akabeko","Anchor","Odd Mushroom","Bag of Preparation","Tiny House"],"acts_visited":["Exordium","TheCity"],"potions_floor_usage":[24],"damage_taken":[{"damage":0.0,"enemies":"Small Slimes","floor":1.0,"turns":1.0},{"damage":0.0,"enemies":"2 Louse","floor":6.0,"turns":1.0},{"damage":0.0,"enemies":"Jaw Worm","floor":7.0,"turns":1.0},{"damage":8.0,"enemies":"Exordium Thugs","floor":10.0,"turns":3.0},{"damage":0.0,"enemies":"Large Slime","floor":11.0,"turns":4.0},{"damage":7.0,"enemies":"Lagavulin","floor":12.0,"turns":5.0},{"damage":0.0,"enemies":"The Mushroom Lair","floor":13.0,"turns":2.0},{"damage":0.0,"enemies":"3 Sentries","floor":14.0,"turns":4.0},{"damage":26.0,"enemies":"The Guardian","floor":16.0,"turns":14.0},{"damage":9.0,"enemies":"2 Thieves","floor":18.0,"turns":4.0},{"damage":3.0,"enemies":"3 Byrds","floor":19.0,"turns":4.0},{"damage":10.0,"enemies":"Cultist and Chosen","floor":20.0,"turns":9.0},{"damage":19.0,"enemies":"Snake Plant","floor":21.0,"turns":4.0},{"damage":6.0,"enemies":"Centurion and Healer","floor":22.0,"turns":5.0},{"damage":48,"enemies":"Book of Stabbing","floor":24,"turns":6}],"seed_played":"-6001042087266610752","potions_obtained":[{"floor":6.0,"key":"Fire Potion"},{"floor":7.0,"key":"EntropicBrew"},{"floor":14.0,"key":"SpeedPotion"},{"floor":16.0,"key":"PowerPotion"},{"floor":21.0,"key":"SteroidPotion"},{"floor":22.0,"key":"PowerPotion"}],"is_trial":false,"path_per_floor":["M","?","?","?","$","M","M","R","T","M","M","E","?","E","R","B",null,"M","M","M","M","M","R","E"],"character_chosen":"THE_SILENT","items_purchased":["Lee\u0027s Waffle"],"campfire_rested":1,"item_purchase_floors":[5],"current_hp_per_floor":[59,59,33,26,73,73,73,73,73,65,65,58,58,58,58,32,68,59,56,46,27,21,44,0,0],"gold":426,"neow_bonus":"THREE_ENEMY_KILL","is_daily":false,"chose_seed":false,"campfire_upgraded":2,"win_rate":0.0,"timestamp":1613283667,"path_taken":["M","?","?","?","$","M","M","R","T","M","M","E","?","E","R","BOSS","M","M","M","M","M","R","E"],"items_purchased_type":["Relic"],"build_version":"2020-12-22","purchased_purges":1,"victory":false,"max_hp_per_floor":[66,66,66,66,73,73,73,73,73,73,73,73,73,73,73,73,78,78,78,78,78,78,78,78,78],"card_choices":[{"not_picked":["Bane","Reflex"],"picked":"Riddle With Holes","floor":1.0},{"not_picked":["Backflip","Flying Knee"],"picked":"Predator","floor":6.0},{"not_picked":["Finisher","Footwork"],"picked":"Dagger Spray","floor":7.0},{"not_picked":["Endless Agony","Flechettes"],"picked":"Calculated Gamble","floor":10.0},{"not_picked":["Blade Dance","Dagger Spray"],"picked":"Well Laid Plans","floor":11.0},{"not_picked":["Masterful Stab","Doppelganger","Infinite Blades"],"picked":"SKIP","floor":12.0},{"not_picked":["Riddle With Holes","Caltrops"],"picked":"PiercingWail","floor":13.0},{"not_picked":["Dagger Spray","Well Laid Plans","Slice"],"picked":"SKIP","floor":14.0},{"not_picked":["Unload","Phantasmal Killer"],"picked":"After Image","floor":16.0},{"not_picked":["Dash+1","Poisoned Stab"],"picked":"Cloak And Dagger","floor":18.0},{"not_picked":["Bane","Dodge and Roll+1"],"picked":"Blur","floor":19.0},{"not_picked":["Night Terror","Reflex","Bouncing Flask"],"picked":"SKIP","floor":20.0},{"not_picked":["Underhanded Strike+1","Dagger Throw"],"picked":"Escape Plan","floor":21.0},{"not_picked":["Poisoned Stab+1","Dagger Spray"],"picked":"Escape Plan","floor":22.0}],"player_experience":548582,"relics_obtained":[{"floor":9.0,"key":"Akabeko"},{"floor":12.0,"key":"Anchor"},{"floor":13.0,"key":"Odd Mushroom"},{"floor":14.0,"key":"Bag of Preparation"}],"event_choices":[{"damage_healed":0.0,"max_hp_gain":0.0,"max_hp_loss":0.0,"gold_gain":150.0,"event_name":"Liars Game","player_choice":"AGREE","floor":2.0,"gold_loss":0.0,"damage_taken":0.0,"cards_obtained":["Doubt"]},{"damage_healed":0.0,"max_hp_gain":0.0,"max_hp_loss":0.0,"gold_gain":0.0,"event_name":"Scrap Ooze","player_choice":"Success","floor":3.0,"gold_loss":0.0,"damage_taken":26.0,"relics_obtained":["Sundial"]},{"cards_removed":["Doubt"],"damage_healed":0.0,"max_hp_gain":0.0,"max_hp_loss":0.0,"gold_gain":0.0,"event_name":"Golden Wing","player_choice":"Card Removal","floor":4.0,"gold_loss":0.0,"damage_taken":7.0},{"damage_healed":0.0,"max_hp_gain":0.0,"max_hp_loss":0.0,"gold_gain":0.0,"event_name":"Mushrooms","player_choice":"Fought Mushrooms","floor":13.0,"gold_loss":0.0,"damage_taken":0.0}],"is_beta":false,"boss_relics":[{"not_picked":["Philosopher\u0027s Stone","Runic Dome"],"picked":"Tiny House"}],"items_purged_floors":[5],"is_endless":false,"potions_floor_spawned":[6,7,14,16,18,21,22],"killed_by":"Book of Stabbing","ascension_level":20}}