{"host":"0rxdudjy6rylha1k","time":1613311249,"event":{"mods":["Aspiration","BaseMod","Colored Map","Colored Powertips","Downfall","Highlight Path","Hubris","Minty Spire (QoL Compilation)","StSLib"],"gold_per_floor":[99,115,115,115,51,51,75,86,86,117,164,195,95,95,106,209,209,209,219,235,235,5,30,30,30,44,44,68,85,85,85,95,95,95,95],"floor_reached":33,"language":"ENG","playtime":2337,"items_purged":[],"score":445,"play_id":"3942a3a9-75ce-463e-b4fa-1b2995f75be7","local_time":"20210214070049","is_ascension_mode":true,"campfire_choices":[{"floor":1.0,"key":"RECALL"},{"data":"Slimebound:Split","floor":6.0,"key":"SMITH"},{"data":"Slimebound:Replication","floor":9.0,"key":"SMITH"},{"floor":13.0,"key":"REST"},{"data":"Slimebound:OozeBath","floor":18.0,"key":"SMITH"},{"floor":25.0,"key":"REST"},{"floor":30.0,"key":"REST"}],"circlet_count":0,"master_deck":["AscendersBane","Slimebound:Strike_Slimebound","Slimebound:Strike_Slimebound","Slimebound:Strike_Slimebound","Slimebound:Tackle","Slimebound:Defend_Slimebound","Slimebound:Defend_Slimebound","Slimebound:Defend_Slimebound","Slimebound:Defend_Slimebound","Slimebound:Split+1","Slimebound:CorrosiveSpit","Slimebound:FlameTackle","Slimebound:DisruptingSlam","Slimebound:SamplingLick","Slimebound:Replication+1","Slimebound:Gluttony","Slimebound:LivingWall","Slimebound:Schlurp","Slimebound:OozeBath+1","Slimebound:Nibble","Slimebound:DisruptingSlam","Slimebound:MassFeed","Sadistic Nature","Slimebound:SamplingLick","Slimebound:SplitSpecialist+1","Slimebound:SplitMire","Slimebound:Nibble+1"],"relics":["Slimebound:AbsorbEndCombat","hubris:TenFootPole","hubris:GlazedTorus","Tiny Chest","Potion Belt","downfall:HeartBlessingRed","sneckomod:SneckoTalon","White Beast Statue","hexamod:BolsterEngine"],"acts_visited":["Exordium","TheCity"],"potions_floor_usage":[32,32,33],"damage_taken":[{"damage":3.0,"enemies":"2 Louse","floor":2.0,"turns":4.0},{"damage":11.0,"enemies":"downfall:FleeingMerchant","floor":5.0,"turns":4.0},{"damage":0.0,"enemies":"Cultist","floor":8.0,"turns":4.0},{"damage":30.0,"enemies":"Lagavulin","floor":10.0,"turns":6.0},{"damage":28.0,"enemies":"3 Sentries","floor":12.0,"turns":6.0},{"damage":0.0,"enemies":"Jaw Worm","floor":15.0,"turns":4.0},{"damage":40.0,"enemies":"IC_STATUS_ARCHETYPE","floor":16.0,"turns":10.0},{"damage":17.0,"enemies":"3 Byrds","floor":19.0,"turns":5.0},{"damage":10.0,"enemies":"Spheric Guardian","floor":20.0,"turns":4.0},{"damage":0.0,"enemies":"downfall:FleeingMerchant","floor":22.0,"turns":4.0},{"damage":44.0,"enemies":"Book of Stabbing","floor":23.0,"turns":5.0},{"damage":42.0,"enemies":"Cultist and Chosen","floor":26.0,"turns":7.0},{"damage":3.0,"enemies":"Chosen and Byrds","floor":29.0,"turns":5.0},{"damage":18,"enemies":"Snake Plant","floor":32,"turns":5},{"damage":39,"enemies":"WA_ARCHETYPE_CALM","floor":33,"turns":5}],"seed_played":"-8889643414237431061","potions_obtained":[{"floor":2.0,"key":"champ:CounterPotion"},{"floor":10.0,"key":"LiquidMemories"},{"floor":20.0,"key":"Guardian:BlockOnCardUsePotion"},{"floor":23.0,"key":"BlessingOfTheForge"},{"floor":26.0,"key":"Strength Potion"},{"floor":29.0,"key":"SpeedPotion"},{"floor":32,"key":"FearPotion"}],"is_trial":false,"path_per_floor":["R","M","?","?","$","R","T","M","R","E","T","E","R","?","M","B",null,"R","M","M","?","$","E","T","R","M","?","T","M","R","?","M","B"],"character_chosen":"SLIMEBOUND","items_purchased":["Slimebound:SamplingLick","Sadistic Nature","Slimebound:SamplingLick"],"campfire_rested":3,"item_purchase_floors":[5,22,22],"current_hp_per_floor":[65,66,69,74,65,65,65,71,71,48,48,26,48,48,54,22,61,61,52,46,46,54,18,18,40,7,7,7,15,39,39,25,0,0,0],"gold":95,"neow_bonus":"TEN_PERCENT_HP_BONUS","is_daily":false,"chose_seed":false,"campfire_upgraded":3,"win_rate":0.0,"timestamp":1613311249,"path_taken":["R","M","?","?","$","R","T","?","R","E","?","E","R","?","M","BOSS","R","M","M","?","$","E","T","R","M","?","?","?","R","?","M","BOSS"],"items_purchased_type":["Card","Card","Card"],"build_version":"2020-12-22","purchased_purges":0,"victory":false,"max_hp_per_floor":[71,71,74,74,74,74,74,74,74,74,74,74,74,74,74,74,74,74,74,74,74,74,74,74,74,77,77,77,80,80,80,80,80,80,80],"card_choices":[{"not_picked":["Slimebound:Repurpose","Slimebound:BestDefense"],"picked":"Slimebound:FlameTackle","floor":2.0},{"not_picked":["Slimebound:SlimeSpikes","Slimebound:FirmFortitude"],"picked":"Slimebound:DisruptingSlam","floor":5.0},{"not_picked":["Slimebound:LeechEnergy","Slimebound:SplitLeeching"],"picked":"Slimebound:Replication","floor":8.0},{"not_picked":["Slimebound:Dissolve","Slimebound:DisruptingSlam"],"picked":"Slimebound:Gluttony","floor":10.0},{"not_picked":["Slimebound:HauntingLick","Slimebound:ForwardTackle"],"picked":"Slimebound:LivingWall","floor":12.0},{"not_picked":["Slimebound:Repurpose","Slimebound:Chomp"],"picked":"Slimebound:Schlurp","floor":15.0},{"not_picked":["Slimebound:MassRepurpose","Slimebound:DouseInSlime"],"picked":"Slimebound:OozeBath","floor":16.0},{"not_picked":["Slimebound:GoopTackle","Slimebound:Schlurp"],"picked":"Slimebound:Nibble","floor":19.0},{"not_picked":["Slimebound:PressTheAttack","Slimebound:LeechingTouch"],"picked":"Slimebound:DisruptingSlam","floor":20.0},{"not_picked":["Slimebound:SplitAcid","Slimebound:OneTwoCombo"],"picked":"Slimebound:MassFeed","floor":22.0},{"not_picked":["Slimebound:GoopTackle","Slimebound:ForwardTackle","Slimebound:SlimeTap"],"picked":"SKIP","floor":23.0},{"not_picked":["Slimebound:SlimeBarrage","Slimebound:Nibble"],"picked":"Slimebound:SplitSpecialist+1","floor":26.0},{"not_picked":["Slimebound:SlimeBrawl+1","Slimebound:PressTheAttack"],"picked":"Slimebound:SplitMire","floor":29.0},{"not_picked":["Slimebound:SlimeTap","Slimebound:GoopSpray"],"picked":"Slimebound:Nibble+1","floor":32}],"player_experience":2929321,"relics_obtained":[{"floor":7.0,"key":"hubris:TenFootPole"},{"floor":10.0,"key":"hubris:GlazedTorus"},{"floor":11.0,"key":"Tiny Chest"},{"floor":12.0,"key":"Potion Belt"},{"floor":23.0,"key":"White Beast Statue"},{"floor":28.0,"key":"hexamod:BolsterEngine"}],"event_choices":[],"is_beta":false,"boss_relics":[{"not_picked":["aspiration:SecretTechniqueScroll","Astrolabe"],"picked":"sneckomod:SneckoTalon"}],"items_purged_floors":[],"is_endless":false,"potions_floor_spawned":[2,10,20,23,26,29,32],"killed_by":"WA_ARCHETYPE_CALM","ascension_level":11}}