{"host":"8is2j71l4wmybkoi","time":1613309485,"event":{"mods":["AchievementEnabler","BaseMod","Colored Map","DeckTracker","Minty Spire (QoL Compilation)","Rare Cards Sparkle","Relic Stats","StSLib","SuperFastMode"],"gold_per_floor":[110,110,121,132,150,150,182,182,182,40,51,85,85,95,95,167,167,181,192,192,192,192],"floor_reached":21,"language":"KOR","playtime":845,"items_purged":["Strike_B"],"score":334,"play_id":"1f3a9df4-1c4d-4759-9900-59b11635d124","local_time":"20210214223125","is_ascension_mode":true,"campfire_choices":[{"data":"Zap","floor":6.0,"key":"SMITH"},{"floor":8,"key":"REST"},{"data":"Go for the Eyes","floor":13,"key":"SMITH"},{"data":"Hologram","floor":15,"key":"SMITH"}],"circlet_count":0,"master_deck":["AscendersBane","Strike_B","Strike_B","Strike_B","Defend_B","Defend_B","Defend_B","Defend_B","Zap+1","Dualcast","Coolheaded","Hologram+1","Rebound","Go for the Eyes+1","Ball Lightning","Chaos+1","Capacitor","Self Repair","Cold Snap","Buffer","Chaos+1","Compile Driver"],"relics":["Cracked Core","NeowsBlessing","StrikeDummy","Toxic Egg 2","Kunai","Inserter"],"acts_visited":["Exordium","TheCity"],"potions_floor_usage":[7,16,19],"damage_taken":[{"damage":0.0,"enemies":"Cultist","floor":1.0,"turns":1.0},{"damage":0.0,"enemies":"Jaw Worm","floor":3.0,"turns":1.0},{"damage":0.0,"enemies":"2 Louse","floor":4.0,"turns":1.0},{"damage":8.0,"enemies":"2 Fungi Beasts","floor":5.0,"turns":4.0},{"damage":20,"enemies":"Gremlin Nob","floor":7,"turns":4},{"damage":16,"enemies":"Lots of Slimes","floor":11,"turns":5},{"damage":13,"enemies":"Lagavulin","floor":12,"turns":7},{"damage":8,"enemies":"Blue Slaver","floor":14,"turns":4},{"damage":8,"enemies":"The Guardian","floor":16,"turns":10},{"damage":5,"enemies":"Shell Parasite","floor":18,"turns":8},{"damage":41,"enemies":"2 Thieves","floor":19,"turns":5},{"damage":31,"enemies":"Cultist and Chosen","floor":21,"turns":6}],"seed_played":"-6000375447293458165","potions_obtained":[{"floor":1.0,"key":"Strength Potion"},{"floor":12,"key":"Explosive Potion"},{"floor":14,"key":"LiquidMemories"},{"floor":16,"key":"SpeedPotion"},{"floor":19,"key":"PotionOfCapacity"}],"is_trial":false,"path_per_floor":["M","$","M","M","M","R","E","R","T","$","M","E","R","M","R","B",null,"M","M","?","M"],"character_chosen":"DEFECT","items_purchased":["Chaos+1"],"campfire_rested":1,"item_purchase_floors":[10],"current_hp_per_floor":[64,64,64,64,56,56,36,57,57,57,41,28,28,27,27,26,60,62,28,28,0,0],"gold":192,"neow_bonus":"THREE_ENEMY_KILL","is_daily":false,"chose_seed":false,"campfire_upgraded":3,"win_rate":0.0,"timestamp":1613309485,"path_taken":["M","?","?","M","M","R","E","R","T","$","?","E","R","M","R","BOSS","M","M","?","M"],"items_purchased_type":["Card"],"build_version":"2020-12-22","purchased_purges":1,"victory":false,"max_hp_per_floor":[71,71,71,71,71,71,71,71,71,71,71,71,71,71,71,71,71,71,71,71,71,71],"relic_stats":{"Inserter":[9],"counters":[12,56],"Kunai":[2],"obtain_stats":[{"Inserter":17,"NeowsBlessing":0,"Kunai":12,"Toxic Egg 2":9,"Cracked Core":0,"StrikeDummy":7},{"Inserter":9,"NeowsBlessing":0,"Kunai":7,"Toxic Egg 2":5,"Cracked Core":0,"StrikeDummy":5},{"Inserter":37,"NeowsBlessing":0,"Kunai":23,"Toxic Egg 2":11,"Cracked Core":0,"StrikeDummy":11}]},"card_choices":[{"not_picked":["Barrage","Stack"],"picked":"Coolheaded","floor":1.0},{"not_picked":["Skim","Fusion"],"picked":"Hologram","floor":3.0},{"not_picked":["Coolheaded","Tempest"],"picked":"Rebound","floor":4.0},{"not_picked":["Stack","Turbo"],"picked":"Go for the Eyes","floor":5.0},{"not_picked":["Self Repair","Static Discharge"],"picked":"Ball Lightning","floor":7},{"not_picked":["Conserve Battery+1","Biased Cognition"],"picked":"Capacitor","floor":11},{"not_picked":["Compile Driver","Rip and Tear"],"picked":"Self Repair","floor":12},{"not_picked":["Storm","Gash"],"picked":"Cold Snap","floor":14},{"not_picked":["Hyperbeam","Amplify+1"],"picked":"Buffer","floor":16},{"not_picked":["Static Discharge","Hologram+1"],"picked":"Chaos+1","floor":18},{"not_picked":["Go for the Eyes","Fusion+1"],"picked":"Compile Driver","floor":19}],"player_experience":1209266,"relics_obtained":[{"floor":7,"key":"StrikeDummy"},{"floor":9,"key":"Toxic Egg 2"},{"floor":12,"key":"Kunai"}],"event_choices":[{"damage_healed":0,"gold_gain":0,"player_choice":"Ignored","damage_taken":0,"max_hp_gain":0,"max_hp_loss":0,"event_name":"Vampires","floor":20,"gold_loss":0}],"is_beta":false,"boss_relics":[{"not_picked":["FrozenCore","Astrolabe"],"picked":"Inserter"}],"items_purged_floors":[10],"is_endless":false,"potions_floor_spawned":[1,12,14,16,19],"killed_by":"Cultist and Chosen","ascension_level":15}}