{"host":"sc0o2qwpf9j16a4i","time":1613318197,"event":{"mods":["AchievementEnabler","BaseMod","BetterRewards","Block Reminder","Colored Map","Colored Powertips","Custom Start","Highlight Path","Jorbs\u0027s Wanderer Trilogy","Minty Spire (QoL Compilation)","Relic Stats","StSLib"],"gold_per_floor":[135,135,175,155,220,276,276,307,361,396,6,100,109,155,155,314,314,394,494,494,512,427,472,472,512,593,670,5,54,158,209,209,328,328,411,485,818,834,279,313,385,443,493,587,809,903,903,1000,1000,1000],"floor_reached":51,"language":"ENG","playtime":2191,"items_purged":["Injury"],"score":1575,"play_id":"86d3ca79-20a8-4cff-a4f9-e19421414e8c","local_time":"20210214175637","daily_mods":["Shiny","Vintage","Elite Swarm"],"is_ascension_mode":false,"campfire_choices":[{"floor":15,"key":"REST"},{"data":"Omniscience","floor":24,"key":"SMITH"},{"data":"MasterReality","floor":32,"key":"SMITH"},{"data":"Devotion","floor":49,"key":"SMITH"}],"circlet_count":0,"master_deck":["Brilliance","Devotion+1","LessonLearned+1","Vault+1","Alpha+1","ConjureBlade","MasterReality+1","Blasphemy+1","Ragnarok+1","Scrawl+1","Wish+1","Omniscience+1","SpiritShield+1","DevaForm+1","SpiritShield+1","Scrawl+1","SpiritShield","DeusExMachina+1","Omniscience+1","LessonLearned+1","CrushJoints+1","Omniscience+1","Scrawl+1","Scrawl+1","TalkToTheHand+1","Devotion+1","Omniscience+1","Vault+1","DeusExMachina+1","SpiritShield+1"],"relics":["HolyWater","TeardropLocket","Strawberry","Singing Bowl","Lantern","Nunchaku","CeramicFish","Bottled Tornado","Toxic Egg 2","ClockworkSouvenir","Shuriken","Blood Vial","Sozu","CaptainsWheel","Red Mask","Enchiridion","Prayer Wheel","Damaru","Ornamental Fan","Pear","Toy Ornithopter","Medical Kit","Bag of Preparation","Meat on the Bone","Frozen Egg 2","Thread and Needle","Ginger","WingedGreaves","Happy Flower","StrikeDummy","Sling","Letter Opener","Du-Vu Doll","Eternal Feather","Anchor","Vajra","GoldenEye","Centennial Puzzle","Mango"],"acts_visited":["Exordium","TheCity","TheBeyond"],"potions_floor_usage":[8,10,23,25],"damage_taken":[{"damage":0,"enemies":"Cultist","floor":1,"turns":3},{"damage":8,"enemies":"Small Slimes","floor":3,"turns":3},{"damage":5,"enemies":"2 Louse","floor":5,"turns":3},{"damage":16,"enemies":"Gremlin Nob","floor":6,"turns":4},{"damage":3,"enemies":"3 Sentries","floor":8,"turns":6},{"damage":0,"enemies":"Gremlin Nob","floor":10,"turns":1},{"damage":0,"enemies":"Lagavulin","floor":12,"turns":4},{"damage":10,"enemies":"Looter","floor":14,"turns":3},{"damage":0,"enemies":"The Guardian","floor":16,"turns":4},{"damage":0,"enemies":"Chosen","floor":18,"turns":7},{"damage":0,"enemies":"Masked Bandits","floor":19,"turns":4},{"damage":6,"enemies":"Slavers","floor":23,"turns":4},{"damage":10,"enemies":"Book of Stabbing","floor":25,"turns":3},{"damage":0,"enemies":"Slavers","floor":27,"turns":3},{"damage":2,"enemies":"2 Thieves","floor":29,"turns":2},{"damage":0,"enemies":"Gremlin Leader","floor":30,"turns":3},{"damage":0,"enemies":"Snecko","floor":31,"turns":3},{"damage":0,"enemies":"Champ","floor":33,"turns":4},{"damage":0,"enemies":"3 Shapes","floor":35,"turns":2},{"damage":15,"enemies":"3 Darklings","floor":36,"turns":2},{"damage":0,"enemies":"Spire Growth","floor":38,"turns":2},{"damage":0,"enemies":"Reptomancer","floor":40,"turns":3},{"damage":0,"enemies":"Giant Head","floor":41,"turns":3},{"damage":11,"enemies":"Nemesis","floor":42,"turns":3},{"damage":0,"enemies":"Reptomancer","floor":44,"turns":3},{"damage":14,"enemies":"Nemesis","floor":46,"turns":3},{"damage":0,"enemies":"Reptomancer","floor":48,"turns":5},{"damage":0,"enemies":"Donu and Deca","floor":50,"turns":2}],"seed_played":"8912529785208458631","potions_obtained":[{"floor":1,"key":"SteroidPotion"},{"floor":3,"key":"SkillPotion"},{"floor":4,"key":"DistilledChaos"},{"floor":5,"key":"PowerPotion"},{"floor":16,"key":"BottledMiracle"}],"is_trial":true,"path_per_floor":["M","?","M","?","M","E","?","E","T","E","$","E","?","M","R","B",null,"M","?","?","?","?","E","R","E","T","E","$","M","E","M","R","B",null,"M","M","?","M","$","E","E","E","T","E","?","E","?","E","R","B",null],"character_chosen":"WATCHER","items_purchased":["Toxic Egg 2","ClockworkSouvenir","Medical Kit","TalkToTheHand","Bag of Preparation","Meat on the Bone","Sling","Letter Opener","Devotion+1"],"campfire_rested":1,"item_purchase_floors":[11,11,28,28,28,28,39,39,39],"current_hp_per_floor":[72,72,71,71,66,50,50,47,47,47,47,47,47,37,60,62,79,79,81,65,65,65,61,61,53,63,65,65,65,69,71,71,75,95,95,80,80,82,82,84,86,79,79,83,83,71,71,87,105,107],"gold":1000,"neow_bonus":"","is_daily":false,"chose_seed":false,"campfire_upgraded":3,"win_rate":0.0,"timestamp":1613318197,"path_taken":["M","?","?","?","?","E","?","E","T","E","$","E","?","M","R","BOSS","M","?","?","?","?","E","R","E","T","E","$","M","E","M","R","BOSS","M","M","?","M","$","E","E","E","T","E","?","E","?","E","R","BOSS"],"items_purchased_type":["Relic","Relic","Relic","Card","Relic","Relic","Relic","Relic","Card"],"build_version":"2020-12-22","purchased_purges":1,"victory":true,"max_hp_per_floor":[72,72,79,79,79,79,79,79,79,79,79,79,79,79,79,79,79,79,81,81,81,81,81,81,81,91,91,91,91,93,93,93,95,95,95,95,95,95,95,95,95,97,97,99,99,99,99,113,113,113],"relic_stats":{"Singing Bowl":10,"Happy Flower":[8],"counters":[28,92],"CeramicFish":135,"Eternal Feather":18,"Bag of Preparation":[17],"Ginger":[2],"Letter Opener":[340],"Medical Kit":[1],"GoldenEye":[6],"Blood Vial":32,"Sozu":7,"Nunchaku":[5],"Centennial Puzzle":[0],"Shuriken":[9],"Ornamental Fan":[28],"Prayer Wheel":0,"obtain_stats":[{"Lantern":6,"Singing Bowl":5,"CeramicFish":9,"Enchiridion":20,"Vajra":43,"Mango":48,"Bag of Preparation":28,"TeardropLocket":1,"Ginger":31,"Bottled Tornado":10,"Sling":39,"ClockworkSouvenir":11,"Blood Vial":14,"Sozu":17,"Nunchaku":8,"Centennial Puzzle":46,"Strawberry":3,"Prayer Wheel":22,"WingedGreaves":35,"Red Mask":19,"Toxic Egg 2":11,"Pear":26,"Happy Flower":36,"Golden Idol":13,"Damaru":23,"Thread and Needle":30,"Eternal Feather":41,"Letter Opener":39,"Frozen Egg 2":29,"Medical Kit":28,"GoldenEye":44,"Du-Vu Doll":40,"CaptainsWheel":18,"Anchor":42,"Shuriken":12,"Ornamental Fan":25,"HolyWater":34,"PureWater":0,"StrikeDummy":38,"Toy Ornithopter":27,"Meat on the Bone":28},{"Lantern":4,"Singing Bowl":3,"CeramicFish":5,"Enchiridion":11,"Vajra":24,"Mango":27,"Bag of Preparation":14,"TeardropLocket":1,"Ginger":17,"Bottled Tornado":6,"Sling":21,"ClockworkSouvenir":6,"Blood Vial":8,"Sozu":9,"Nunchaku":5,"Centennial Puzzle":26,"Strawberry":2,"Prayer Wheel":11,"WingedGreaves":19,"Red Mask":11,"Toxic Egg 2":6,"Pear":13,"Happy Flower":20,"Golden Idol":7,"Damaru":12,"Thread and Needle":16,"Eternal Feather":23,"Letter Opener":21,"Frozen Egg 2":15,"Medical Kit":14,"GoldenEye":25,"Du-Vu Doll":22,"CaptainsWheel":10,"Anchor":24,"Shuriken":7,"Ornamental Fan":13,"HolyWater":18,"PureWater":0,"StrikeDummy":21,"Toy Ornithopter":14,"Meat on the Bone":14},{"Lantern":13,"Singing Bowl":9,"CeramicFish":19,"Enchiridion":42,"Vajra":79,"Mango":90,"Bag of Preparation":52,"TeardropLocket":3,"Ginger":60,"Bottled Tornado":20,"Sling":70,"ClockworkSouvenir":20,"Blood Vial":27,"Sozu":31,"Nunchaku":19,"Centennial Puzzle":85,"Strawberry":6,"Prayer Wheel":42,"WingedGreaves":66,"Red Mask":42,"Toxic Egg 2":20,"Pear":49,"Happy Flower":68,"Golden Idol":24,"Damaru":46,"Thread and Needle":57,"Eternal Feather":76,"Letter Opener":70,"Frozen Egg 2":54,"Medical Kit":52,"GoldenEye":82,"Du-Vu Doll":73,"CaptainsWheel":38,"Anchor":79,"Shuriken":24,"Ornamental Fan":49,"HolyWater":64,"PureWater":0,"StrikeDummy":70,"Toy Ornithopter":52,"Meat on the Bone":52}],"Toy Ornithopter":0,"Meat on the Bone":0},"card_choices":[{"not_picked":["Vault","Ragnarok"],"picked":"SpiritShield","floor":6},{"not_picked":["Brilliance","SpiritShield"],"picked":"Scrawl","floor":8},{"not_picked":["Scrawl","MasterReality"],"picked":"SpiritShield","floor":10},{"not_picked":["Alpha+1","Blasphemy+1"],"picked":"DeusExMachina+1","floor":12},{"not_picked":["Establishment","Judgement+1"],"picked":"Omniscience+1","floor":16},{"not_picked":["EmptyFist","Evaluate+1","WindmillStrike"],"picked":"Singing Bowl","floor":19},{"not_picked":["Brilliance","SpiritShield+1"],"picked":"Omniscience+1","floor":23},{"not_picked":["ConjureBlade+1","Devotion"],"picked":"Scrawl+1","floor":25},{"not_picked":["Devotion","Judgement+1"],"picked":"Scrawl+1","floor":27},{"not_picked":["LessonLearned","Blasphemy+1","Scrawl+1"],"picked":"Singing Bowl","floor":30},{"not_picked":["DevaForm+1","Brilliance","Ragnarok"],"picked":"Singing Bowl","floor":33},{"not_picked":["Blasphemy+1","Establishment+1"],"picked":"Omniscience+1","floor":40},{"not_picked":["Scrawl+1","SpiritShield+1"],"picked":"Vault+1","floor":41},{"not_picked":["SpiritShield+1","Vault+1","LessonLearned"],"picked":"Singing Bowl","floor":42},{"not_picked":["DevaForm+1","Establishment+1","Scrawl+1"],"picked":"Singing Bowl","floor":44},{"not_picked":["Ragnarok","Devotion+1"],"picked":"DeusExMachina+1","floor":46},{"not_picked":["Devotion+1","Brilliance"],"picked":"SpiritShield+1","floor":48}],"player_experience":1423036,"relics_obtained":[{"floor":1,"key":"TeardropLocket"},{"floor":3,"key":"Strawberry"},{"floor":5,"key":"Singing Bowl"},{"floor":6,"key":"Lantern"},{"floor":8,"key":"Nunchaku"},{"floor":9,"key":"CeramicFish"},{"floor":10,"key":"Bottled Tornado"},{"floor":12,"key":"Shuriken"},{"floor":14,"key":"Blood Vial"},{"floor":18,"key":"CaptainsWheel"},{"floor":19,"key":"Red Mask"},{"floor":20,"key":"Enchiridion"},{"floor":23,"key":"Damaru"},{"floor":25,"key":"Ornamental Fan"},{"floor":26,"key":"Pear"},{"floor":27,"key":"Toy Ornithopter"},{"floor":29,"key":"Frozen Egg 2"},{"floor":30,"key":"Thread and Needle"},{"floor":31,"key":"Ginger"},{"floor":35,"key":"WingedGreaves"},{"floor":36,"key":"Happy Flower"},{"floor":38,"key":"StrikeDummy"},{"floor":40,"key":"Du-Vu Doll"},{"floor":41,"key":"Eternal Feather"},{"floor":42,"key":"Anchor"},{"floor":43,"key":"Vajra"},{"floor":44,"key":"GoldenEye"},{"floor":46,"key":"Centennial Puzzle"},{"floor":48,"key":"Mango"}],"event_choices":[{"cards_removed":["Judgement"],"damage_healed":0,"gold_gain":0,"player_choice":"Purged","damage_taken":0,"max_hp_gain":0,"max_hp_loss":0,"event_name":"Purifier","floor":2,"gold_loss":0},{"damage_healed":0,"gold_gain":0,"player_choice":"Bought 1 Potion","damage_taken":0,"max_hp_gain":0,"max_hp_loss":0,"event_name":"The Woman in Blue","floor":4,"gold_loss":0},{"damage_healed":0,"gold_gain":0,"player_choice":"Grow","damage_taken":0,"max_hp_gain":0,"max_hp_loss":0,"event_name":"Living Wall","floor":7,"gold_loss":0,"cards_upgraded":["Wish"]},{"damage_healed":0,"gold_gain":0,"player_choice":"Take Wound","damage_taken":0,"relics_obtained":["Golden Idol"],"max_hp_gain":0,"max_hp_loss":0,"event_name":"Golden Idol","floor":13,"gold_loss":0,"cards_obtained":["Injury"]},{"damage_healed":0,"gold_gain":0,"player_choice":"Fought Bandits","damage_taken":0,"max_hp_gain":0,"max_hp_loss":0,"event_name":"Masked Bandits","floor":19,"gold_loss":0},{"damage_healed":0,"gold_gain":0,"player_choice":"Obtained Book","damage_taken":16,"max_hp_gain":0,"max_hp_loss":0,"event_name":"Cursed Tome","floor":20,"gold_loss":0},{"damage_healed":0,"gold_gain":0,"cards_transformed":["Establishment","DeusExMachina"],"player_choice":"Became Test Subject","damage_taken":0,"max_hp_gain":0,"max_hp_loss":0,"event_name":"Drug Dealer","floor":21,"gold_loss":0,"cards_obtained":["LessonLearned","CrushJoints"]},{"damage_healed":0,"gold_gain":0,"player_choice":"Obtained Relic","damage_taken":0,"relics_obtained":["Prayer Wheel"],"max_hp_gain":0,"max_hp_loss":0,"event_name":"Addict","floor":22,"gold_loss":85},{"damage_healed":0,"gold_gain":333,"player_choice":"Gave Idol","damage_taken":0,"max_hp_gain":0,"max_hp_loss":0,"event_name":"The Moai Head","floor":37,"relics_lost":["Golden Idol"],"gold_loss":0},{"damage_healed":0,"gold_gain":222,"player_choice":"Wore Mask","damage_taken":0,"max_hp_gain":0,"max_hp_loss":0,"event_name":"Tomb of Lord Red Mask","floor":45,"gold_loss":0},{"damage_healed":0,"gold_gain":0,"player_choice":"0 cards matched","damage_taken":0,"max_hp_gain":0,"max_hp_loss":0,"event_name":"Match and Keep!","floor":47,"gold_loss":0,"cards_obtained":[]}],"is_beta":false,"boss_relics":[{"not_picked":["Velvet Choker","Runic Dome"],"picked":"Sozu"},{"not_picked":["SacredBark","Runic Pyramid"],"picked":"HolyWater"}],"items_purged_floors":[28],"is_endless":false,"potions_floor_spawned":[1,3,5,16,19,29,33,36,40,42,44],"ascension_level":0}}