{"host":"9ndbo4kgsfoemf7y","time":1613300567,"event":{"mods":["AchievementEnabler","BaseMod","Colored Map","DeckTracker","Keyboard Shortcuts","Minty Spire (QoL Compilation)","Permanent Neow","Quick Restart","Relic Stats","StSLib","SuperFastMode"],"gold_per_floor":[112,126,146,165,184,184,184],"floor_reached":6,"language":"KOR","playtime":224,"items_purged":[],"score":58,"play_id":"6235e301-5f94-4461-b54c-e6b69aa159ce","local_time":"20210214200247","is_ascension_mode":true,"campfire_choices":[],"circlet_count":0,"master_deck":["Strike_B","Strike_B","Strike_B","Strike_B","Defend_B","Defend_B","Defend_B","Defend_B","Zap","Dualcast","Echo Form","Conserve Battery","Stack","Hyperbeam","Steam Power","Turbo"],"relics":["Cracked Core"],"acts_visited":["Exordium"],"potions_floor_usage":[4],"damage_taken":[{"damage":11,"enemies":"Cultist","floor":1,"turns":4},{"damage":8,"enemies":"Jaw Worm","floor":2,"turns":5},{"damage":0,"enemies":"2 Louse","floor":3,"turns":2},{"damage":11,"enemies":"Exordium Thugs","floor":4,"turns":4},{"damage":18,"enemies":"Large Slime","floor":5,"turns":5},{"damage":5,"enemies":"3 Sentries","floor":6,"turns":1}],"seed_played":"7151597637205576874","potions_obtained":[{"floor":3,"key":"SkillPotion"}],"is_trial":false,"path_per_floor":["M","M","M","M","M","E"],"character_chosen":"DEFECT","items_purchased":[],"campfire_rested":0,"item_purchase_floors":[],"current_hp_per_floor":[39,31,31,20,2,0,0],"gold":184,"neow_bonus":"THREE_RARE_CARDS","is_daily":false,"chose_seed":false,"campfire_upgraded":0,"win_rate":0.0,"timestamp":1613300567,"path_taken":["M","M","?","M","M","E"],"items_purchased_type":[],"build_version":"2020-12-22","purchased_purges":0,"victory":false,"max_hp_per_floor":[75,75,75,75,75,75,75],"relic_stats":{"counters":[6,21],"obtain_stats":[{"Cracked Core":0},{"Cracked Core":0},{"Cracked Core":0}]},"card_choices":[{"not_picked":["Rainbow","Reboot"],"picked":"Echo Form","floor":0.0},{"not_picked":["Go for the Eyes","Compile Driver"],"picked":"Conserve Battery","floor":1},{"not_picked":["Fusion","Leap"],"picked":"Stack","floor":2},{"not_picked":["Beam Cell","Stack"],"picked":"Hyperbeam","floor":3},{"not_picked":["Coolheaded","Redo"],"picked":"Steam Power","floor":4},{"not_picked":["Leap","Stack"],"picked":"Turbo","floor":5}],"player_experience":864782,"relics_obtained":[],"event_choices":[],"is_beta":false,"boss_relics":[],"items_purged_floors":[],"is_endless":false,"potions_floor_spawned":[3],"killed_by":"3 Sentries","ascension_level":9}}