{"host":"6xsbn6ynqlzwllfm","time":1613325976,"event":{"mods":["2.2 Compatiblity","BaseMod","Bestiary","Colored Map","Colored Powertips","Curses Come First","Downfall","Highlight Path","Keyboard Shortcuts","Minty Spire (QoL Compilation)","Relic Stats","Slay the Relics Exporter","StSLib","SuperFastMode"],"gold_per_floor":[99,113,126,126,137,237,237,269,93,109,109,162,162,174,192,192,192,192],"floor_reached":16,"language":"ENG","playtime":558,"items_purged":["bronze:Strike"],"score":158,"play_id":"3ee5a0a0-7b2e-4fba-b78f-2a85fb89e55b","local_time":"20210214130616","is_ascension_mode":true,"campfire_choices":[{"data":"bronze:Goto","floor":1,"key":"SMITH"},{"floor":13,"key":"REST"}],"circlet_count":0,"master_deck":["AscendersBane","bronze:Strike","bronze:Strike","bronze:Strike","bronze:Defend","bronze:Defend","bronze:Defend","bronze:Defend","bronze:Replicate","bronze:Goto+1","bronze:CloningBeam","bronze:Overheat","bronze:WhirlingStrike","bronze:OilSpill","bronze:CutThrough","bronze:NullPointer","bronze:Frontload","bronze:InfiniteLoop"],"relics":["bronze:BronzeCore","bronze:Mallet","Happy Flower","Regal Pillow","Singing Bowl","Bag of Marbles"],"acts_visited":["Exordium"],"potions_floor_usage":[8],"damage_taken":[{"damage":1,"enemies":"Cultist","floor":2,"turns":4},{"damage":13,"enemies":"Small Slimes","floor":3,"turns":4},{"damage":3,"enemies":"2 Louse","floor":5,"turns":3},{"damage":25,"enemies":"3 Sentries","floor":8,"turns":4},{"damage":10,"enemies":"downfall:FleeingMerchant","floor":9,"turns":4},{"damage":5,"enemies":"Large Slime","floor":10,"turns":5},{"damage":0,"enemies":"downfall:LooterAlt","floor":14,"turns":2},{"damage":0,"enemies":"3 Louse","floor":15,"turns":2},{"damage":51,"enemies":"WA_ARCHETYPE_RETAIN","floor":16,"turns":6}],"seed_played":"-9008580632211633782","potions_obtained":[{"floor":3,"key":"LiquidBronze"},{"floor":5,"key":"SkillPotion"}],"is_trial":false,"path_per_floor":["R","M","M","T","M","?","T","E","$","M","?","T","R","M","M","B"],"character_chosen":"THE_AUTOMATON","items_purchased":["bronze:NullPointer","bronze:Frontload"],"campfire_rested":1,"item_purchase_floors":[9,9],"current_hp_per_floor":[70,69,56,56,53,53,53,28,18,13,1,1,39,41,43,0,0,0],"gold":192,"neow_bonus":"TEN_PERCENT_HP_BONUS","is_daily":false,"chose_seed":false,"campfire_upgraded":1,"win_rate":0.0,"timestamp":1613325976,"path_taken":["R","M","M","?","M","?","T","E","$","M","?","?","R","M","M","BOSS"],"items_purchased_type":["Card","Card"],"build_version":"2020-12-22","purchased_purges":1,"victory":false,"max_hp_per_floor":[77,77,77,77,77,77,77,77,77,77,77,77,77,79,81,81,81,81],"relic_stats":{"Regal Pillow":15,"Happy Flower":[7],"Singing Bowl":4,"counters":[9,34],"obtain_stats":[{"Regal Pillow":8,"bronze:BronzeCore":0,"Happy Flower":7,"Singing Bowl":11,"Bag of Marbles":12,"bronze:Mallet":4},{"Regal Pillow":4,"bronze:BronzeCore":0,"Happy Flower":3,"Singing Bowl":6,"Bag of Marbles":6,"bronze:Mallet":2},{"Regal Pillow":15,"bronze:BronzeCore":0,"Happy Flower":11,"Singing Bowl":24,"Bag of Marbles":24,"bronze:Mallet":8}]},"card_choices":[{"not_picked":["bronze:Separator","bronze:WildBeam"],"picked":"bronze:CloningBeam","floor":2},{"not_picked":["bronze:BitShift","bronze:FollowUp"],"picked":"bronze:Overheat","floor":3},{"not_picked":["bronze:BuggyMess","bronze:BronzeOrb"],"picked":"bronze:WhirlingStrike","floor":5},{"not_picked":["bronze:InfiniteLoop","bronze:Overheat"],"picked":"bronze:OilSpill","floor":8},{"not_picked":["bronze:FollowUp","bronze:BronzeOrb"],"picked":"bronze:CutThrough","floor":9},{"not_picked":["bronze:Overheat","bronze:CutThrough","bronze:InfiniteLoop"],"picked":"SKIP","floor":10},{"not_picked":["bronze:Overheat","bronze:CutThrough"],"picked":"bronze:InfiniteLoop","floor":10},{"not_picked":["bronze:Philosophize","bronze:Terminator","bronze:BronzeOrb"],"picked":"Singing Bowl","floor":14},{"not_picked":["bronze:Allocate","bronze:BuggyMess","bronze:Shield"],"picked":"Singing Bowl","floor":15}],"player_experience":1780315,"relics_obtained":[{"floor":4,"key":"bronze:Mallet"},{"floor":7,"key":"Happy Flower"},{"floor":8,"key":"Regal Pillow"},{"floor":12,"key":"Bag of Marbles"}],"event_choices":[{"damage_healed":0,"gold_gain":0,"player_choice":"Success","damage_taken":12,"relics_obtained":["Singing Bowl"],"max_hp_gain":0,"max_hp_loss":0,"event_name":"Scrap Ooze","floor":11,"gold_loss":0}],"is_beta":false,"boss_relics":[],"items_purged_floors":[9],"is_endless":false,"potions_floor_spawned":[3,5],"killed_by":"WA_ARCHETYPE_RETAIN","ascension_level":11}}