{"host":"kpyoctgc7jne3jiy","time":1613308073,"event":{"mods":["AchievementEnabler","BaseMod","Downfall","Minty Spire (QoL Compilation)","Relic Stats","StSLib"],"gold_per_floor":[99,118,135,74,74,174,174,199,216,86,236,136,136,149,159,258,258,258,268,268,281,281,291,291,317,332,332,332,332],"floor_reached":27,"language":"ENG","playtime":1736,"items_purged":[],"score":258,"play_id":"61585fc8-8b88-4ad0-a91f-f8caa8e24f65","local_time":"20210214140753","is_ascension_mode":false,"campfire_choices":[{"data":"hexamod:Sear","floor":1.0,"key":"SMITH"},{"data":"hexamod:SoulSteal","floor":12.0,"key":"SMITH"},{"data":"hexamod:BurningTouch","floor":18.0,"key":"SMITH"}],"circlet_count":0,"master_deck":["hexamod:Strike","hexamod:Strike","hexamod:Strike","hexamod:Strike","hexamod:Defend","hexamod:Defend","hexamod:Defend","hexamod:Defend","hexamod:Sear+1","hexamod:Float","hexamod:HauntingEcho","hexamod:Hexaguard","hexamod:GhostOfSpirePast","hexamod:BurningTouch+1","hexamod:TimeOfNeed","hexamod:ExtraCrispy","hexamod:NightmareGuise","hexamod:SoulSteal+1","hexamod:Incineration","hexamod:FastForward","hexamod:Again","hexamod:ForkedFlame","hexamod:FourthSeal","hexamod:HeatMetal+1","downfall:Icky","downfall:Bewildered","hexamod:PhantomCloak"],"relics":["hexamod:SpiritBrand","Omamori","downfall:HeartBlessingBlue","Philosopher\u0027s Stone","downfall:ExtraCursedKey","Bottled Tornado","Regal Pillow"],"acts_visited":["Exordium","TheCity"],"potions_floor_usage":[23,27],"damage_taken":[{"damage":4.0,"enemies":"Cultist","floor":2.0,"turns":4.0},{"damage":0.0,"enemies":"Small Slimes","floor":3.0,"turns":3.0},{"damage":5.0,"enemies":"downfall:FleeingMerchant","floor":4.0,"turns":4.0},{"damage":19.0,"enemies":"Gremlin Nob","floor":8.0,"turns":4.0},{"damage":0.0,"enemies":"2 Louse","floor":9.0,"turns":4.0},{"damage":3.0,"enemies":"downfall:FleeingMerchant","floor":10.0,"turns":4.0},{"damage":0.0,"enemies":"Exordium Wildlife","floor":14.0,"turns":4.0},{"damage":4.0,"enemies":"3 Louse","floor":15.0,"turns":4.0},{"damage":57.0,"enemies":"WA_ARCHETYPE_RETAIN","floor":16.0,"turns":11.0},{"damage":0.0,"enemies":"Shell Parasite","floor":19.0,"turns":3.0},{"damage":0.0,"enemies":"Chosen","floor":21.0,"turns":3.0},{"damage":15,"enemies":"Shelled Parasite and Fungi","floor":23,"turns":5},{"damage":32,"enemies":"Book of Stabbing","floor":25,"turns":4},{"damage":21,"enemies":"Snake Plant","floor":26,"turns":3},{"damage":33,"enemies":"Chosen and Byrds","floor":27,"turns":4}],"seed_played":"5408120530451993026","potions_obtained":[{"floor":3.0,"key":"Regen Potion"},{"floor":8.0,"key":"Energy Potion"},{"floor":15.0,"key":"sneckomod:MuddlingPotion"},{"floor":23,"key":"hexamod:DoubleChargePotion"}],"is_trial":false,"path_per_floor":["R","M","M","$","?","?","T","E","M","$","?","R","?","M","M","B",null,"R","M","?","M","?","M","T","E","M","M"],"character_chosen":"THE_SPIRIT","items_purchased":["hexamod:BurningTouch","hexamod:SoulSteal","hexamod:Incineration"],"campfire_rested":0,"item_purchase_floors":[4,10,10],"current_hp_per_floor":[77,73,73,68,73,73,73,54,54,51,51,61,84,84,80,23,92,92,92,92,92,92,86,86,54,33,0,0,0],"gold":332,"neow_bonus":"TEN_PERCENT_HP_BONUS","is_daily":false,"chose_seed":false,"campfire_upgraded":3,"win_rate":0.0,"timestamp":1613308073,"path_taken":["R","M","?","$","?","?","T","E","M","?","?","R","?","M","M","BOSS","R","M","?","M","?","M","T","E","M","M"],"items_purchased_type":["Card","Card","Card"],"build_version":"2020-12-22","purchased_purges":0,"victory":false,"max_hp_per_floor":[77,77,77,77,82,82,82,82,82,82,82,92,92,92,92,92,92,92,92,92,92,92,92,92,92,92,92,92,92],"relic_stats":{"Regal Pillow":0,"counters":[15,64],"obtain_stats":[{"Regal Pillow":25,"downfall:HeartBlessingBlue":12,"Philosopher\u0027s Stone":17,"downfall:ExtraCursedKey":20,"Omamori":8,"Bottled Tornado":24,"hexamod:SpiritBrand":0},{"Regal Pillow":13,"downfall:HeartBlessingBlue":6,"Philosopher\u0027s Stone":9,"downfall:ExtraCursedKey":10,"Omamori":4,"Bottled Tornado":12,"hexamod:SpiritBrand":0},{"Regal Pillow":57,"downfall:HeartBlessingBlue":23,"Philosopher\u0027s Stone":42,"downfall:ExtraCursedKey":45,"Omamori":15,"Bottled Tornado":53,"hexamod:SpiritBrand":0}]},"card_choices":[{"not_picked":["hexamod:InspiringFlames","hexamod:Firestarter"],"picked":"hexamod:HauntingEcho","floor":2.0},{"not_picked":["hexamod:AdvancingGuard","hexamod:BacktrackSmack"],"picked":"hexamod:Hexaguard","floor":3.0},{"not_picked":["hexamod:SpectralAdrenaline","hexamod:BurningTouch"],"picked":"hexamod:GhostOfSpirePast","floor":4.0},{"not_picked":["hexamod:ThermalTransfer","hexamod:RainOfEmbers"],"picked":"hexamod:TimeOfNeed","floor":8.0},{"not_picked":["hexamod:PhantomCloak","hexamod:NightmareGuise"],"picked":"hexamod:ExtraCrispy","floor":9.0},{"not_picked":["hexamod:HauntingEcho","hexamod:BacktrackSmack"],"picked":"hexamod:NightmareGuise","floor":10.0},{"not_picked":["hexamod:AdvancingGuard","hexamod:NightmareGuise"],"picked":"hexamod:FastForward","floor":14.0},{"not_picked":["hexamod:NightmareGuise","hexamod:PhantomCloak"],"picked":"hexamod:Again","floor":15.0},{"not_picked":["hexamod:FifthSeal","hexamod:TimeOfNeed"],"picked":"hexamod:ForkedFlame","floor":16.0},{"not_picked":["hexamod:SpectersWail","hexamod:NightmareGuise","hexamod:EtherealExpedition+1"],"picked":"SKIP","floor":19.0},{"not_picked":["hexamod:ThermalTransfer","hexamod:ChargedBarrage+1"],"picked":"hexamod:FourthSeal","floor":21.0},{"not_picked":["hexamod:RainOfEmbers","hexamod:StepThrough+1"],"picked":"hexamod:HeatMetal+1","floor":23},{"not_picked":["hexamod:GhostflameBarrier","hexamod:InspiringFlames+1"],"picked":"hexamod:PhantomCloak","floor":25},{"not_picked":["hexamod:ThermalTransfer","hexamod:SixthSeal","hexamod:SkipABeat"],"picked":"SKIP","floor":26}],"player_experience":367722,"relics_obtained":[{"floor":8.0,"key":"Omamori"},{"floor":24,"key":"Bottled Tornado"},{"floor":25,"key":"Regal Pillow"}],"event_choices":[{"damage_healed":0.0,"max_hp_gain":5.0,"max_hp_loss":0.0,"gold_gain":0.0,"event_name":"Big Fish","player_choice":"Donut","floor":5.0,"gold_loss":0.0,"damage_taken":0.0},{"damage_healed":23.0,"max_hp_gain":0.0,"max_hp_loss":0.0,"gold_gain":0.0,"event_name":"Mushrooms","player_choice":"Healed and dodged fight","floor":13.0,"gold_loss":0.0,"damage_taken":0.0,"cards_obtained":["Parasite"]}],"is_beta":false,"boss_relics":[{"not_picked":["SacredBark","Runic Dome"],"picked":"Philosopher\u0027s Stone"}],"items_purged_floors":[],"is_endless":false,"potions_floor_spawned":[3,8,15,16,21,23],"killed_by":"Chosen and Byrds","ascension_level":0}}