{"host":"vw6sldmsahkmfptr","time":1613263578,"event":{"mods":["BaseMod","BetterRewards","Hubris","Infinite Spire","Minty Spire (QoL Compilation)","StSLib"],"gold_per_floor":[136,311,311,341,191,191,239,269,269,365,420,479,508,78,78,173,173,187,187,232,232,232,265,280,312,338,365,418,457,497,507,507,611,611,647,658,239,239,249,249,281,281,326,338,410,422,468,499,511,539,551,574,586,356,356,366,366,376,376,376,392,392,392,392,401,401,527,527,535,135,140,140,136,136,149,155,204,303,327,340,30,33,33,99,99,102,183,188,31,35,37,37,26,26,26,44,44,86,147,147,233,233,265,39,49,49,56,56,56,58,58,58,79,2,12,58,58,133,133,170,170,170,175,188,211,211,255,255,281,281,293,300,302,302,347,347,358,258,258,258,480,480,510,510,534,558,562,596,596,596,596,647,647,647,64,84,252],"floor_reached":158,"language":"ENG","playtime":6300,"items_purged":["Strike_R","Defend_R","Strike_R","Doubt","Strike_R","Strike_R"],"score":5816,"play_id":"db7fbba7-8bc9-4339-8845-745a4de1be0c","local_time":"20210213194618","is_ascension_mode":true,"campfire_choices":[{"data":"Infernal Blade","floor":6.0,"key":"SMITH"},{"data":"HandOfGreed","floor":15.0,"key":"SMITH"},{"data":"hubris:Fate","floor":32.0,"key":"SMITH"},{"data":"Limit Break","floor":40.0,"key":"SMITH"},{"data":"Barricade","floor":42.0,"key":"SMITH"},{"data":"Dark Embrace","floor":44.0,"key":"SMITH"},{"data":"Disarm","floor":46.0,"key":"SMITH"},{"floor":49,"key":"REST"},{"data":"Armaments","floor":57,"key":"SMITH"},{"data":"Exhume","floor":59,"key":"SMITH"},{"data":"Shrug It Off","floor":63,"key":"SMITH"},{"data":"Inflame","floor":66,"key":"SMITH"},{"data":"Panacea","floor":74,"key":"SMITH"},{"data":"Shrug It Off","floor":83,"key":"SMITH"},{"data":"Shrug It Off","floor":95,"key":"SMITH"},{"data":"infinitespire:FutureSight","floor":100,"key":"SMITH"},{"data":"Double Tap","floor":108,"key":"SMITH"},{"data":"Bash","floor":112,"key":"SMITH"},{"data":"Defend_R","floor":117,"key":"SMITH"},{"data":"Searing Blow+1","floor":126,"key":"SMITH"},{"data":"Searing Blow+2","floor":130,"key":"SMITH"},{"data":"Searing Blow+3","floor":134,"key":"SMITH"},{"data":"infinitespire:FutureSight","floor":142,"key":"SMITH"},{"floor":149,"key":"DIG"},{"floor":151,"key":"DIG"},{"floor":154,"key":"DIG"}],"circlet_count":0,"master_deck":["infinitespire:SevenWalls+1","Bash+1","Inflame+1","Shrug It Off+1","HandOfGreed+1","Pommel Strike+1","Exhume+1","Infernal Blade+1","infinitespire:TheBestDefense+1","Clothesline+1","Shrug It Off+1","Limit Break+1","Pommel Strike+1","Dark Embrace+1","Barricade+1","Whirlwind+1","hubris:Fate+1","Reaper+1","Shrug It Off+1","Panacea+1","infinitespire:FutureSight+1","Double Tap+1","Searing Blow+4","Bloodletting+1","infinitespire:DeathsTouch+1","infinitespire:FutureSight+1","infinitespire:Collect"],"relics":["Black Blood","CaptainsWheel","Mango","Paper Frog","MealTicket","Red Skull","Shuriken","Vajra","ClockworkSouvenir","Ancient Tea Set","Lee\u0027s Waffle","Dead Branch","Ice Cream","Molten Egg 2","Tiny Chest","Medical Kit","Letter Opener","hubris:GlazedTorus","Bottled Flame","Smiling Mask","Singing Bowl","DollysMirror","Sozu","SlaversCollar","hubris:AstralHammer","Sundial","Pantograph","Pen Nib","infinitespire:Satchel","hubris:TerracottaHorce","Self Forming Clay","Regal Pillow","MawBank","infinitespire:Lucky Rock","hubris:Metronome","White Beast Statue","Black Star","infinitespire:EmpoweringShard","Mummified Hand","Toy Ornithopter","HornCleat","Juzu Bracelet","HandDrill","Strawberry","infinitespire:Bottled Soul","Mercury Hourglass","hubris:ToyBattleship","Red Mask","hubris:SlimyHat","PreservedInsect","Lantern","Omamori","hubris:HollowSoul","Bottled Tornado","OrangePellets","Gremlin Horn","infinitespire:Beetle Shell","hubris:SphereOfDissonance","Oddly Smooth Stone","Bag of Preparation","infinitespire:Joker Card","hubris:Backtick","Membership Card","hubris:OldNail","Champion Belt","infinitespire:BottledMercury","Question Card","Blood Vial","Orichalcum","Bag of Marbles","Whetstone","Astrolabe","MutagenicStrength","Anchor","Matryoshka","Dream Catcher","hubris:DeckOfHolding","Ornamental Fan","Centennial Puzzle","Empty Cage","hubris:Towel","hubris:TinFlute","Art of War","hubris:FruitBowl","hubris:EvacipatedBox","hubris:TenFootPole","Bronze Scales","hubris:ChampionShield","Happy Flower","hubris:KleinBottle","hubris:MobiusCoin","Shovel","hubris:DisguiseKit","The Courier","Blue Candle","Fusion Hammer","infinitespire:Midas Blood","Brimstone","hubris:IronBody","hubris:PeanutButter","Du-Vu Doll","Darkstone Periapt","Meat on the Bone","infinitespire:FocusingShard","Eternal Feather"],"acts_visited":[],"potions_floor_usage":[],"damage_taken":[{"damage":7.0,"enemies":"2 Louse","floor":1.0,"turns":2.0},{"damage":11.0,"enemies":"Jaw Worm","floor":4.0,"turns":4.0},{"damage":0.0,"enemies":"Lagavulin","floor":7.0,"turns":3.0},{"damage":0.0,"enemies":"Small Slimes","floor":8.0,"turns":3.0},{"damage":0.0,"enemies":"3 Sentries","floor":10.0,"turns":4.0},{"damage":16.0,"enemies":"Exordium Wildlife","floor":12.0,"turns":4.0},{"damage":0.0,"enemies":"Gremlin Nob","floor":13.0,"turns":4.0},{"damage":37.0,"enemies":"Hexaghost","floor":16.0,"turns":4.0},{"damage":15.0,"enemies":"2 Thieves","floor":18.0,"turns":3.0},{"damage":0.0,"enemies":"Spheric Guardian","floor":20.0,"turns":2.0},{"damage":0.0,"enemies":"Book of Stabbing","floor":23.0,"turns":5.0},{"damage":15.0,"enemies":"Snake Plant","floor":24.0,"turns":2.0},{"damage":28.0,"enemies":"Gremlin Leader","floor":25.0,"turns":4.0},{"damage":0.0,"enemies":"Nightmare","floor":28.0,"turns":4.0},{"damage":2.0,"enemies":"Shelled Parasite and Fungi","floor":29.0,"turns":4.0},{"damage":0.0,"enemies":"Centurion and Healer","floor":30.0,"turns":2.0},{"damage":6.0,"enemies":"Snake Plant","floor":31.0,"turns":2.0},{"damage":0.0,"enemies":"hubris:MusketHawk","floor":33.0,"turns":3.0},{"damage":20.0,"enemies":"3 Shapes","floor":35.0,"turns":4.0},{"damage":16.0,"enemies":"3 Darklings","floor":36.0,"turns":3.0},{"damage":1.0,"enemies":"Transient","floor":39.0,"turns":5.0},{"damage":0.0,"enemies":"Nemesis","floor":41.0,"turns":3.0},{"damage":15.0,"enemies":"Reptomancer","floor":45.0,"turns":3.0},{"damage":6.0,"enemies":"Nemesis","floor":47.0,"turns":3.0},{"damage":33.0,"enemies":"4 Shapes","floor":48.0,"turns":3.0},{"damage":14,"enemies":"Time Eater","floor":50,"turns":4},{"damage":24,"enemies":"Jaw Worm","floor":52,"turns":2},{"damage":0,"enemies":"Small Slimes","floor":56,"turns":1},{"damage":0,"enemies":"Cultist","floor":58,"turns":1},{"damage":0,"enemies":"Gremlin Nob","floor":61,"turns":1},{"damage":0,"enemies":"Red Slaver","floor":65,"turns":1},{"damage":0,"enemies":"Slime Boss","floor":67,"turns":1},{"damage":6,"enemies":"3 Byrds","floor":69,"turns":2},{"damage":0,"enemies":"Shell Parasite","floor":71,"turns":1},{"damage":0,"enemies":"Shelled Parasite and Fungi","floor":73,"turns":3},{"damage":36,"enemies":"Snake Plant","floor":75,"turns":2},{"damage":6,"enemies":"Gremlin Leader","floor":76,"turns":3},{"damage":2,"enemies":"Masked Bandits","floor":79,"turns":2},{"damage":4,"enemies":"Slavers","floor":80,"turns":2},{"damage":8,"enemies":"Chosen and Byrds","floor":82,"turns":2},{"damage":0,"enemies":"hubris:MusketHawk","floor":84,"turns":2},{"damage":0,"enemies":"3 Darklings","floor":86,"turns":3},{"damage":0,"enemies":"Orb Walker","floor":88,"turns":1},{"damage":0,"enemies":"Jaw Worm Horde","floor":90,"turns":1},{"damage":11,"enemies":"Giant Head","floor":91,"turns":2},{"damage":7,"enemies":"Writhing Mass","floor":92,"turns":2},{"damage":0,"enemies":"Maw","floor":93,"turns":2},{"damage":0,"enemies":"Jaw Worm Horde","floor":96,"turns":1},{"damage":12,"enemies":"Nemesis","floor":98,"turns":3},{"damage":6,"enemies":"infinitespire:Three Voidlings","floor":99,"turns":2},{"damage":39,"enemies":"Nightmare_Alpha","floor":99,"turns":4},{"damage":18,"enemies":"Time Eater","floor":101,"turns":2},{"damage":3,"enemies":"Small Slimes","floor":103,"turns":1},{"damage":0,"enemies":"Cultist","floor":105,"turns":1},{"damage":0,"enemies":"Jaw Worm","floor":107,"turns":1},{"damage":0,"enemies":"Large Slime","floor":110,"turns":1},{"damage":0,"enemies":"Lagavulin","floor":113,"turns":1},{"damage":5,"enemies":"2 Fungi Beasts","floor":115,"turns":1},{"damage":0,"enemies":"Gremlin Nob","floor":116,"turns":1},{"damage":0,"enemies":"Hexaghost","floor":118,"turns":2},{"damage":0,"enemies":"Spheric Guardian","floor":120,"turns":1},{"damage":0,"enemies":"Chosen","floor":123,"turns":1},{"damage":0,"enemies":"Snake Plant","floor":124,"turns":1},{"damage":0,"enemies":"Gremlin Leader","floor":125,"turns":1},{"damage":0,"enemies":"Slavers","floor":127,"turns":1},{"damage":0,"enemies":"Shelled Parasite and Fungi","floor":131,"turns":1},{"damage":0,"enemies":"Cultist and Chosen","floor":132,"turns":1},{"damage":6,"enemies":"Centurion and Healer","floor":133,"turns":1},{"damage":0,"enemies":"infinitespire:LordOfFortification","floor":135,"turns":5},{"damage":0,"enemies":"3 Darklings","floor":137,"turns":1},{"damage":0,"enemies":"Reptomancer","floor":143,"turns":1},{"damage":0,"enemies":"Giant Head","floor":146,"turns":1},{"damage":0,"enemies":"3 Shapes","floor":147,"turns":1},{"damage":0,"enemies":"Writhing Mass","floor":148,"turns":1},{"damage":56,"enemies":"infinitespire:LordOfFortification","floor":152,"turns":3},{"damage":0,"enemies":"Shield and Spear","floor":156,"turns":1},{"damage":0,"enemies":"The Heart","floor":157,"turns":5}],"seed_played":"-6281472894428976648","potions_obtained":[{"floor":4.0,"key":"BloodPotion"},{"floor":7.0,"key":"ElixirPotion"},{"floor":10.0,"key":"PowerPotion"}],"is_trial":false,"path_per_floor":["M","?","?","M","$","R","E","M","T","?","T","M","E","$","R","B",null,"M","?","M","AVR","?","E","M","E","T","T","NM","M","M","M","R","B",null,"M","M","$","?","M","R","E","R","T","R","E","R","E","M","R","B",null,"M","?","$","?","M","R","M","R","T","E","T","R","AVR","M","R","B",null,"M","$","M","?","M","R","M","E","T","?","?","E","$","M","R","B",null,"M","T","M","$","M","E","M","M","T","R","M","?","E","?","R","B",null,"M","$","M","?","M","R","T","M","T","R","E","$","M","E","R","B",null,"M","?","?","M","M","E","R","E","T","T","R","M","M","M","R","B",null,"M","NS","AVR","?","?","R","E","$","T","E","M","M","R","T","R","B",null,"R","$","E","B",null],"character_chosen":"IRONCLAD","items_purchased":["Paper Frog","MealTicket","Shuriken","Vajra","ClockworkSouvenir","Inflame","Shrug It Off","Ancient Tea Set","Lee\u0027s Waffle","Ice Cream","HandOfGreed","Molten Egg 2","Tiny Chest","Pommel Strike+1","Exhume","Medical Kit","Limit Break","DollysMirror","Dark Embrace","Self Forming Clay","Shrug It Off","Disarm","infinitespire:EmpoweringShard","HandDrill","Strawberry","Panacea","Lantern","Omamori","OrangePellets","hubris:OldNail","Champion Belt","Orichalcum","hubris:FruitBowl","hubris:EvacipatedBox","hubris:TenFootPole","Bronze Scales","hubris:ChampionShield","Happy Flower","hubris:KleinBottle","Brimstone","hubris:IronBody","hubris:PeanutButter","Du-Vu Doll","Darkstone Periapt","Meat on the Bone"],"campfire_rested":1,"item_purchase_floors":[0,0,0,0,0,0,0,0,0,0,0,0,0,0,0,0,14,14,14,37,37,37,54,70,70,70,81,81,89,104,104,114,144,144,144,144,144,144,144,155,155,155,155,155,155],"current_hp_per_floor":[100,100,74,69,84,84,90,96,96,101,101,91,99,103,103,72,103,96,96,102,102,81,89,82,62,62,62,68,74,82,84,84,117,122,110,102,117,105,112,112,120,120,120,120,113,113,115,88,136,130,136,132,132,140,140,142,142,144,144,144,146,146,146,146,146,146,148,148,150,157,159,159,161,161,150,158,158,158,167,169,169,171,171,173,173,175,175,177,177,179,181,183,185,185,185,187,189,191,193,193,187,192,195,195,197,200,202,202,202,204,204,204,206,206,208,210,210,212,212,214,214,214,216,218,220,220,222,222,222,222,224,226,228,228,230,230,232,232,232,232,232,232,234,137,137,154,171,243,243,243,243,202,235,235,246,249,252],"gold":252,"neow_bonus":"","is_daily":false,"chose_seed":false,"campfire_upgraded":22,"win_rate":0.0,"timestamp":1613263578,"path_taken":["M","?","?","M","$","R","E","M","T","?","?","M","E","?","R","BOSS","M","?","M","AVR","?","E","M","E","T","?","NM","M","M","?","R","BOSS","M","M","$","?","M","R","E","R","T","R","E","R","E","?","R","BOSS","M","?","$","?","M","R","?","R","T","E","?","R","AVR","M","R","BOSS","M","$","M","?","M","R","M","E","T","?","?","E","$","M","R","BOSS","M","?","M","$","M","E","M","M","T","R","M","?","E","?","R","BOSS","M","$","M","?","M","R","?","M","T","R","E","?","M","E","R","BOSS","M","?","?","M","M","E","R","E","T","?","R","M","M","M","R","BOSS","M","NS","AVR","?","?","R","E","?","T","E","M","M","R","?","R","BOSS","R","$","E","BOSS"],"items_purchased_type":["Relic","Relic","Relic","Relic","Relic","Card","Card","Relic","Relic","Relic","Card","Relic","Relic","Card","Card","Relic","Card","Relic","Card","Relic","Card","Card","Relic","Relic","Relic","Card","Relic","Relic","Relic","Relic","Relic","Relic","Relic","Relic","Relic","Relic","Relic","Relic","Relic","Relic","Relic","Relic","Relic","Relic","Relic"],"build_version":"2020-12-22","purchased_purges":6,"victory":true,"max_hp_per_floor":[101,101,101,101,101,101,101,101,101,101,101,101,103,103,103,103,103,105,105,105,105,110,112,114,116,116,116,116,118,120,122,122,124,124,126,128,128,128,130,130,132,132,132,132,134,134,136,136,136,138,138,140,140,140,140,142,142,144,144,144,146,146,146,146,146,146,148,148,150,157,159,159,161,161,163,165,165,165,167,169,169,171,171,173,173,175,175,177,177,179,181,183,185,185,185,187,189,191,193,193,193,193,195,195,197,200,202,202,202,204,204,204,206,206,208,210,210,212,212,214,214,214,216,218,220,220,222,222,222,222,224,226,228,228,230,230,232,232,232,232,232,232,234,234,234,237,240,243,243,243,243,246,246,246,246,249,252],"card_choices":[{"not_picked":["Bloodletting","Armaments"],"picked":"Infernal Blade","floor":1.0},{"not_picked":["infinitespire:Gouge","infinitespire:DeathsTouch"],"picked":"infinitespire:TheBestDefense","floor":3.0},{"not_picked":["Thunderclap+1","hubris:ReadiedAction"],"picked":"Clothesline+1","floor":4.0},{"not_picked":["Clothesline+1","Body Slam+1"],"picked":"Shrug It Off","floor":7.0},{"not_picked":["Sword Boomerang+1","Infernal Blade","Flex"],"picked":"SKIP","floor":8.0},{"not_picked":["Pummel+1","Thunderclap+1"],"picked":"Armaments","floor":10.0},{"not_picked":["Wild Strike+1","Thunderclap+1","Combust"],"picked":"SKIP","floor":12.0},{"not_picked":["Demon Form","Clothesline+1","Berserk"],"picked":"Singing Bowl","floor":13.0},{"not_picked":["Brutality","Reaper+1"],"picked":"Barricade","floor":16.0},{"not_picked":["Sever Soul+1","Twin Strike+1","Pommel Strike+1"],"picked":"Singing Bowl","floor":18.0},{"not_picked":["Sever Soul+1","Infernal Blade"],"picked":"Whirlwind+1","floor":20.0},{"not_picked":["Havoc+1","Rampage+1","Burning Pact"],"picked":"Singing Bowl","floor":23.0},{"not_picked":["Body Slam+1","Heavy Blade+1","Havoc"],"picked":"Singing Bowl","floor":24.0},{"not_picked":["Sever Soul+1","Cleave+1","Rampage+1"],"picked":"Singing Bowl","floor":25.0},{"not_picked":["Battle Trance","Rupture"],"picked":"Reaper+1","floor":28.0},{"not_picked":["Anger+1","Havoc","Ghostly Armor+1"],"picked":"Singing Bowl","floor":29.0},{"not_picked":["infinitespire:OneForAll+1","Armaments","Body Slam+1"],"picked":"Singing Bowl","floor":30.0},{"not_picked":["Intimidate","Rage+1","Armaments"],"picked":"Singing Bowl","floor":31.0},{"not_picked":["Immolate+1","Reaper+1","Brutality"],"picked":"Singing Bowl","floor":33.0},{"not_picked":["Reckless Charge+1","Wild Strike+1","Flex+1"],"picked":"Singing Bowl","floor":35.0},{"not_picked":["Warcry+1","Twin Strike+1","Searing Blow+1"],"picked":"Singing Bowl","floor":36.0},{"not_picked":["Perfected Strike+1","Disarm+1","Thunderclap+1"],"picked":"Singing Bowl","floor":39.0},{"not_picked":["Twin Strike+1","Anger+1","Thunderclap+1"],"picked":"Singing Bowl","floor":41.0},{"not_picked":["Intimidate+1","Burning Pact+1","Ghostly Armor"],"picked":"Singing Bowl","floor":45.0},{"not_picked":["Dropkick+1","Clash+1","True Grit+1"],"picked":"Singing Bowl","floor":47.0},{"not_picked":["Feed+1","Juggernaut","Immolate+1"],"picked":"Singing Bowl","floor":50},{"not_picked":["Anger+1","Perfected Strike+1","Inflame"],"picked":"Singing Bowl","floor":52},{"not_picked":["Warcry","Anger+1","Flex"],"picked":"Singing Bowl","floor":56},{"not_picked":["Headbutt+1","Flex","Cleave+1"],"picked":"Singing Bowl","floor":58},{"not_picked":["Reaper+1","Cleave+1","True Grit"],"picked":"Singing Bowl","floor":61},{"not_picked":["Warcry","Flex"],"picked":"hubris:CleavingFinish+1","floor":65},{"not_picked":["Brutality","Feed+1","hubris:StunningStrike+1"],"picked":"Singing Bowl","floor":67},{"not_picked":["Twin Strike+1","Havoc","Power Through"],"picked":"Singing Bowl","floor":69},{"not_picked":["Reckless Charge+1","Power Through","Armaments"],"picked":"Singing Bowl","floor":71},{"not_picked":["Body Slam+1","Burning Pact","Iron Wave+1"],"picked":"Singing Bowl","floor":73},{"not_picked":["Sever Soul+1","Shrug It Off","Heavy Blade+1"],"picked":"Singing Bowl","floor":75},{"not_picked":["Rampage+1","Clash+1","Uppercut+1"],"picked":"Singing Bowl","floor":76},{"not_picked":["Perfected Strike+1","Sword Boomerang+1","Flex"],"picked":"Singing Bowl","floor":79},{"not_picked":["Cleave+1","Juggernaut","Spot Weakness"],"picked":"Singing Bowl","floor":80},{"not_picked":["Havoc+1","Twin Strike+1","Iron Wave+1"],"picked":"Singing Bowl","floor":82},{"not_picked":["Limit Break","Juggernaut","Fiend Fire+1"],"picked":"Singing Bowl","floor":84},{"not_picked":["Ghostly Armor","Disarm+1","Thunderclap+1"],"picked":"Singing Bowl","floor":86},{"not_picked":["Fire Breathing+1","Body Slam+1","Sever Soul+1"],"picked":"Singing Bowl","floor":88},{"not_picked":["Fire Breathing","Headbutt+1","Flame Barrier"],"picked":"Singing Bowl","floor":90},{"not_picked":["hubris:SharpeningStone+1","Metallicize","Flame Barrier"],"picked":"Singing Bowl","floor":91},{"not_picked":["Anger+1","Thunderclap+1","Evolve+1"],"picked":"Singing Bowl","floor":92},{"not_picked":["Thunderclap+1","Havoc+1","Evolve"],"picked":"Singing Bowl","floor":93},{"not_picked":["Second Wind","Heavy Blade+1","Hemokinesis+1"],"picked":"Singing Bowl","floor":96},{"not_picked":["PanicButton","hubris:Insight","Dark Shackles"],"picked":"Singing Bowl","floor":97},{"not_picked":["Sentinel+1","Flex","True Grit+1"],"picked":"Singing Bowl","floor":98},{"not_picked":["infinitespire:NeuralNetwork","hubris:InfiniteBlow"],"picked":"infinitespire:FutureSight","floor":99},{"not_picked":["Flex+1","Perfected Strike+1","Wild Strike+1"],"picked":"Singing Bowl","floor":99},{"not_picked":["Exhume","Fiend Fire+1"],"picked":"Double Tap","floor":101},{"not_picked":["True Grit","Shrug It Off","Infernal Blade"],"picked":"Singing Bowl","floor":103},{"not_picked":["Dark Embrace","Anger+1","Clash+1"],"picked":"Singing Bowl","floor":105},{"not_picked":["Battle Trance","Perfected Strike+1","Reckless Charge+1"],"picked":"Singing Bowl","floor":107},{"not_picked":["Ghostly Armor","Body Slam+1","Seeing Red"],"picked":"Singing Bowl","floor":110},{"not_picked":["Second Wind","Body Slam+1","Intimidate"],"picked":"Singing Bowl","floor":113},{"not_picked":["Flex","hubris:CleavingFinish+1","hubris:ReadiedAction","hubris:SharpeningStone"],"picked":"Singing Bowl","floor":115},{"not_picked":["Intimidate","Heavy Blade+1","Body Slam+1","Shrug It Off"],"picked":"Singing Bowl","floor":116},{"not_picked":["Brutality","Feed+1","Immolate+1","Barricade"],"picked":"Singing Bowl","floor":118},{"not_picked":["Clash+1","Headbutt+1","hubris:ReadiedAction","True Grit"],"picked":"Singing Bowl","floor":120},{"not_picked":["Warcry+1","hubris:ReadiedAction","Armaments","Evolve"],"picked":"Singing Bowl","floor":123},{"not_picked":["Havoc+1","Perfected Strike+1","Blood for Blood+1","Second Wind"],"picked":"Singing Bowl","floor":124},{"not_picked":["Ghostly Armor","Exhume","Flex","Clothesline+1"],"picked":"Singing Bowl","floor":125},{"not_picked":["Twin Strike+1","hubris:StunningStrike+1","Clothesline+1","True Grit"],"picked":"Singing Bowl","floor":127},{"not_picked":["Body Slam+1","Heavy Blade+1","Perfected Strike+1","Wild Strike+1"],"picked":"Singing Bowl","floor":131},{"not_picked":["Sword Boomerang+1","Seeing Red","Shrug It Off","Clothesline+1"],"picked":"Singing Bowl","floor":132},{"not_picked":["Clothesline+1","Bloodletting","Shrug It Off","hubris:CleavingFinish+1"],"picked":"Singing Bowl","floor":133},{"not_picked":["Demon Form","Limit Break","Offering","Double Tap"],"picked":"Singing Bowl","floor":135},{"not_picked":["Sever Soul+1","Rampage+1","Burning Pact+1","Metallicize+1"],"picked":"Singing Bowl","floor":137},{"not_picked":["Pommel Strike+1","Brutality","Power Through","Bludgeon+1"],"picked":"Singing Bowl","floor":143},{"not_picked":["hubris:Fate","infinitespire:NeuralNetwork"],"picked":"infinitespire:Collect","floor":144},{"not_picked":["Thunderclap+1","Armaments","Rupture","Pummel+1"],"picked":"Singing Bowl","floor":146},{"not_picked":["True Grit+1","Warcry+1","Pummel+1","Thunderclap+1","Dagger Throw"],"picked":"Singing Bowl","floor":147},{"not_picked":["Dropkick+1","Uppercut+1","Spot Weakness","Clothesline+1","Slice"],"picked":"Singing Bowl","floor":148},{"not_picked":["hubris:StunningStrike+1","Berserk","Double Tap","Reaper+1","Envenom"],"picked":"Singing Bowl","floor":152},{"not_picked":["Exhume","Sword Boomerang+1","Thunderclap+1","Flame Barrier+1","Acrobatics"],"picked":"Singing Bowl","floor":156},{"not_picked":["Juggernaut","hubris:StunningStrike+1","Barricade","Bludgeon+1","Storm of Steel"],"picked":"Singing Bowl","floor":157}],"player_experience":346424,"relics_obtained":[{"floor":7.0,"key":"Letter Opener"},{"floor":9.0,"key":"hubris:GlazedTorus"},{"floor":10.0,"key":"Bottled Flame"},{"floor":11.0,"key":"Smiling Mask"},{"floor":13.0,"key":"Singing Bowl"},{"floor":23.0,"key":"Sundial"},{"floor":25.0,"key":"Pantograph"},{"floor":26.0,"key":"Pen Nib"},{"floor":27.0,"key":"infinitespire:Satchel"},{"floor":41.0,"key":"Regal Pillow"},{"floor":43.0,"key":"MawBank"},{"floor":45.0,"key":"infinitespire:Lucky Rock"},{"floor":47.0,"key":"hubris:Metronome"},{"floor":48,"key":"White Beast Statue"},{"floor":60,"key":"Mummified Hand"},{"floor":61,"key":"Toy Ornithopter"},{"floor":61,"key":"HornCleat"},{"floor":62,"key":"Juzu Bracelet"},{"floor":76,"key":"infinitespire:Bottled Soul"},{"floor":76,"key":"Mercury Hourglass"},{"floor":77,"key":"hubris:ToyBattleship"},{"floor":79,"key":"Red Mask"},{"floor":80,"key":"hubris:SlimyHat"},{"floor":80,"key":"PreservedInsect"},{"floor":87,"key":"Bottled Tornado"},{"floor":91,"key":"Gremlin Horn"},{"floor":91,"key":"infinitespire:Beetle Shell"},{"floor":94,"key":"hubris:SphereOfDissonance"},{"floor":98,"key":"Oddly Smooth Stone"},{"floor":98,"key":"Bag of Preparation"},{"floor":99,"key":"infinitespire:Joker Card"},{"floor":111,"key":"infinitespire:BottledMercury"},{"floor":113,"key":"Question Card"},{"floor":113,"key":"Blood Vial"},{"floor":116,"key":"Bag of Marbles"},{"floor":116,"key":"Whetstone"},{"floor":125,"key":"Anchor"},{"floor":127,"key":"Matryoshka"},{"floor":128,"key":"Dream Catcher"},{"floor":128,"key":"hubris:DeckOfHolding"},{"floor":129,"key":"Ornamental Fan"},{"floor":129,"key":"Centennial Puzzle"},{"floor":143,"key":"hubris:TinFlute"},{"floor":143,"key":"Art of War"},{"floor":145,"key":"hubris:MobiusCoin"},{"floor":146,"key":"Shovel"},{"floor":146,"key":"hubris:DisguiseKit"},{"floor":150,"key":"The Courier"},{"floor":151,"key":"Blue Candle"},{"floor":154,"key":"infinitespire:Midas Blood"},{"floor":156,"key":"infinitespire:FocusingShard"},{"floor":156,"key":"Eternal Feather"}],"event_choices":[{"damage_healed":0.0,"max_hp_gain":0.0,"max_hp_loss":0.0,"gold_gain":175.0,"event_name":"Liars Game","player_choice":"AGREE","floor":2.0,"gold_loss":0.0,"damage_taken":0.0,"cards_obtained":["Doubt"]},{"damage_healed":0.0,"max_hp_gain":0.0,"max_hp_loss":0.0,"gold_gain":0.0,"event_name":"Dead Adventurer","player_choice":"Searched \u00271\u0027 times","floor":10.0,"gold_loss":0.0,"damage_taken":0.0},{"damage_healed":0.0,"max_hp_gain":0.0,"max_hp_loss":0.0,"gold_gain":0.0,"event_name":"Beggar","player_choice":"Ignored","floor":19.0,"gold_loss":0.0,"damage_taken":0.0},{"damage_healed":0.0,"max_hp_gain":5.0,"max_hp_loss":0.0,"gold_gain":0.0,"event_name":"Forgotten Altar","player_choice":"Shed Blood","floor":22.0,"gold_loss":0.0,"damage_taken":26.0},{"damage_healed":0.0,"max_hp_gain":0.0,"max_hp_loss":0.0,"gold_gain":0.0,"event_name":"Wheel of Change","player_choice":"Damaged","floor":38.0,"gold_loss":0.0,"damage_taken":12.0},{"damage_healed":0,"gold_gain":0,"player_choice":"Grow","damage_taken":0,"max_hp_gain":0,"max_hp_loss":0,"event_name":"Living Wall","floor":53,"gold_loss":0,"cards_upgraded":["infinitespire:TheBestDefense"]},{"damage_healed":0,"gold_gain":0,"player_choice":"Leave","damage_taken":0,"max_hp_gain":0,"max_hp_loss":0,"event_name":"The Cleric","floor":55,"gold_loss":0},{"damage_healed":0,"gold_gain":0,"player_choice":"Bought 0 Potions","damage_taken":0,"max_hp_gain":0,"max_hp_loss":0,"event_name":"The Woman in Blue","floor":72,"gold_loss":0},{"damage_healed":0,"gold_gain":99,"player_choice":"Stole From Cult","damage_taken":0,"max_hp_gain":0,"max_hp_loss":0,"event_name":"Nest","floor":78,"gold_loss":0},{"damage_healed":0,"gold_gain":0,"player_choice":"Fought Bandits","damage_taken":0,"max_hp_gain":0,"max_hp_loss":0,"event_name":"Masked Bandits","floor":79,"gold_loss":0},{"damage_healed":0,"gold_gain":0,"player_choice":"Memory 1","damage_taken":0,"max_hp_gain":0,"max_hp_loss":0,"event_name":"SensoryStone","floor":97,"gold_loss":0},{"damage_healed":0,"gold_gain":0,"player_choice":"Inject Mutagens","damage_taken":0,"relics_obtained":["MutagenicStrength"],"max_hp_gain":0,"max_hp_loss":0,"event_name":"Drug Dealer","floor":121,"gold_loss":0},{"cards_removed":["Ghostly Armor"],"damage_healed":0,"gold_gain":0,"player_choice":"Offered Uncommon","damage_taken":0,"max_hp_gain":0,"max_hp_loss":0,"event_name":"Bonfire Elementals","floor":122,"gold_loss":0},{"damage_healed":0,"gold_gain":222,"player_choice":"Wore Mask","damage_taken":0,"max_hp_gain":0,"max_hp_loss":0,"event_name":"Tomb of Lord Red Mask","floor":141,"gold_loss":0}],"is_beta":false,"boss_relics":[{"not_picked":["hubris:CrackedHourglass","Pandora\u0027s Box"],"picked":"Sozu"},{"not_picked":["hubris:ScarierMask","hubris:BlackHole"],"picked":"hubris:TerracottaHorce"},{"not_picked":["hubris:VirtuousBlindfold","Runic Pyramid"],"picked":"Black Star"},{"not_picked":["Cursed Key","Tiny House"],"picked":"Black Blood"},{"not_picked":["Velvet Choker","Runic Dome"],"picked":"hubris:HollowSoul"},{"not_picked":["Snecko Eye","hubris:GrandSneckoEye"],"picked":"hubris:Backtick"},{"not_picked":["Velvet Choker","hubris:CrackedHourglass"],"picked":"Astrolabe"},{"not_picked":["Snecko Eye","infinitespire:Cupcake"],"picked":"Empty Cage"},{"not_picked":["Philosopher\u0027s Stone","Tiny House","hubris:BlackHole"],"picked":"Fusion Hammer"}],"items_purged_floors":[0,0,0,5,14,37],"is_endless":true,"potions_floor_spawned":[4,7,10,13,18,25,28,30,31,36,39,47,48,52,56,58,61,65,67,69,71,73,75,76,79,80,82,84,86,88,90,91,92,93,96,98,99,99,101,103,105,107,110,113,115,116,118,120,123,124,125,127,131,132,133,135,137,143,146,147,148,152,156,157],"ascension_level":6}}