{"host":"g9q0id8dc4dugrmw","time":1613301857,"event":{"mods":["BaseMod","Colored Map","Downfall","Marisa£®ÏF”Í°°ƒß¿Ì…≥£©","Minty Spire (QoL Compilation)","READ ME - Guardian Mod","Remilia£®¿Ÿ√◊¿Ú—«£©","Replay The Spire","StSLib","The Construct","The Cursed","The Runesmith","The Senshi","The Servant 0.9.4"],"gold_per_floor":[16,16,39,60,60,60,99,122,171,171,16,31,31,54,54,179,279,300,321,372,435,448,448,448,523,523,523,613,613,632,656,656,776,776,797,797,897,911,997,997,1082,1082,1163,577,640,550,550,598,598,598],"floor_reached":51,"language":"ZHS","playtime":4848,"items_purged":["Pot Of Greed"],"score":675,"play_id":"73d51e35-efe8-4d44-ba6d-3eb261029c65","local_time":"20210214192417","is_ascension_mode":false,"campfire_choices":[{"data":"JA","floor":6,"key":"SMITH"},{"data":"EarthLightRay","floor":10,"key":"SMITH"},{"floor":13,"key":"REST"},{"data":"OrrerysSun","floor":15,"key":"SMITH"},{"data":"MillisecondPulsars","floor":23,"key":"SMITH"},{"data":"MagicChant","floor":27,"key":"SMITH"},{"data":"FinalSpark","floor":29,"key":"SMITH"},{"floor":32,"key":"REST"},{"data":"CollectingQuirk","floor":40,"key":"SMITH"},{"data":"BinaryStars","floor":42,"key":"SMITH"}],"circlet_count":0,"master_deck":["Strike_MRS","Strike_MRS","Strike_MRS","Strike_MRS","Defend_MRS","Defend_MRS+1","Defend_MRS","Defend_MRS","MasterSpark","UpSweep","JA+1","ShootingEcho+1","EarthLightRay+1","LuminesStrike","OrrerysSun+1","Pot Of Greed","DeepEcoloBomb","CollectingQuirk+1","MillisecondPulsars+1","WitchOfGreed","WitchOfGreed+1","FinalSpark+1","SporeBomb","MagicChant+1","Pot Of Greed","GasGiant+1","OpenUniverse+1","BinaryStars+1","Injury","Hallucinations","AbsoluteMagnitude","ReplayTheSpireMod:Splinters","ReplayTheSpireMod:IOU"],"relics":["MiniHakkero","Golden Idol","Snack Pack","Grinning Jar","Replay:Wanted Poster","Quantum Egg","theSenshi:SailorFukuRelic","bronze:MakeshiftBattery","downfall:ExtraCursedKey","Pantograph","SimpleLauncher","Blood Vial","Potion Belt"],"acts_visited":["Exordium","TheCity","TheBeyond"],"potions_floor_usage":[16,21,21,22,22,28,31,39,50,50,50,50,50],"damage_taken":[{"damage":1,"enemies":"Cultist","floor":1,"turns":3},{"damage":0,"enemies":"Small Slimes","floor":3,"turns":2},{"damage":6,"enemies":"Jaw Worm","floor":4,"turns":2},{"damage":15,"enemies":"Lagavulin","floor":7,"turns":5},{"damage":10,"enemies":"Gremlin Gang","floor":8,"turns":4},{"damage":9,"enemies":"Exordium Wildlife","floor":12,"turns":5},{"damage":6,"enemies":"Large Slime","floor":14,"turns":5},{"damage":59,"enemies":"Slime Boss","floor":16,"turns":8},{"damage":24,"enemies":"2 Thieves","floor":18,"turns":4},{"damage":0,"enemies":"Spheric Guardian","floor":19,"turns":3},{"damage":20,"enemies":"Centurion and Healer","floor":20,"turns":5},{"damage":18,"enemies":"3 Cultists","floor":21,"turns":5},{"damage":1,"enemies":"Sentry and Sphere","floor":22,"turns":3},{"damage":20,"enemies":"Chosen and Byrds","floor":25,"turns":5},{"damage":45,"enemies":"Slavers","floor":28,"turns":6},{"damage":11,"enemies":"Snake Plant","floor":30,"turns":3},{"damage":28,"enemies":"Centurion and Healer","floor":31,"turns":4},{"damage":53,"enemies":"Collector","floor":33,"turns":6},{"damage":6,"enemies":"Orb Walker","floor":35,"turns":2},{"damage":24,"enemies":"3 Darklings","floor":38,"turns":3},{"damage":19,"enemies":"Maw","floor":39,"turns":5},{"damage":34,"enemies":"Transient","floor":41,"turns":5},{"damage":12,"enemies":"3 Darklings","floor":45,"turns":3},{"damage":19,"enemies":"4 Shapes","floor":48,"turns":3},{"damage":89,"enemies":"Awakened One","floor":50,"turns":9}],"seed_played":"246559519958845550","potions_obtained":[{"floor":4,"key":"AttackPotion"},{"floor":14,"key":"Strength Potion"},{"floor":20,"key":"StarNLove"},{"floor":21,"key":"BlessingOfTheForge"},{"floor":21,"key":"champ:CounterPotion"},{"floor":21,"key":"PowerPotion"},{"floor":22,"key":"Energy Potion"},{"floor":25,"key":"FairyPotion"},{"floor":25,"key":"Weak Potion"},{"floor":28,"key":"Fire Potion"},{"floor":35,"key":"PowerPotion"},{"floor":38,"key":"Toxic Potion"},{"floor":39,"key":"Swift Potion"},{"floor":39,"key":"Flashbang"},{"floor":45,"key":"Fire Potion"},{"floor":45,"key":"SteroidPotion"},{"floor":48,"key":"BlessingOfTheForge"}],"is_trial":false,"path_per_floor":["M","?","M","M","?","R","E","M","T","R","$","M","R","M","R","B",null,"M","M","M","M","M","R","$","M","T","R","E","R","M","M","R","B",null,"M","?","?","M","M","R","M","R","T","$","M","?","$","M","R_BF","B",null],"character_chosen":"MARISA","items_purchased":["DeepEcoloBomb","SimpleLauncher","Blood Vial","Potion Belt"],"campfire_rested":2,"item_purchase_floors":[11,44,44,44],"current_hp_per_floor":[74,56,56,50,50,50,39,37,37,37,37,38,60,64,64,19,75,63,73,69,63,74,74,74,64,64,64,29,29,22,26,48,11,75,69,69,74,60,57,57,33,33,33,33,33,33,33,26,50,12],"gold":598,"neow_bonus":"THREE_RARE_CARDS","is_daily":false,"chose_seed":false,"campfire_upgraded":8,"win_rate":0.0,"timestamp":1613301857,"path_taken":["M","?","M","M","?","R","E","M","T","R","?","M","R","M","R","BOSS","M","M","M","?","M","R","$","M","T","R","E","R","M","M","R","BOSS","M","?","?","M","M","R","M","R","T","?","?","?","$","M","R_BF","BOSS"],"items_purchased_type":["Card","Relic","Relic","Relic"],"build_version":"2020-12-22","purchased_purges":1,"victory":true,"max_hp_per_floor":[75,75,75,75,75,75,75,75,75,75,75,75,75,75,75,75,75,75,75,75,75,75,75,75,75,75,75,75,75,75,75,75,75,75,75,75,80,80,80,80,80,80,80,80,80,80,80,80,80,80],"card_choices":[{"not_picked":["CasketOfStar","StarDustReverie"],"picked":"JA","floor":0},{"not_picked":["DarkSpark","GravityBeat"],"picked":"ShootingEcho","floor":1},{"not_picked":["Acceleration","NonDirectionalLaser","UnstableBomb"],"picked":"SKIP","floor":3},{"not_picked":["StarlightTyphoon","GrandCross"],"picked":"EarthLightRay","floor":4},{"not_picked":["Orbital","GalacticHalo"],"picked":"LuminesStrike","floor":7},{"not_picked":["GasGiant","AsteroidBelt"],"picked":"OrrerysSun","floor":8},{"not_picked":["AsteroidBelt","6A"],"picked":"ShootingEcho","floor":12},{"not_picked":["NonDirectionalLaser","MilkyWay"],"picked":"CollectingQuirk","floor":14},{"not_picked":["CasketOfStar","EscapeVelocity"],"picked":"MillisecondPulsars","floor":16},{"not_picked":["DC","ShootingEcho+1"],"picked":"WitchOfGreed","floor":18},{"not_picked":["MysteriousBeam","EarthLightRay"],"picked":"WitchOfGreed+1","floor":19},{"not_picked":["GravityBeat","PulseMagic","WitchOfGreed"],"picked":"SKIP","floor":20},{"not_picked":["GravityBeat","OrrerysSun+1"],"picked":"FinalSpark","floor":21},{"not_picked":["DarkMatter","ShootingEcho+1"],"picked":"SporeBomb","floor":22},{"not_picked":["IllusionStar","GrandCross"],"picked":"MagicChant","floor":25},{"not_picked":["6A","NonDirectionalLaser+1"],"picked":"GasGiant","floor":28},{"not_picked":["SuperPerseids+1","MysteriousBeam"],"picked":"OpenUniverse+1","floor":30},{"not_picked":["WitchLeyline","DC","Singularity"],"picked":"SKIP","floor":31},{"not_picked":["SatelliteIllusion","EscapeVelocity"],"picked":"BinaryStars","floor":33},{"not_picked":["Occultation+1","OneTimeOff+1","DC+1"],"picked":"SKIP","floor":35},{"not_picked":["NonDirectionalLaser+1","ShootingEcho","ShootTheMoon"],"picked":"SKIP","floor":38},{"not_picked":["WitchLeyline+1","GalacticHalo+1","GasGiant+1"],"picked":"SKIP","floor":39},{"not_picked":["PowerUp","UltimateShortwave","BlazeAway+1"],"picked":"SKIP","floor":41},{"not_picked":["WitchOfGreed","GalacticHalo","WitchLeyline+1"],"picked":"SKIP","floor":45},{"not_picked":["DeepEcoloBomb","MysteriousBeam","ChargingUp+1"],"picked":"SKIP","floor":48}],"player_experience":144044,"relics_obtained":[{"floor":7,"key":"Snack Pack"},{"floor":9,"key":"Grinning Jar"},{"floor":26,"key":"Quantum Egg"},{"floor":28,"key":"theSenshi:SailorFukuRelic"},{"floor":43,"key":"Pantograph"}],"event_choices":[{"damage_healed":0,"gold_gain":0,"player_choice":"Take Damage","damage_taken":18,"relics_obtained":["Golden Idol"],"max_hp_gain":0,"max_hp_loss":0,"event_name":"Golden Idol","floor":2,"gold_loss":0},{"cards_removed":["ShootingEcho"],"damage_healed":0,"gold_gain":0,"player_choice":"Removed Attack","damage_taken":0,"max_hp_gain":0,"max_hp_loss":0,"event_name":"Falling","floor":36,"gold_loss":0},{"cards_removed":["downfall:Bewildered"],"damage_healed":0,"gold_gain":0,"player_choice":"Upgrade and Remove","damage_taken":0,"max_hp_gain":0,"max_hp_loss":0,"event_name":"Designer","floor":46,"gold_loss":90,"cards_upgraded":["ShootingEcho"]}],"is_beta":false,"boss_relics":[{"not_picked":["Sozu","Ring of Chaos"],"picked":"Replay:Wanted Poster"},{"not_picked":["ChewingGum","Cursed Key"],"picked":"bronze:MakeshiftBattery"}],"items_purged_floors":[11],"is_endless":false,"potions_floor_spawned":[4,14,21,22,28,35,38,41],"ascension_level":0}}