{"host":"test","time":1613277687,"event":{"mods":["BaseMod","Colored Map","Colored Powertips","Minty Spire (QoL Compilation)","Relic Stats","Slay the Relics Exporter","SpireBot","StSLib","ojb\u0027s Better Paths Mod","ojb\u0027s Info Mod"],"gold_per_floor":[17,17,36,36,54,89,89,117,117,145,220,220,255,285,285,363,363,378,378,395,395,395,424,424,459,459,90,90,106,434,444,444,515,515,527,32,50,65,78,107,119,154,154,186,186,186,198,198,198,198,198,198,198,15,43,43],"floor_reached":57,"language":"JPN","playtime":4459,"items_purged":["Strike_G","Defend_G","Defend_G"],"score":3102,"play_id":"bbdf8e4e-fc6a-4477-90df-e57132be2f7a","local_time":"20210214134127","is_ascension_mode":true,"campfire_choices":[{"floor":7.0,"key":"REST"},{"data":"Footwork","floor":15.0,"key":"SMITH"},{"floor":24.0,"key":"REST"},{"floor":28.0,"key":"REST"},{"floor":32,"key":"RECALL"},{"floor":45,"key":"REST"},{"floor":49,"key":"REST"},{"floor":53,"key":"REST"}],"circlet_count":0,"master_deck":["AscendersBane","Strike_G","Defend_G","Defend_G","Defend_G+1","Survivor","Neutralize+1","Glass Knife+1","Footwork+1","Crippling Poison","Blade Dance","Blade Dance","Well Laid Plans","Acrobatics","Wraith Form v2","Blade Dance","Escape Plan","Deflect","Dodge and Roll","Wraith Form v2","Poisoned Stab","Tools of the Trade","Backflip","Footwork","Blade Dance","Predator+1","Footwork","Adrenaline","Dodge and Roll","Night Terror","Footwork+1","Backflip","Concentrate","Tactician","Adrenaline","Cloak And Dagger","Blur","Phantasmal Killer","Crippling Poison+1","Dodge and Roll+1","PiercingWail+1","Cloak And Dagger+1"],"relics":["Ring of the Snake","Du-Vu Doll","Shuriken","Nunchaku","Pear","The Courier","Sundial","Prayer Wheel","Fusion Hammer","InkBottle","Orichalcum","Bottled Tornado","Old Coin","Runic Pyramid","Toolbox","Ninja Scroll","PreservedInsect","Snake Skull","Toxic Egg 2","Omamori","Bag of Preparation","Paper Crane"],"acts_visited":["Exordium","TheCity","TheBeyond","TheEnding"],"potions_floor_usage":[56],"damage_taken":[{"damage":0.0,"enemies":"2 Louse","floor":1.0,"turns":2.0},{"damage":0.0,"enemies":"Jaw Worm","floor":3.0,"turns":2.0},{"damage":1.0,"enemies":"Small Slimes","floor":5.0,"turns":3.0},{"damage":23.0,"enemies":"3 Sentries","floor":6.0,"turns":6.0},{"damage":8.0,"enemies":"Gremlin Nob","floor":8.0,"turns":3.0},{"damage":3.0,"enemies":"Lagavulin","floor":10.0,"turns":5.0},{"damage":4.0,"enemies":"Gremlin Nob","floor":13.0,"turns":3.0},{"damage":4.0,"enemies":"The Guardian","floor":16.0,"turns":9.0},{"damage":8.0,"enemies":"2 Thieves","floor":18.0,"turns":2.0},{"damage":12.0,"enemies":"Shell Parasite","floor":20.0,"turns":4.0},{"damage":1.0,"enemies":"Slavers","floor":23.0,"turns":6.0},{"damage":4.0,"enemies":"Book of Stabbing","floor":25.0,"turns":5.0},{"damage":0.0,"enemies":"Snake Plant","floor":29.0,"turns":5.0},{"damage":0,"enemies":"Slavers","floor":30,"turns":5},{"damage":0,"enemies":"Sentry and Sphere","floor":31,"turns":4},{"damage":23,"enemies":"Collector","floor":33,"turns":8},{"damage":0,"enemies":"3 Darklings","floor":35,"turns":5},{"damage":2,"enemies":"Orb Walker","floor":37,"turns":5},{"damage":0,"enemies":"Sphere and 2 Shapes","floor":38,"turns":4},{"damage":0,"enemies":"Spire Growth","floor":39,"turns":4},{"damage":0,"enemies":"Giant Head","floor":40,"turns":7},{"damage":3,"enemies":"4 Shapes","floor":41,"turns":4},{"damage":0,"enemies":"Nemesis","floor":42,"turns":9},{"damage":0,"enemies":"Reptomancer","floor":44,"turns":4},{"damage":0,"enemies":"3 Darklings","floor":47,"turns":3},{"damage":6,"enemies":"Awakened One","floor":50,"turns":13},{"damage":18,"enemies":"Donu and Deca","floor":51,"turns":13},{"damage":18,"enemies":"Shield and Spear","floor":55,"turns":8},{"damage":36,"enemies":"The Heart","floor":56,"turns":14}],"seed_played":"-3965968589124350743","potions_obtained":[{"floor":1.0,"key":"ColorlessPotion"},{"floor":6.0,"key":"Energy Potion"},{"floor":13.0,"key":"GhostInAJar"},{"floor":23.0,"key":"ColorlessPotion"},{"floor":25.0,"key":"PowerPotion"},{"floor":42,"key":"GamblersBrew"}],"is_trial":false,"path_per_floor":["M","?","M","T","M","E","R","E","T","E","?","?","E","?","R","B",null,"M","?","M","?","?","E","R","E","T","$","R","M","E","M","R","B",null,"M","$","M","M","M","E","M","E","T","E","R","?","M","T","R","B","B",null,"R","$","E","B",null],"character_chosen":"THE_SILENT","items_purchased":["Footwork","Blade Dance","Bottled Tornado","Concentrate","Toolbox","Ninja Scroll","Dodge and Roll+1","PiercingWail+1"],"campfire_rested":6,"item_purchase_floors":[27,27,27,36,36,36,54,54],"current_hp_per_floor":[59,59,59,59,58,35,54,46,56,53,42,19,15,15,15,11,60,52,52,40,40,40,39,61,57,57,57,76,76,76,76,76,53,70,70,70,68,68,68,68,65,65,65,65,76,76,76,76,76,70,52,70,76,76,58,22],"gold":43,"neow_bonus":"THREE_RARE_CARDS","is_daily":false,"chose_seed":true,"campfire_upgraded":1,"win_rate":0.0,"timestamp":1613277687,"path_taken":["M","?","M","?","M","E","R","E","T","E","?","?","E","?","R","BOSS","M","?","?","?","?","E","R","E","T","$","R","M","E","M","R","BOSS","M","$","M","M","M","E","M","E","T","E","R","?","M","?","R","BOSS","BOSS","R","$","E","BOSS"],"items_purchased_type":["Card","Card","Relic","Card","Relic","Relic","Card","Card"],"build_version":"2020-12-18","purchased_purges":3,"victory":true,"max_hp_per_floor":[66,66,66,66,66,66,66,66,76,76,76,76,76,76,76,76,76,76,76,76,76,76,76,76,76,76,76,76,76,76,76,76,76,76,76,76,76,76,76,76,76,76,76,76,76,76,76,76,76,76,76,76,76,76,76,76],"relic_stats":{"Nunchaku":[53],"counters":[29,165],"Shuriken":[140],"Sundial":[14],"Prayer Wheel":10,"PreservedInsect":188,"Snake Skull":[19],"Bag of Preparation":[0],"Orichalcum":[126],"obtain_stats":[{"Pear":9,"The Courier":10,"PreservedInsect":40,"Snake Skull":42,"Omamori":44,"Bag of Preparation":48,"Orichalcum":25,"Bottled Tornado":27,"Paper Crane":55,"Old Coin":30,"Du-Vu Doll":4,"Nunchaku":8,"Shuriken":6,"Sundial":13,"Ninja Scroll":36,"Toolbox":36,"Prayer Wheel":14,"Fusion Hammer":17,"Toxic Egg 2":43,"InkBottle":23,"Ring of the Snake":0,"Runic Pyramid":34},{"Pear":5,"The Courier":6,"PreservedInsect":21,"Snake Skull":23,"Omamori":24,"Bag of Preparation":25,"Orichalcum":12,"Bottled Tornado":12,"Paper Crane":28,"Old Coin":14,"Du-Vu Doll":2,"Nunchaku":5,"Shuriken":4,"Sundial":7,"Ninja Scroll":17,"Toolbox":17,"Prayer Wheel":7,"Fusion Hammer":8,"Toxic Egg 2":23,"InkBottle":11,"Ring of the Snake":0,"Runic Pyramid":16},{"Pear":16,"The Courier":21,"PreservedInsect":97,"Snake Skull":110,"Omamori":114,"Bag of Preparation":117,"Orichalcum":50,"Bottled Tornado":50,"Paper Crane":151,"Old Coin":60,"Du-Vu Doll":4,"Nunchaku":16,"Shuriken":13,"Sundial":24,"Ninja Scroll":77,"Toolbox":77,"Prayer Wheel":24,"Fusion Hammer":33,"Toxic Egg 2":110,"InkBottle":45,"Ring of the Snake":0,"Runic Pyramid":72}],"InkBottle":[85],"Ring of the Snake":[46]},"card_choices":[{"not_picked":["After Image","Malaise"],"picked":"Glass Knife","floor":0.0},{"not_picked":["Dodge and Roll","Sucker Punch"],"picked":"All Out Attack","floor":1.0},{"not_picked":["Sucker Punch","Riddle With Holes"],"picked":"Footwork","floor":3.0},{"not_picked":["Flying Knee","Deadly Poison"],"picked":"Crippling Poison","floor":5.0},{"not_picked":["Storm of Steel","Flechettes"],"picked":"Blade Dance","floor":6.0},{"not_picked":["PiercingWail","Deflect"],"picked":"Blade Dance","floor":8.0},{"not_picked":["Calculated Gamble","Blade Dance"],"picked":"Well Laid Plans","floor":10.0},{"not_picked":["A Thousand Cuts","Concentrate"],"picked":"Acrobatics","floor":13.0},{"not_picked":["Venomology","Burst"],"picked":"Wraith Form v2","floor":16.0},{"not_picked":["Acrobatics","Dagger Spray"],"picked":"Blade Dance","floor":18.0},{"not_picked":["Tactician","Prepared"],"picked":"Escape Plan","floor":18.0},{"not_picked":["Prepared","Bouncing Flask"],"picked":"Deflect","floor":20.0},{"not_picked":["Noxious Fumes","Deadly Poison"],"picked":"Dodge and Roll","floor":20.0},{"not_picked":["Eviscerate","Slice"],"picked":"Tools of the Trade","floor":23.0},{"not_picked":["Underhanded Strike","Dagger Throw+1"],"picked":"Backflip","floor":25.0},{"not_picked":["Sucker Punch","Dagger Throw"],"picked":"Predator+1","floor":29.0},{"not_picked":["Acrobatics","Outmaneuver"],"picked":"Footwork","floor":29.0},{"not_picked":["Noxious Fumes","Masterful Stab"],"picked":"Adrenaline","floor":30},{"not_picked":["Underhanded Strike","Expertise"],"picked":"Dodge and Roll","floor":31},{"not_picked":["Heel Hook","Dagger Throw","Sucker Punch"],"picked":"SKIP","floor":31},{"not_picked":["Venomology","Adrenaline"],"picked":"Night Terror","floor":33},{"not_picked":["PiercingWail","Outmaneuver"],"picked":"Footwork+1","floor":35},{"not_picked":["Acrobatics","Crippling Poison+1"],"picked":"Backflip","floor":35},{"not_picked":["Blade Dance+1","Dagger Throw"],"picked":"Tactician","floor":37},{"not_picked":["Blade Dance+1","Riddle With Holes"],"picked":"Adrenaline","floor":37},{"not_picked":["Dagger Spray","Masterful Stab","Escape Plan"],"picked":"SKIP","floor":38},{"not_picked":["Terror","Deflect","Finisher"],"picked":"SKIP","floor":38},{"not_picked":["Endless Agony","Deflect+1"],"picked":"Cloak And Dagger","floor":39},{"not_picked":["Doppelganger","Endless Agony+1","Choke"],"picked":"SKIP","floor":39},{"not_picked":["Doppelganger","Endless Agony+1","Choke"],"picked":"SKIP","floor":39},{"not_picked":["Concentrate","Noxious Fumes"],"picked":"Blur","floor":40},{"not_picked":["Dagger Spray","Leg Sweep","Bouncing Flask"],"picked":"SKIP","floor":41},{"not_picked":["Deflect","Crippling Poison","Acrobatics"],"picked":"SKIP","floor":41},{"not_picked":["Backstab","Flying Knee+1"],"picked":"Phantasmal Killer","floor":42},{"not_picked":["Dagger Spray","Deadly Poison+1","Quick Slash"],"picked":"SKIP","floor":44},{"not_picked":["Sucker Punch","Setup+1"],"picked":"Crippling Poison+1","floor":47},{"not_picked":["Crippling Poison+1","Infinite Blades","Dagger Spray+1"],"picked":"SKIP","floor":47},{"not_picked":["Distraction+1","Expertise+1"],"picked":"Cloak And Dagger+1","floor":55}],"player_experience":2035733,"relics_obtained":[{"floor":4.0,"key":"Du-Vu Doll"},{"floor":6.0,"key":"Shuriken"},{"floor":8.0,"key":"Nunchaku"},{"floor":9.0,"key":"Pear"},{"floor":10.0,"key":"The Courier"},{"floor":13.0,"key":"Sundial"},{"floor":23.0,"key":"InkBottle"},{"floor":25.0,"key":"Orichalcum"},{"floor":30,"key":"Old Coin"},{"floor":40,"key":"PreservedInsect"},{"floor":42,"key":"Snake Skull"},{"floor":43,"key":"Toxic Egg 2"},{"floor":44,"key":"Omamori"},{"floor":48,"key":"Bag of Preparation"},{"floor":55,"key":"Paper Crane"}],"event_choices":[{"damage_healed":0.0,"max_hp_gain":0.0,"max_hp_loss":0.0,"gold_gain":0.0,"event_name":"Living Wall","player_choice":"Grow","floor":2.0,"gold_loss":0.0,"damage_taken":0.0,"cards_upgraded":["Glass Knife"]},{"damage_healed":0.0,"max_hp_gain":0.0,"max_hp_loss":0.0,"gold_gain":75.0,"event_name":"World of Goop","player_choice":"Gather Gold","floor":11.0,"gold_loss":0.0,"damage_taken":11.0},{"damage_healed":0.0,"max_hp_gain":0.0,"max_hp_loss":0.0,"gold_gain":0.0,"event_name":"Shining Light","player_choice":"Entered Light","floor":12.0,"gold_loss":0.0,"damage_taken":23.0,"cards_upgraded":["Neutralize","Defend_G"]},{"damage_healed":0.0,"max_hp_gain":0.0,"max_hp_loss":0.0,"gold_gain":30.0,"event_name":"Dead Adventurer","player_choice":"Searched \u00272\u0027 times","floor":14.0,"gold_loss":0.0,"damage_taken":0.0,"relics_obtained":["Prayer Wheel"]},{"cards_removed":["Strike_G"],"damage_healed":0.0,"max_hp_gain":0.0,"max_hp_loss":0.0,"gold_gain":0.0,"event_name":"Wheel of Change","player_choice":"Card Removal","floor":19.0,"gold_loss":0.0,"damage_taken":0.0},{"damage_healed":0.0,"max_hp_gain":0.0,"max_hp_loss":0.0,"gold_gain":0.0,"cards_transformed":["Strike_G","Strike_G"],"event_name":"Drug Dealer","player_choice":"Became Test Subject","floor":21.0,"gold_loss":0.0,"damage_taken":0.0,"cards_obtained":["Wraith Form v2","Poisoned Stab"]},{"damage_healed":0.0,"max_hp_gain":0.0,"max_hp_loss":0.0,"gold_gain":0.0,"event_name":"Vampires","player_choice":"Ignored","floor":22.0,"gold_loss":0.0,"damage_taken":0.0},{"cards_removed":["All Out Attack"],"damage_healed":0,"gold_gain":0,"player_choice":"Removed Attack","damage_taken":0,"max_hp_gain":0,"max_hp_loss":0,"event_name":"Falling","floor":46,"gold_loss":0}],"is_beta":true,"boss_relics":[{"not_picked":["Busted Crown","Snecko Eye"],"picked":"Fusion Hammer"},{"not_picked":["Ring of the Serpent","Astrolabe"],"picked":"Runic Pyramid"}],"items_purged_floors":[27,36,54],"is_endless":false,"potions_floor_spawned":[1,6,13,23,25,30,33,37,38,42,55],"ascension_level":20}}