{"host":"s794kqxf2n1qz2yr","time":1613336412,"event":{"mods":["2.2 Compatiblity","AchievementEnabler","Aspiration","BaseMod","Downfall","Friendly Minions","Hermit","Minty Spire (QoL Compilation)","Permanent Neow","Spire Arcade","StSLib"],"gold_per_floor":[118,193,205,205,220,220,235,255,334,365,377,389,401,427,439,552,564,589,601,389,419,419,419,334,344,344,344,363,363,383,398,398,493,493,507,507,507,507,121,121,131,131,183,183,214,233,233,243,243,243],"floor_reached":51,"language":"ENG","playtime":1815,"items_purged":["Strike_R","Bite"],"score":700,"play_id":"b6d9336e-e60b-4ee0-a1e3-f02a22d596ad","local_time":"20210214210012","is_ascension_mode":false,"campfire_choices":[{"data":"Searing Blow","floor":6,"key":"SMITH"},{"data":"Searing Blow+1","floor":11,"key":"SMITH"},{"data":"Searing Blow+2","floor":13,"key":"SMITH"},{"data":"Searing Blow+3","floor":15,"key":"SMITH"},{"data":"Searing Blow+4","floor":23,"key":"SMITH"},{"data":"Searing Blow+5","floor":27,"key":"SMITH"},{"data":"Searing Blow+6","floor":29,"key":"SMITH"},{"data":"Searing Blow+7","floor":32,"key":"SMITH"},{"data":"Searing Blow+8","floor":40,"key":"SMITH"},{"data":"Searing Blow+9","floor":42,"key":"SMITH"},{"data":"Searing Blow+10","floor":44,"key":"SMITH"},{"data":"Searing Blow+11","floor":47,"key":"SMITH"},{"data":"Searing Blow+12","floor":49,"key":"SMITH"}],"circlet_count":0,"master_deck":["Defend_R","Defend_R","Defend_R","Defend_R","Bash","Searing Blow+13","Flame Barrier","Armaments","Ghostly Armor","Demon Form","Armaments+1","Bite","Bite","Deep Breath"],"relics":["Coffee Dripper","aspiration:FrozenJewel","MawBank","Philosopher\u0027s Stone","aspiration:RitualStick","Pen Nib","Red Mask","Nunchaku","StoneCalendar","Busted Crown","TungstenRod","Boot","Darkstone Periapt"],"acts_visited":["Exordium","TheCity","TheBeyond"],"potions_floor_usage":[7,16,16,50],"damage_taken":[{"damage":1,"enemies":"Jaw Worm","floor":1,"turns":3},{"damage":1,"enemies":"Cultist","floor":3,"turns":3},{"damage":0,"enemies":"Small Slimes","floor":5,"turns":4},{"damage":8,"enemies":"Exordium Wildlife","floor":7,"turns":4},{"damage":0,"enemies":"Looter","floor":8,"turns":3},{"damage":12,"enemies":"Gremlin Nob","floor":10,"turns":3},{"damage":0,"enemies":"3 Louse","floor":14,"turns":4},{"damage":26,"enemies":"The Guardian","floor":16,"turns":12},{"damage":0,"enemies":"Shell Parasite","floor":18,"turns":5},{"damage":42,"enemies":"Masked Bandits","floor":21,"turns":6},{"damage":0,"enemies":"3 Byrds","floor":25,"turns":4},{"damage":5,"enemies":"3 Cultists","floor":28,"turns":5},{"damage":4,"enemies":"Chosen and Byrds","floor":30,"turns":4},{"damage":7,"enemies":"Centurion and Healer","floor":31,"turns":4},{"damage":22,"enemies":"Collector","floor":33,"turns":6},{"damage":0,"enemies":"Orb Walker","floor":35,"turns":1},{"damage":4,"enemies":"3 Shapes","floor":41,"turns":5},{"damage":6,"enemies":"Nemesis","floor":45,"turns":3},{"damage":0,"enemies":"Sphere and 2 Shapes","floor":46,"turns":3},{"damage":0,"enemies":"Maw","floor":48,"turns":2},{"damage":51,"enemies":"Donu and Deca","floor":50,"turns":8}],"seed_played":"-6558744806481182747","potions_obtained":[{"floor":3,"key":"hexamod:SoulburnPotion"},{"floor":5,"key":"champ:CounterPotion"},{"floor":7,"key":"ElixirPotion"},{"floor":14,"key":"bronze:BurnAndBuffPotion"},{"floor":25,"key":"SteroidPotion"},{"floor":28,"key":"AttackPotion"},{"floor":30,"key":"BlessingOfTheForge"}],"is_trial":false,"path_per_floor":["M","?","M","?","M","R","M","M","T","E","R","?","R","M","R","B",null,"M","?","$","?","?","R","?","M","T","R","M","R","M","M","R","B",null,"M","?","?","?","$","R","M","R","T","R","E","M","R","M","R","B",null],"character_chosen":"IRONCLAD","items_purchased":["Pen Nib","TungstenRod"],"campfire_rested":0,"item_purchase_floors":[20,39],"current_hp_per_floor":[79,68,67,67,67,67,59,59,59,47,47,73,73,73,73,47,80,80,64,64,22,22,22,22,29,29,29,38,38,44,50,50,45,56,56,56,56,56,56,56,52,52,52,52,52,56,56,56,56,14],"gold":243,"neow_bonus":"BOSS_RELIC","is_daily":false,"chose_seed":false,"campfire_upgraded":13,"win_rate":0.0,"timestamp":1613336412,"path_taken":["M","?","M","?","?","R","M","M","T","E","R","?","R","M","R","BOSS","M","?","$","?","?","R","?","M","T","R","M","R","M","M","R","BOSS","M","?","?","?","$","R","M","R","T","R","E","M","R","?","R","BOSS"],"items_purchased_type":["Relic","Relic"],"build_version":"2020-12-22","purchased_purges":2,"victory":true,"max_hp_per_floor":[80,80,80,80,80,80,80,80,80,80,80,80,80,80,80,80,80,80,80,80,80,56,56,56,56,56,56,56,56,56,56,56,56,56,56,56,56,56,56,56,56,56,56,56,56,56,56,56,56,56],"card_choices":[{"not_picked":["Body Slam","Seeing Red"],"picked":"Searing Blow","floor":1},{"not_picked":["Hemokinesis","Thunderclap"],"picked":"Flame Barrier","floor":3},{"not_picked":["Havoc","Sever Soul","Anger"],"picked":"SKIP","floor":5},{"not_picked":["Anger","Clothesline","True Grit"],"picked":"SKIP","floor":7},{"not_picked":["Sentinel","Headbutt","Spot Weakness"],"picked":"SKIP","floor":8},{"not_picked":["Anger","Cleave"],"picked":"Armaments","floor":10},{"not_picked":["Twin Strike","Metallicize"],"picked":"Ghostly Armor","floor":14},{"not_picked":["Bludgeon","Berserk"],"picked":"Demon Form","floor":16},{"not_picked":["Spot Weakness","Pommel Strike","Clothesline+1"],"picked":"SKIP","floor":18},{"not_picked":["Sever Soul","Dual Wield"],"picked":"Armaments+1","floor":21},{"not_picked":["Flex","Cleave","Uppercut+1"],"picked":"SKIP","floor":25},{"not_picked":["Uppercut","Pommel Strike","Brutality"],"picked":"SKIP","floor":28},{"not_picked":["Evolve","Burning Pact","Warcry"],"picked":"SKIP","floor":30},{"not_picked":["Pommel Strike","Thunderclap","Sword Boomerang+1"],"picked":"SKIP","floor":31},{"not_picked":["Sword Boomerang+1"],"picked":"SKIP","floor":35},{"not_picked":[],"picked":"Deep Breath","floor":37},{"not_picked":["Dark Embrace+1"],"picked":"SKIP","floor":41},{"not_picked":["Hemokinesis+1"],"picked":"SKIP","floor":45},{"not_picked":["Sentinel"],"picked":"SKIP","floor":46},{"not_picked":["Headbutt+1"],"picked":"SKIP","floor":48}],"player_experience":312699,"relics_obtained":[{"floor":9,"key":"aspiration:FrozenJewel"},{"floor":10,"key":"MawBank"},{"floor":21,"key":"Red Mask"},{"floor":26,"key":"StoneCalendar"},{"floor":43,"key":"Boot"},{"floor":45,"key":"Darkstone Periapt"}],"event_choices":[{"damage_healed":0,"gold_gain":75,"player_choice":"Gather Gold","damage_taken":11,"max_hp_gain":0,"max_hp_loss":0,"event_name":"World of Goop","floor":2,"gold_loss":0},{"damage_healed":0,"gold_gain":0,"player_choice":"Bought 0 Potions","damage_taken":0,"max_hp_gain":0,"max_hp_loss":0,"event_name":"The Woman in Blue","floor":4,"gold_loss":0},{"damage_healed":26,"gold_gain":0,"player_choice":"Banana","damage_taken":0,"max_hp_gain":0,"max_hp_loss":0,"event_name":"Big Fish","floor":12,"gold_loss":0},{"damage_healed":0,"gold_gain":0,"player_choice":"Fought Bandits","damage_taken":0,"max_hp_gain":0,"max_hp_loss":0,"event_name":"Masked Bandits","floor":21,"gold_loss":0},{"damage_healed":0,"gold_gain":0,"player_choice":"Became a vampire","damage_taken":0,"max_hp_gain":0,"max_hp_loss":24,"event_name":"Vampires","floor":22,"gold_loss":0,"cards_obtained":["Bite","Bite","Bite","Bite","Bite"]},{"damage_healed":0,"gold_gain":0,"player_choice":"Obtained Relic","damage_taken":0,"relics_obtained":["Nunchaku"],"max_hp_gain":0,"max_hp_loss":0,"event_name":"Addict","floor":24,"gold_loss":85},{"cards_removed":["Bite"],"damage_healed":0,"gold_gain":0,"player_choice":"Removed Attack","damage_taken":0,"max_hp_gain":0,"max_hp_loss":0,"event_name":"Falling","floor":36,"gold_loss":0},{"damage_healed":0,"gold_gain":0,"player_choice":"Memory 1","damage_taken":0,"max_hp_gain":0,"max_hp_loss":0,"event_name":"SensoryStone","floor":37,"gold_loss":0},{"cards_removed":["Bite"],"damage_healed":0,"gold_gain":0,"player_choice":"Purged","damage_taken":0,"max_hp_gain":0,"max_hp_loss":0,"event_name":"Purifier","floor":38,"gold_loss":0}],"is_beta":false,"boss_relics":[{"not_picked":["Velvet Choker","aspiration:WatcherSkillbook"],"picked":"Philosopher\u0027s Stone"},{"not_picked":["aspiration:RunicSpoon","aspiration:SecretTechniqueScroll"],"picked":"Busted Crown"}],"items_purged_floors":[20,39],"is_endless":false,"potions_floor_spawned":[3,5,7,14,25,28,30,41,45,46,48],"ascension_level":0}}