{"host":"i4yzoangb31cseo0","time":1613263532,"event":{"mods":["AchievementEnabler","BaseMod","Colored Powertips","Curses Come First","Downfall","Hermit","Minty Spire (QoL Compilation)","Permanent Neow","Rare Cards Sparkle","Robot Space Explorer","Shop Mod","StSLib","The Construct","The Cursed","The Jungle","The Marked","The Mystic","The Senshi","The Servant 0.9.4"],"gold_per_floor":[99,114,114,114,129,144,169,199,214,41,26,91,91,8,23,123,123,123,138,138,153,153,153,153,153,168,168,85,85,20,35,50,150,150,150,165,165,180,250,250,250,280,280,280,280,280],"floor_reached":45,"language":"ENG","playtime":7714,"items_purged":["Magnetism"],"score":499,"play_id":"6392bb30-ca26-4a44-b33e-6101ee45a2b6","local_time":"20210214111532","daily_mods":["Allstar","Flight","Terminal"],"is_ascension_mode":false,"campfire_choices":[{"data":"Finesse","floor":1.0,"key":"SMITH"},{"floor":13.0,"key":"REST"},{"data":"hermit:LuckOfTheDraw","floor":18.0,"key":"SMITH"},{"floor":23.0,"key":"REST"},{"floor":27.0,"key":"REST"},{"data":"hermit:ShadowCloak","floor":35.0,"key":"SMITH"},{"floor":43,"key":"REST"},{"floor":44,"key":"REST"}],"circlet_count":0,"master_deck":["hermit:Strike_Hermit","hermit:Strike_Hermit","hermit:Strike_Hermit","hermit:Strike_Hermit","hermit:Defend_Hermit","hermit:Defend_Hermit","hermit:Defend_Hermit+1","hermit:Snapshot","hermit:Covet","Enlightenment+1","Finesse+1","Magnetism","Panache","hermit:LuckOfTheDraw+1","Regret","Pain","hermit:GoldenBullet","hermit:HighCaliber","hermit:TakeAim","hermit:Deadeye","hermit:CalledShot","Good Instincts","hermit:ShadowCloak+1","hermit:Showdown","hermit:OverwhelmingPower","hermit:Enervate","hermit:FromBeyond","hermit:Manifest","Bandage Up","hermit:EternalForm","hermit:CursedWeapon+1","hermit:FullyLoaded+1","hermit:BigShot","hermit:Enervate","hermit:Maintenance+1","hermit:Headshot","hermit:FinalCanter","hermit:Brawl+1","hermit:WideOpen+1","hermit:FinalCanter","hermit:Enervate","hermit:TakeCover+1","expansioncontent:AwakenDeath","downfall:Bewildered","hermit:Dissolve+1"],"relics":["hermit:Momento","InkBottle","WarpedTongs","War Paint","Pantograph","Ginger","construct:WeddingRing","Toxic Egg 2","Cursed Key","Guardian:BottledAnomaly","Blood Vial","construct:BoolHorns"],"acts_visited":["Exordium","Exordium","TheBeyond"],"potions_floor_usage":[],"damage_taken":[{"damage":9.0,"enemies":"Jaw Worm","floor":2.0,"turns":4.0},{"damage":0.0,"enemies":"Cultist","floor":5.0,"turns":4.0},{"damage":0.0,"enemies":"Small Slimes","floor":6.0,"turns":4.0},{"damage":10.0,"enemies":"Lagavulin","floor":8.0,"turns":5.0},{"damage":1.0,"enemies":"Exordium Wildlife","floor":9.0,"turns":5.0},{"damage":0.0,"enemies":"downfall:FleeingMerchant","floor":10.0,"turns":4.0},{"damage":0.0,"enemies":"downfall:FleeingMerchant","floor":11.0,"turns":4.0},{"damage":0.0,"enemies":"3 Sentries","floor":12.0,"turns":9.0},{"damage":0.0,"enemies":"downfall:FleeingMerchant","floor":14.0,"turns":4.0},{"damage":2.0,"enemies":"Looter","floor":15.0,"turns":4.0},{"damage":14.0,"enemies":"WA_ARCHETYPE_RETAIN","floor":16.0,"turns":6.0},{"damage":11.0,"enemies":"theJungle:5_Spyders","floor":19.0,"turns":5.0},{"damage":2.0,"enemies":"theJungle:MUSHROOMGANG","floor":21.0,"turns":4.0},{"damage":20.0,"enemies":"theJungle:2_Flameangoes","floor":26.0,"turns":5.0},{"damage":10.0,"enemies":"downfall:FleeingMerchant","floor":28.0,"turns":4.0},{"damage":20.0,"enemies":"downfall:FleeingMerchant","floor":30.0,"turns":4.0},{"damage":7.0,"enemies":"theJungle:SlimyTreeVines","floor":31.0,"turns":11.0},{"damage":2.0,"enemies":"theJungle:2_Snecko_Cultists","floor":32.0,"turns":3.0},{"damage":31.0,"enemies":"IC_MUSHROOM_ARCHETYPE","floor":33.0,"turns":7.0},{"damage":15.0,"enemies":"3 Darklings","floor":36.0,"turns":5.0},{"damage":13.0,"enemies":"3 Shapes","floor":38.0,"turns":4.0},{"damage":0.0,"enemies":"downfall:FleeingMerchant","floor":39.0,"turns":2.0},{"damage":46,"enemies":"Reptomancer","floor":42,"turns":8},{"damage":41,"enemies":"2 Orb Walkers","floor":45,"turns":4}],"seed_played":"6099103822572544471","potions_obtained":[{"floor":2.0,"key":"hermit:Tonic"},{"floor":6.0,"key":"Guardian:BlockOnCardUsePotion"},{"floor":8.0,"key":"LiquidBronze"},{"floor":12.0,"key":"Weak Potion"},{"floor":15.0,"key":"Block Potion"},{"floor":19.0,"key":"hermit:BlackBile"},{"floor":33.0,"key":"PowerPotion"},{"floor":36.0,"key":"FairyPotion"}],"is_trial":false,"path_per_floor":["R","M","?","?","M","M","T","E","M","$","$","E","R","$","M","B",null,"R","M","?","M","?","R","T","?","M","R","$","?","$","M","M","B",null,"R","M","?","M","$","?","T","E","R","R","?"],"character_chosen":"HERMIT","items_purchased":["Good Instincts","hermit:OverwhelmingPower","hermit:BigShot","BlessingOfTheForge","Guardian:BottledAnomaly","hermit:Enervate","hermit:TakeCover+1"],"campfire_rested":5,"item_purchase_floors":[10,14,28,30,39,39,39],"current_hp_per_floor":[73,64,64,64,64,64,64,54,53,53,53,53,61,60,58,45,57,56,45,45,47,36,51,50,49,33,47,41,41,25,30,28,15,40,39,28,28,19,19,19,19,7,16,25,0,0],"gold":280,"neow_bonus":"","is_daily":true,"chose_seed":false,"campfire_upgraded":3,"win_rate":0.0,"timestamp":1613263532,"path_taken":["R","M","?","?","M","?","T","E","M","$","$","E","R","$","M","BOSS","R","M","?","?","?","R","T","?","?","R","$","?","$","?","M","BOSS","R","M","?","M","$","?","T","E","R","R","?"],"items_purchased_type":["Card","Card","Card","Potion","Relic","Card","Card"],"build_version":"2020-12-22","purchased_purges":1,"victory":false,"max_hp_per_floor":[73,72,71,70,69,68,67,66,65,64,63,62,61,60,59,58,57,56,55,54,53,52,51,50,49,48,47,46,45,44,43,42,41,40,39,38,37,36,35,34,33,32,31,30,30,30],"card_choices":[{"not_picked":["hermit:Glare","hermit:FlashPowder"],"picked":"hermit:LuckOfTheDraw","floor":2.0},{"not_picked":["hermit:Cheat","hermit:ItchyTrigger"],"picked":"hermit:GoldenBullet","floor":5.0},{"not_picked":["hermit:Desperado","hermit:FullyLoaded"],"picked":"hermit:HighCaliber","floor":6.0},{"not_picked":["hermit:CalledShot","hermit:SprayPray"],"picked":"hermit:TakeAim","floor":8.0},{"not_picked":["hermit:GoldenBullet","hermit:Malice"],"picked":"hermit:Deadeye","floor":9.0},{"not_picked":["hermit:HoleUp","hermit:DeadOrAlive"],"picked":"hermit:CalledShot","floor":10.0},{"not_picked":["hermit:HoleUp","hermit:Misfire"],"picked":"hermit:ShadowCloak","floor":11.0},{"not_picked":["hermit:Horror","hermit:LoneWolf"],"picked":"hermit:Showdown","floor":12.0},{"not_picked":["hermit:Manifest","hermit:LowProfile","hermit:ItchyTrigger"],"picked":"SKIP","floor":14.0},{"not_picked":["hermit:NoHoldsBarred","hermit:Dive"],"picked":"hermit:Enervate","floor":15.0},{"not_picked":["hermit:OverwhelmingPower","hermit:DeadOrAlive"],"picked":"hermit:FromBeyond","floor":16.0},{"not_picked":["hermit:Deadeye","hermit:BodyArmor"],"picked":"hermit:Manifest","floor":19.0},{"not_picked":["hermit:TakeCover","hermit:Glare"],"picked":"hermit:CursedWeapon+1","floor":21.0},{"not_picked":["hermit:Roulette","hermit:Shortfuse+1"],"picked":"hermit:FullyLoaded+1","floor":26.0},{"not_picked":["hermit:Deadeye","hermit:CalledShot","hermit:LuckOfTheDraw+1"],"picked":"SKIP","floor":28.0},{"not_picked":["hermit:HighNoon","hermit:LoneWolf+1"],"picked":"hermit:Maintenance+1","floor":30.0},{"not_picked":["hermit:Feint+1","hermit:WideOpen"],"picked":"hermit:Headshot","floor":31.0},{"not_picked":["hermit:Glare+1","hermit:Showdown","hermit:Dive+1"],"picked":"SKIP","floor":32.0},{"not_picked":["hermit:Adapt","hermit:BlackWind"],"picked":"hermit:FinalCanter","floor":33.0},{"not_picked":["hermit:WideOpen+1","hermit:LowProfile+1"],"picked":"hermit:Brawl+1","floor":36.0},{"not_picked":["hermit:LuckOfTheDraw+1","hermit:Gestalt+1"],"picked":"hermit:WideOpen+1","floor":38.0},{"not_picked":["hermit:Gestalt+1","hermit:HoleUp+1"],"picked":"hermit:FinalCanter","floor":39.0},{"not_picked":["expansioncontent:Chronoboost","expansioncontent:LastStand"],"picked":"expansioncontent:AwakenDeath","floor":40.0},{"not_picked":["hermit:HighCaliber+1","hermit:TrackingShot"],"picked":"hermit:Dissolve+1","floor":42}],"player_experience":172109,"relics_obtained":[{"floor":7.0,"key":"War Paint"},{"floor":8.0,"key":"Pantograph"},{"floor":12.0,"key":"Ginger"},{"floor":24.0,"key":"Toxic Egg 2"},{"floor":41.0,"key":"Blood Vial"},{"floor":42,"key":"construct:BoolHorns"}],"event_choices":[{"damage_healed":0.0,"max_hp_gain":0.0,"max_hp_loss":0.0,"gold_gain":0.0,"event_name":"Big Fish","player_choice":"Box","floor":3.0,"gold_loss":0.0,"damage_taken":0.0,"relics_obtained":["InkBottle"],"cards_obtained":["Regret"]},{"damage_healed":0.0,"max_hp_gain":0.0,"max_hp_loss":0.0,"gold_gain":0.0,"event_name":"Accursed Blacksmith","player_choice":"Rummage","floor":4.0,"gold_loss":0.0,"damage_taken":0.0,"relics_obtained":["WarpedTongs"],"cards_obtained":["Pain"]},{"cards_removed":["hermit:Manifest"],"damage_healed":5.0,"max_hp_gain":0.0,"max_hp_loss":0.0,"gold_gain":0.0,"event_name":"Bonfire Elementals","player_choice":"Offered Common","floor":25.0,"gold_loss":0.0,"damage_taken":0.0},{"cards_removed":["hermit:Manifest"],"damage_healed":5.0,"max_hp_gain":0.0,"max_hp_loss":0.0,"gold_gain":0.0,"event_name":"Bonfire Elementals","player_choice":"Offered Special","floor":25.0,"gold_loss":0.0,"damage_taken":0.0},{"damage_healed":0,"gold_gain":0,"player_choice":"Fight","damage_taken":0,"max_hp_gain":0,"max_hp_loss":0,"event_name":"Mysterious Sphere","floor":45,"gold_loss":0}],"is_beta":false,"boss_relics":[{"not_picked":["sneckomod:SneckoTalon","theSenshi:MoonKaleidoScopeRelic"],"picked":"construct:WeddingRing"},{"not_picked":["Calling Bell","Coffee Dripper"],"picked":"Cursed Key"}],"items_purged_floors":[10],"is_endless":false,"potions_floor_spawned":[2,6,8,12,15,19,21,33,36],"killed_by":"2 Orb Walkers","ascension_level":0}}