{"host":"cpsutu8lprjuipd6","time":1613319793,"event":{"mods":["BaseMod","Colored Map","Minty Spire (QoL Compilation)","Permanent Neow","StSLib","SuperFastMode","The Bug Knight","Together in Spire"],"gold_per_floor":[115,77,77,77,97,117,151,170,170,190,190,72,72,72],"floor_reached":13,"language":"KOR","playtime":1301,"items_purged":[],"score":85,"play_id":"94a7d25e-e0a6-4c5a-b604-1725af729e2e","local_time":"20210215012313","is_ascension_mode":false,"campfire_choices":[{"floor":11,"key":"REST"}],"circlet_count":0,"master_deck":["HollowMod:NailStrikeStart","HollowMod:NailStrikeStart","HollowMod:NailStrikeStart","HollowMod:NailStrikeStart","HollowMod:QuickDashStart","HollowMod:QuickDashStart","HollowMod:QuickDashStart","HollowMod:QuickDashStart","HollowMod:FocusHealStart","HollowMod:PogoStrike","HollowMod:SoulSplash","HollowMod:PerfectDash","Injury","HollowMod:DescendingDark","HollowMod:WraithStrike","HollowMod:InfectedAttack","HollowMod:NewJinnsSoul","HollowMod:DoubleDash","HollowMod:BrokenVessel","HollowMod:ShadowDash"],"relics":["HollowMod:VesselMask","Centennial Puzzle","Golden Idol","Strawberry","Blood Vial"],"acts_visited":["Exordium"],"potions_floor_usage":[7,13],"damage_taken":[{"damage":1,"enemies":"Cultist","floor":1,"turns":3},{"damage":7,"enemies":"Jaw Worm","floor":5,"turns":4},{"damage":1,"enemies":"2 Louse","floor":6,"turns":2},{"damage":58,"enemies":"Lagavulin","floor":7,"turns":11},{"damage":19,"enemies":"Exordium Thugs","floor":8,"turns":6},{"damage":9,"enemies":"Large Slime","floor":10,"turns":5},{"damage":38,"enemies":"3 Sentries","floor":13,"turns":10}],"seed_played":"1702186062477161685","potions_obtained":[{"floor":5,"key":"Explosive Potion"},{"floor":6,"key":"Ancient Potion"},{"floor":8,"key":"LiquidMemories"}],"is_trial":false,"path_per_floor":["M","$","?","?","M","M","E","M","T","M","R","$","E"],"character_chosen":"THE_BUGKNIGHT","items_purchased":["HollowMod:PerfectDash","HollowMod:BrokenVessel","HollowMod:ShadowDash"],"campfire_rested":1,"item_purchase_floors":[2,12,12],"current_hp_per_floor":[75,75,75,68,61,66,25,12,12,5,29,29,0,0],"gold":72,"neow_bonus":"RANDOM_COMMON_RELIC","is_daily":false,"chose_seed":false,"campfire_upgraded":0,"win_rate":0.0,"timestamp":1613319793,"path_taken":["M","?","?","?","M","M","E","?","T","M","R","$","E"],"items_purchased_type":["Card","Card","Card"],"build_version":"2020-12-22","purchased_purges":0,"victory":false,"max_hp_per_floor":[75,75,75,75,75,75,82,82,82,82,82,82,82,82],"card_choices":[{"not_picked":["HollowMod:LifebloodCocoon","HollowMod:ChannelNail"],"picked":"HollowMod:SoulSplash","floor":1},{"not_picked":["HollowMod:LifebloodCocoon","HollowMod:SoulEater"],"picked":"HollowMod:DescendingDark","floor":5},{"not_picked":["HollowMod:AbyssShriek","HollowMod:HeavyBlow"],"picked":"HollowMod:WraithStrike","floor":6},{"not_picked":["HollowMod:ShadowDash","HollowMod:VengefulVoid"],"picked":"HollowMod:InfectedAttack","floor":7},{"not_picked":["HollowMod:DashSlash","HollowMod:CloakDash"],"picked":"HollowMod:NewJinnsSoul","floor":8},{"not_picked":["HollowMod:BlackTendrils","HollowMod:CrystalDash"],"picked":"HollowMod:DoubleDash","floor":10}],"player_experience":74791,"relics_obtained":[{"floor":7,"key":"Strawberry"},{"floor":9,"key":"Blood Vial"}],"event_choices":[{"damage_healed":0,"gold_gain":0,"player_choice":"Take Wound","damage_taken":0,"relics_obtained":["Golden Idol"],"max_hp_gain":0,"max_hp_loss":0,"event_name":"Golden Idol","floor":3,"gold_loss":0,"cards_obtained":["Injury"]},{"damage_healed":0,"gold_gain":0,"player_choice":"Damaged","damage_taken":7,"max_hp_gain":0,"max_hp_loss":0,"event_name":"Wheel of Change","floor":4,"gold_loss":0}],"is_beta":false,"boss_relics":[],"items_purged_floors":[],"is_endless":false,"potions_floor_spawned":[5,6,8],"killed_by":"3 Sentries","ascension_level":0}}