{"host":"xaqbu5smr4aiu7ib","time":1613325616,"event":{"mods":["AchievementEnabler","Aspiration","BaseMod","BetterRewards","Downfall","HololiveMod","Hubris","Infinite Spire","Jedi Mod","Marisa????????","Minty Spire (QoL Compilation)","Permanent Neow","Quick Restart","Relic Filter","Replay The Spire","SOS???????","StSLib","The Poker Player","The Saiyan","The Servant 0.9.4","The Wild Card","TheBandit","TheFirefly","everything is the same but u backflip on backflip","slay the spire mod where everything is the same but ironclad has a cowboy hat"],"gold_per_floor":[112,132,145,159,26,26,26],"floor_reached":6,"language":"ENG","playtime":390,"items_purged":[],"score":38,"play_id":"573640fb-031a-4e25-82e5-6a9b4d114f40","local_time":"20210214130016","is_ascension_mode":false,"campfire_choices":[],"circlet_count":0,"master_deck":["Strike_G","Strike_G","Strike_G","Strike_G","Strike_G","Defend_G","Defend_G","Defend_G","Defend_G","Defend_G","Survivor","Neutralize","Fluid Movement","Outmaneuver","Hidden Blade","hexamod:FlamesFromBeyond","Infinite Blades","Flying Knee"],"relics":["Ring of the Snake","aspiration:Nostalgia","m_HexaRing"],"acts_visited":["Exordium"],"potions_floor_usage":[],"damage_taken":[{"damage":0.0,"enemies":"2 Louse","floor":1.0,"turns":3.0},{"damage":3.0,"enemies":"Jaw Worm","floor":2.0,"turns":7.0},{"damage":0,"enemies":"Small Slimes","floor":3,"turns":4},{"damage":11,"enemies":"Red Slaver","floor":4,"turns":7},{"damage":98,"enemies":"Gremlin Nob","floor":6,"turns":6}],"seed_played":"2384341623305428478","potions_obtained":[{"floor":1.0,"key":"FearPotion"},{"floor":4,"key":"SpeedPotion"}],"is_trial":false,"path_per_floor":["M","M","M","M","$","E"],"character_chosen":"THE_SILENT","items_purchased":["Infinite Blades","Flying Knee"],"campfire_rested":0,"item_purchase_floors":[5,5],"current_hp_per_floor":[70,67,67,56,56,0,0],"gold":26,"neow_bonus":"NOSTALGIA","is_daily":false,"chose_seed":false,"campfire_upgraded":0,"win_rate":0.0,"timestamp":1613325616,"path_taken":["M","M","M","M","$","E"],"items_purchased_type":["Card","Card"],"build_version":"2020-12-22","purchased_purges":0,"victory":false,"max_hp_per_floor":[70,70,70,70,70,70,70],"card_choices":[{"not_picked":["hexamod:Firestarter","Bane"],"picked":"Fluid Movement","floor":1.0},{"not_picked":["Sucker Punch","Tactician"],"picked":"Outmaneuver","floor":2},{"not_picked":["Bane","Leg Sweep"],"picked":"Hidden Blade","floor":3},{"not_picked":["ReplayTheSpireMod:Speed Training","PiercingWail"],"picked":"hexamod:FlamesFromBeyond","floor":4}],"player_experience":6505,"relics_obtained":[],"event_choices":[],"is_beta":false,"boss_relics":[],"items_purged_floors":[],"is_endless":false,"potions_floor_spawned":[1,4],"killed_by":"Gremlin Nob","ascension_level":0}}