{"host":"gtoa8h4im74f14p0","time":1613265822,"event":{"mods":["AchievementEnabler","BaseMod","Block Reminder","Colored Powertips","Downfall","Hermit","Minty Spire (QoL Compilation)","Reliquary","Shop Mod","StSLib","The Cursed","The Marked"],"gold_per_floor":[99,113,21,21,33,33,114,146,146,165,176,276,304,304,324,423,423,223,235,235,235,235],"floor_reached":20,"language":"ENG","playtime":1427,"items_purged":[],"score":232,"play_id":"4570be14-144c-4070-b1db-c7d939aa0450","local_time":"20210213202342","is_ascension_mode":false,"campfire_choices":[{"floor":1,"key":"RECALL"},{"floor":9,"key":"REST"},{"data":"Slimebound:MassRepurpose","floor":18,"key":"SMITH"}],"circlet_count":0,"master_deck":["Slimebound:Strike_Slimebound","Slimebound:Strike_Slimebound","Slimebound:Strike_Slimebound","Slimebound:Tackle","Slimebound:Defend_Slimebound","Slimebound:Defend_Slimebound","Slimebound:Defend_Slimebound","Slimebound:Defend_Slimebound","Slimebound:Split+1","Slimebound:CorrosiveSpit","Slimebound:LevelUp","Slimebound:MegaLick","Slimebound:SamplingLick","Slimebound:LeechEnergy","Slimebound:SplitLeeching","Slimebound:SlimeSpikes","Slimebound:Dissolve","Slimebound:PressTheAttack","Slimebound:MassRepurpose+1","Slimebound:LeadByExample","Slimebound:MassRepurpose","CurseOfTheBell","Slimebound:BestDefense"],"relics":["Slimebound:AbsorbEndCombat","reliquary:Stiletto","Gremlin Horn","Calling Bell","reliquary:SharkskinSheath","Pear","TungstenRod","downfall:HeartBlessingRed","downfall:HeartBlessingBlue"],"acts_visited":["Exordium","TheCity"],"potions_floor_usage":[3,19,20],"damage_taken":[{"damage":14,"enemies":"Jaw Worm","floor":2,"turns":3},{"damage":16,"enemies":"downfall:FleeingMerchant","floor":3,"turns":4},{"damage":0,"enemies":"Cultist","floor":5,"turns":3},{"damage":21,"enemies":"Gremlin Nob","floor":8,"turns":4},{"damage":3,"enemies":"Small Slimes","floor":10,"turns":4},{"damage":12,"enemies":"Blue Slaver","floor":11,"turns":3},{"damage":11,"enemies":"Lagavulin","floor":13,"turns":5},{"damage":9,"enemies":"2 Fungi Beasts","floor":15,"turns":3},{"damage":30,"enemies":"IC_STATUS_ARCHETYPE","floor":16,"turns":5},{"damage":26,"enemies":"downfall:LooterAlt2","floor":19,"turns":5},{"damage":84,"enemies":"downfall:Augmenter","floor":20,"turns":5}],"seed_played":"9001927883698348097","potions_obtained":[{"floor":2,"key":"DistilledChaos"},{"floor":4,"key":"bronze:BurnAndBuffPotion"},{"floor":4,"key":"Strength Potion"},{"floor":4,"key":"Dexterity Potion"},{"floor":5,"key":"Regen Potion"},{"floor":15,"key":"DuplicationPotion"},{"floor":19,"key":"Explosive Potion"}],"is_trial":false,"path_per_floor":["R","M","$","?","M","?","T","E","R","M","M","?","E","?","M","B",null,"R","M","?"],"character_chosen":"SLIMEBOUND","items_purchased":["Slimebound:SamplingLick","Slimebound:LeechEnergy"],"campfire_rested":1,"item_purchase_floors":[3,3],"current_hp_per_floor":[71,59,47,47,51,51,51,36,57,58,52,52,49,54,47,23,86,96,76,0,0,0],"gold":235,"neow_bonus":"TEN_PERCENT_HP_BONUS","is_daily":false,"chose_seed":false,"campfire_upgraded":1,"win_rate":0.0,"timestamp":1613265822,"path_taken":["R","M","$","?","?","?","T","E","R","M","M","?","E","?","M","BOSS","R","M","?"],"items_purchased_type":["Card","Card"],"build_version":"2020-12-22","purchased_purges":0,"victory":false,"max_hp_per_floor":[71,71,71,71,71,71,71,71,71,71,71,71,71,76,76,76,86,96,96,96,96,96],"card_choices":[{"not_picked":["Slimebound:FormOfPuddle","Slimebound:PressTheAttack"],"picked":"Slimebound:LevelUp","floor":2},{"not_picked":["Slimebound:Dissolve","Slimebound:ComboTackle"],"picked":"Slimebound:MegaLick","floor":3},{"not_picked":["Slimebound:GrowthPunch","Slimebound:SlimeBarrage"],"picked":"Slimebound:SplitLeeching","floor":5},{"not_picked":["Slimebound:Schlurp","Slimebound:GoopSpray"],"picked":"Slimebound:SlimeSpikes","floor":8},{"not_picked":["Slimebound:FinishingTackle","Slimebound:SlimeSpikes"],"picked":"Slimebound:Dissolve","floor":10},{"not_picked":["Slimebound:ProtectTheBoss","Slimebound:BestDefense"],"picked":"Slimebound:PressTheAttack","floor":11},{"not_picked":["Slimebound:SpikyOuterGoop","Slimebound:MegaLick"],"picked":"Slimebound:MassRepurpose","floor":13},{"not_picked":["Slimebound:FinishingTackle","Slimebound:LeechEnergy"],"picked":"Slimebound:LeadByExample","floor":15},{"not_picked":["Slimebound:MinionMaster","Slimebound:SlimeSlap"],"picked":"Slimebound:MassRepurpose","floor":16},{"not_picked":["Slimebound:GoopSpray","Slimebound:SlimeTap"],"picked":"Slimebound:BestDefense","floor":19}],"player_experience":21081,"relics_obtained":[{"floor":8,"key":"reliquary:Stiletto"},{"floor":13,"key":"Gremlin Horn"},{"floor":17,"key":"reliquary:SharkskinSheath"},{"floor":17,"key":"Pear"},{"floor":17,"key":"TungstenRod"}],"event_choices":[{"damage_healed":0,"gold_gain":0,"player_choice":"Got Potions","damage_taken":0,"max_hp_gain":0,"max_hp_loss":0,"event_name":"Lab","floor":4,"gold_loss":0},{"damage_healed":0,"gold_gain":0,"player_choice":"Grow","damage_taken":0,"max_hp_gain":0,"max_hp_loss":0,"event_name":"Living Wall","floor":6,"gold_loss":0,"cards_upgraded":["Slimebound:Split"]},{"damage_healed":0,"gold_gain":0,"player_choice":"Donut","damage_taken":0,"max_hp_gain":5,"max_hp_loss":0,"event_name":"Big Fish","floor":14,"gold_loss":0}],"is_beta":false,"boss_relics":[{"not_picked":["Empty Cage","Tiny House"],"picked":"Calling Bell"}],"items_purged_floors":[],"is_endless":false,"potions_floor_spawned":[2,5,15,19],"killed_by":"downfall:Augmenter","ascension_level":0}}