{"host":"k1qq3tnzhl68zvao","time":1613343645,"event":{"mods":["ATMod(阿瑾Mod)","AchievementEnabler","BaseMod","Colored Powertips","Conspire","DeckTracker","Downfall","Energized Spire","GifTheSpireLib","Minty Spire (QoL Compilation)","Quick Restart","Relic Filter Mod","Replay The Spire","Spicy Shops","StSLib","【遗物卡牌】REMEMod"],"gold_per_floor":[109,122,122,122,122,122,152,152,205,274,413,516,516,575,575,795,795,909,23,86,192,270,390,434,552,552,621,678,678,209,299,299,427,427,584,631,329,329,329,329,394,394,394,168,325,325,399,456,456,501],"floor_reached":51,"language":"ZHS","playtime":2713,"items_purged":["Strike_R","Strike_R","Defend_R","Strike_R","conspire:Purge+1"],"score":1805,"play_id":"fbcc27c1-7f0d-4c3c-bb82-d7dbcb7149b7","local_time":"20210215070045","is_ascension_mode":true,"campfire_choices":[{"data":"AT_BreakingExtremeWeapon","floor":6.0,"key":"SMITH"},{"data":"Flex","floor":8.0,"key":"SMITH"},{"data":"AT_BodySlamDance","floor":15.0,"key":"SMITH"},{"floor":32,"key":"REST"},{"data":"ReplayTheSpireMod:Strike From Hell","floor":40,"key":"SMITH"},{"data":"Armaments","floor":42,"key":"PURGE"},{"data":"Thunderclap+1","floor":46,"key":"PURGE"},{"data":"Pommel Strike","floor":49,"key":"SMITH"}],"circlet_count":0,"master_deck":["AscendersBane","Slimebound:OozeBath","AT_BreakingExtremeWeapon+1","AT_BodySlamDance+1","Flex+1","Feel No Pain+1","Burning Pact+1","Pommel Strike+1","ReplayTheSpireMod:Strike From Hell+1","ReplayTheSpireMod:Strike From Hell+1","REME_ACTH+1","Finesse"],"relics":["Burning Blood","AT_ATBox","REME_ComplimentaryCards","Paper Frog","AT_MibuBalloonWealth","conspire:Dentures","Replay:Bandana","conspire:SeveredTorchhead","Frozen Egg 2","TungstenRod","Whetstone","conspire:Boomerang","Pen Nib","Membership Card","Gremlin Food","Omamori","Orrery","conspire:RunicOctahedron","War Paint","Nunchaku","Peace Pipe","AT_ForceNature","Blue Candle","InkBottle"],"acts_visited":["Exordium","TheCity","TheBeyond"],"potions_floor_usage":[23,25],"damage_taken":[{"damage":0.0,"enemies":"Small Slimes","floor":1.0,"turns":3.0},{"damage":2.0,"enemies":"Jaw Worm","floor":2.0,"turns":3.0},{"damage":20.0,"enemies":"Gremlin Nob","floor":7.0,"turns":4.0},{"damage":10.0,"enemies":"2 Louse","floor":10.0,"turns":3.0},{"damage":12.0,"enemies":"Lots of Slimes","floor":11.0,"turns":3.0},{"damage":25.0,"enemies":"3 Sentries","floor":12.0,"turns":6.0},{"damage":0.0,"enemies":"Gremlin Nob","floor":14.0,"turns":2.0},{"damage":10.0,"enemies":"Fading Forest","floor":16.0,"turns":11.0},{"damage":32.0,"enemies":"3 Byrds","floor":18.0,"turns":5.0},{"damage":5,"enemies":"Spheric Guardian","floor":20,"turns":3},{"damage":5,"enemies":"3 Cultists","floor":21,"turns":4},{"damage":15,"enemies":"Cultist and Chosen","floor":22,"turns":6},{"damage":0,"enemies":"Gremlin Leader","floor":23,"turns":4},{"damage":0,"enemies":"Snake Plant","floor":24,"turns":1},{"damage":21,"enemies":"Slavers","floor":25,"turns":4},{"damage":25,"enemies":"Book of Stabbing","floor":27,"turns":3},{"damage":10,"enemies":"Snecko","floor":28,"turns":4},{"damage":0,"enemies":"Chosen and Byrds","floor":31,"turns":3},{"damage":21,"enemies":"conspire:MysteriousRune","floor":33,"turns":3},{"damage":4,"enemies":"3 Darklings","floor":35,"turns":2},{"damage":6,"enemies":"Orb Walker","floor":36,"turns":2},{"damage":4,"enemies":"Giant Head","floor":41,"turns":1},{"damage":0,"enemies":"3 Darklings","floor":45,"turns":1},{"damage":0,"enemies":"R_Hoarder","floor":47,"turns":3},{"damage":0,"enemies":"Writhing Mass","floor":48,"turns":1},{"damage":0,"enemies":"conspire:OrnateMirror","floor":50,"turns":1}],"seed_played":"646826162690253566","potions_obtained":[{"floor":10.0,"key":"PowerPotion"},{"floor":11.0,"key":"CultistPotion"},{"floor":21,"key":"Weak Potion"},{"floor":24,"key":"Ancient Potion"},{"floor":25,"key":"Elixir"},{"floor":28,"key":"Explosive Potion"},{"floor":35,"key":"Fire Potion"}],"is_trial":false,"path_per_floor":["M","M","?","?","?","R","E","R","T","M","M","E","?","E","R","B",null,"M","$","M","M","M","E","M","E","T","E","M","?","$","M","R","B",null,"M","M","$","?","?","R","E","R","T","$","M","R","E","M","R","B",null],"character_chosen":"IRONCLAD","items_purchased":["Frozen Egg 2","Feel No Pain+1","TungstenRod","Thunderclap","Membership Card","Gremlin Food","Omamori","Orrery","War Paint","Nunchaku","Blue Candle"],"campfire_rested":1,"item_purchase_floors":[19,19,19,19,30,30,30,30,37,37,44],"current_hp_per_floor":[81,82,75,75,70,70,56,56,56,52,46,27,27,33,33,37,71,45,45,46,47,38,44,50,35,35,16,12,12,12,18,42,27,68,70,70,70,70,70,70,72,72,72,72,78,78,82,82,82,82],"gold":501,"neow_bonus":"TEN_PERCENT_HP_BONUS","is_daily":false,"chose_seed":false,"campfire_upgraded":5,"win_rate":0.0,"timestamp":1613343645,"path_taken":["M","M","?","?","?","R","E","R","T","?","M","E","?","E","R","BOSS","M","$","M","M","M","E","M","E","T","E","M","?","$","M","R","BOSS","M","?","$","?","?","R","E","R","T","$","M","R","E","M","R","BOSS"],"items_purchased_type":["Relic","Card","Relic","Card","Relic","Relic","Relic","Relic","Relic","Relic","Relic"],"build_version":"2020-12-22","purchased_purges":5,"victory":true,"max_hp_per_floor":[82,82,82,82,82,82,82,82,82,82,82,82,82,82,82,82,82,82,82,82,82,82,82,82,82,82,82,82,82,82,82,82,82,82,82,82,82,82,82,82,82,82,82,82,82,82,82,82,82,82],"card_choices":[{"not_picked":["Perfected Strike","Flame Barrier"],"picked":"AT_BodySlamDance","floor":1.0},{"not_picked":["AT_BodySlamDance","Dual Wield","Warcry"],"picked":"SKIP","floor":2.0},{"not_picked":["Run Through","ReplayTheSpireMod:LeadingStrike"],"picked":"Flex","floor":7.0},{"not_picked":["AT_CaressingTears","True Grit"],"picked":"Iron Wave","floor":10.0},{"not_picked":["Intimidate","conspire:Charge","Sentinel"],"picked":"SKIP","floor":11.0},{"not_picked":["Wild Strike","AT_ManFootWork","AT_DiedThrough"],"picked":"SKIP","floor":12.0},{"not_picked":["AT_DiedThrough","Wild Strike"],"picked":"AT_BodySlamDance","floor":14.0},{"not_picked":["Barricade","Hemogenesis"],"picked":"conspire:Purge","floor":16.0},{"not_picked":["Rage","Infernal Blade","Defy Death"],"picked":"SKIP","floor":18.0},{"not_picked":["ReplayTheSpireMod:Stacked","Inflame+1","Body Slam"],"picked":"SKIP","floor":20},{"not_picked":["Clash","Body Slam"],"picked":"Armaments","floor":21},{"not_picked":["Warcry","Havoc","Wild Strike"],"picked":"SKIP","floor":22},{"not_picked":["Brutality+1","Twin Strike"],"picked":"Burning Pact+1","floor":23},{"not_picked":["Bloodletting","Anger+1","AT_DiedThrough"],"picked":"SKIP","floor":24},{"not_picked":["Replay:Undeath\u0027s Touch","ReplayReversal"],"picked":"Pommel Strike","floor":25},{"not_picked":["Heavy Blade+1","Sword Boomerang+1","True Grit"],"picked":"SKIP","floor":27},{"not_picked":["Anger","Replay:Undeath\u0027s Touch"],"picked":"ReplayTheSpireMod:Strike From Hell","floor":28},{"not_picked":["Abandon","ReplayReversal"],"picked":"ReplayTheSpireMod:Strike From Hell","floor":30},{"not_picked":["REME_FearOfPain+1","Defy Death"],"picked":"ReplayTheSpireMod:Strike From Hell","floor":30},{"not_picked":["ReplayTheSpireMod:Corrosion Curse","REME_Cut+1","Anger"],"picked":"SKIP","floor":31},{"not_picked":["Fiend Fire","Feed"],"picked":"REME_ACTH","floor":33},{"not_picked":["Cleave","Replay:Undeath\u0027s Touch","ReplayTheSpireMod:Strike From Hell"],"picked":"SKIP","floor":35},{"not_picked":["Iron Wave","AT_BodySlamDance","Pommel Strike"],"picked":"SKIP","floor":36},{"not_picked":["Mind Blast","REME_TwoStrings"],"picked":"Finesse","floor":38},{"not_picked":["Spot Weakness","Clothesline","Metallicize+1"],"picked":"SKIP","floor":41},{"not_picked":["Power Through","Perfected Strike","Flame Barrier"],"picked":"SKIP","floor":45},{"not_picked":["Headbutt","Thunderclap","Spot Weakness+1"],"picked":"SKIP","floor":47},{"not_picked":["AT_BodySlamDance","Iron Wave+1","Sword Boomerang+1"],"picked":"SKIP","floor":48}],"player_experience":594029,"relics_obtained":[{"floor":7.0,"key":"Paper Frog"},{"floor":9.0,"key":"AT_MibuBalloonWealth"},{"floor":12.0,"key":"conspire:Dentures"},{"floor":14.0,"key":"Replay:Bandana"},{"floor":23,"key":"Whetstone"},{"floor":25,"key":"conspire:Boomerang"},{"floor":27,"key":"Pen Nib"},{"floor":41,"key":"Peace Pipe"},{"floor":43,"key":"AT_ForceNature"},{"floor":47,"key":"InkBottle"}],"event_choices":[{"cards_removed":["Strike_R"],"damage_healed":0.0,"max_hp_gain":0.0,"max_hp_loss":0.0,"gold_gain":0.0,"event_name":"Golden Wing","player_choice":"Card Removal","floor":3.0,"gold_loss":0.0,"damage_taken":7.0},{"cards_removed":["Defend_R"],"damage_healed":0.0,"max_hp_gain":0.0,"max_hp_loss":0.0,"gold_gain":0.0,"event_name":"Living Wall","player_choice":"Forget","floor":4.0,"gold_loss":0.0,"damage_taken":0.0},{"damage_healed":0.0,"max_hp_gain":0.0,"max_hp_loss":0.0,"gold_gain":0.0,"event_name":"conspire:Investor","player_choice":"Leave","floor":5.0,"gold_loss":0.0,"damage_taken":0.0},{"cards_removed":["Limit Break"],"damage_healed":0,"gold_gain":0,"player_choice":"Purged","damage_taken":0,"max_hp_gain":0,"max_hp_loss":0,"event_name":"Purifier","floor":29,"gold_loss":0},{"damage_healed":0,"gold_gain":0,"player_choice":"Memory 1","damage_taken":0,"max_hp_gain":0,"max_hp_loss":0,"event_name":"SensoryStone","floor":38,"gold_loss":0},{"cards_removed":["ReplayTheSpireMod:Strike From Hell"],"damage_healed":0,"gold_gain":0,"player_choice":"Removed Attack","damage_taken":0,"max_hp_gain":0,"max_hp_loss":0,"event_name":"Falling","floor":39,"gold_loss":0}],"is_beta":false,"boss_relics":[{"not_picked":["bronze:MakeshiftBattery","Replay:Ancient Bell"],"picked":"conspire:SeveredTorchhead"},{"not_picked":["energizedSpire:SpiderWeb","Velvet Choker"],"picked":"conspire:RunicOctahedron"}],"items_purged_floors":[19,30,37,37,44],"is_endless":false,"potions_floor_spawned":[10,11,12,21,22,24,25,28,35,47],"ascension_level":17}}