{"host":"a5csdf9n4csbv6sp","time":1613325204,"event":{"mods":["BaseMod","Minty Spire (QoL Compilation)","Permanent Neow","Relic Stats"],"gold_per_floor":[115,133,31,46,65,65,93,93,93,93,122,38,48,66,66,145,145,165,184,184,204,129,164,164,64,64,83,83,83,102,112,112,185,185,199,199,246,258,133,133,167,167,193,193,222,254,288,288,288,288,288],"floor_reached":50,"language":"ENG","playtime":2295,"items_purged":["Streamline","Hello World","Pain"],"score":1276,"play_id":"c5639b22-8e62-4d8c-96ad-eaa0b507e88a","local_time":"20210215005324","is_ascension_mode":true,"campfire_choices":[{"data":"Electrodynamics","floor":6,"key":"SMITH"},{"data":"Capacitor","floor":8,"key":"SMITH"},{"floor":10,"key":"REST"},{"data":"Defragment","floor":15,"key":"SMITH"},{"floor":24,"key":"REST"},{"floor":32,"key":"REST"},{"floor":40,"key":"REST"},{"floor":42,"key":"REST"},{"floor":44,"key":"RECALL"},{"floor":49,"key":"REST"}],"circlet_count":0,"master_deck":["AscendersBane","Zap","Dualcast","Tempest","Rainbow","Electrodynamics+1","BootSequence","Darkness","Melter","Coolheaded","Coolheaded","Glacier","Conserve Battery","Capacitor+1","Ball Lightning","Compile Driver","Turbo+1","Defragment+1","Double Energy","Multi-Cast","Core Surge","Hologram","Leap+1","Recycle","Turbo","Parasite","Double Energy+1","Coolheaded"],"relics":["Pandora\u0027s Box","Ice Cream","Question Card","InkBottle","Cursed Key","Pen Nib","WarpedTongs","Runic Pyramid","WingedGreaves","Bottled Lightning","Bird Faced Urn","Toy Ornithopter","Calipers"],"acts_visited":["Exordium","TheCity","TheBeyond"],"potions_floor_usage":[16,21,21,45],"damage_taken":[{"damage":4,"enemies":"Cultist","floor":1,"turns":3},{"damage":8,"enemies":"Small Slimes","floor":2,"turns":2},{"damage":0,"enemies":"Jaw Worm","floor":4,"turns":3},{"damage":1,"enemies":"Large Slime","floor":5,"turns":5},{"damage":25,"enemies":"Gremlin Nob","floor":7,"turns":4},{"damage":9,"enemies":"Lagavulin","floor":11,"turns":6},{"damage":0,"enemies":"Gremlin Gang","floor":13,"turns":2},{"damage":0,"enemies":"3 Louse","floor":14,"turns":3},{"damage":16,"enemies":"Hexaghost","floor":16,"turns":10},{"damage":0,"enemies":"Chosen","floor":18,"turns":4},{"damage":16,"enemies":"2 Thieves","floor":19,"turns":3},{"damage":21,"enemies":"Snake Plant","floor":21,"turns":4},{"damage":38,"enemies":"Book of Stabbing","floor":23,"turns":4},{"damage":0,"enemies":"3 Cultists","floor":27,"turns":5},{"damage":1,"enemies":"Chosen and Byrds","floor":30,"turns":6},{"damage":14,"enemies":"Sentry and Sphere","floor":31,"turns":4},{"damage":9,"enemies":"Champ","floor":33,"turns":5},{"damage":6,"enemies":"Orb Walker","floor":35,"turns":4},{"damage":12,"enemies":"2 Orb Walkers","floor":37,"turns":2},{"damage":17,"enemies":"3 Darklings","floor":38,"turns":4},{"damage":0,"enemies":"Nemesis","floor":41,"turns":3},{"damage":33,"enemies":"Reptomancer","floor":45,"turns":4},{"damage":0,"enemies":"Nemesis","floor":46,"turns":5},{"damage":25,"enemies":"Giant Head","floor":47,"turns":5},{"damage":37,"enemies":"Awakened One","floor":50,"turns":2}],"seed_played":"-4058793843951643785","potions_obtained":[{"floor":2,"key":"ColorlessPotion"},{"floor":7,"key":"SkillPotion"},{"floor":11,"key":"AttackPotion"},{"floor":13,"key":"EntropicBrew"},{"floor":18,"key":"Ancient Potion"},{"floor":23,"key":"FearPotion"},{"floor":37,"key":"LiquidBronze"},{"floor":46,"key":"Ancient Potion"}],"is_trial":false,"path_per_floor":["M","M","$","M","M","R","E","R","T","R","E","$","M","M","R","B",null,"M","M","?","M","$","E","R","$","T","M","T","?","M","M","R","B",null,"M","?","?","M","$","R","E","R","T","R","E","E","E","?","R","B"],"character_chosen":"DEFECT","items_purchased":["Glacier","Conserve Battery","Defragment"],"campfire_rested":6,"item_purchase_floors":[3,3,12],"current_hp_per_floor":[60,52,52,52,51,51,26,26,26,47,38,38,38,38,38,22,59,59,43,43,22,22,5,26,26,26,26,26,26,25,11,32,23,59,53,53,41,24,24,44,44,64,64,64,31,35,14,14,34,0,0],"gold":288,"neow_bonus":"BOSS_RELIC","is_daily":false,"chose_seed":false,"campfire_upgraded":3,"win_rate":0.0,"timestamp":1613325204,"path_taken":["M","M","$","M","M","R","E","R","T","R","E","$","M","?","R","BOSS","M","M","?","M","$","E","R","?","T","?","?","?","?","M","R","BOSS","M","?","?","M","$","R","E","R","T","R","E","E","E","?","R","BOSS"],"items_purchased_type":["Card","Card","Card"],"build_version":"2020-12-22","purchased_purges":3,"victory":false,"max_hp_per_floor":[71,71,71,71,71,71,71,71,71,71,71,71,71,71,71,71,71,71,71,71,71,71,71,71,71,71,71,71,71,71,71,71,71,71,71,67,67,67,67,67,67,67,67,67,67,67,67,67,67,67,67],"relic_stats":{"counters":[25,102],"Bird Faced Urn":[10],"Pandora\u0027s Box":["Tempest","Rainbow","Electrodynamics","BootSequence","Hello World","Darkness","Streamline","Melter"],"Pen Nib":[2],"Question Card":19,"Cursed Key":1,"obtain_stats":[{"Ice Cream":7,"Calipers":47,"Pen Nib":23,"Question Card":9,"Cursed Key":17,"WarpedTongs":29,"Bird Faced Urn":45,"Pandora\u0027s Box":0,"WingedGreaves":37,"Bottled Lightning":41,"Cracked Core":0,"InkBottle":11,"Toy Ornithopter":46,"Runic Pyramid":34},{"Ice Cream":5,"Calipers":24,"Pen Nib":13,"Question Card":5,"Cursed Key":9,"WarpedTongs":14,"Bird Faced Urn":22,"Pandora\u0027s Box":0,"WingedGreaves":19,"Bottled Lightning":21,"Cracked Core":0,"InkBottle":6,"Toy Ornithopter":23,"Runic Pyramid":17},{"Ice Cream":17,"Calipers":100,"Pen Nib":53,"Question Card":17,"Cursed Key":38,"WarpedTongs":58,"Bird Faced Urn":90,"Pandora\u0027s Box":0,"WingedGreaves":79,"Bottled Lightning":86,"Cracked Core":0,"InkBottle":23,"Toy Ornithopter":95,"Runic Pyramid":73}],"InkBottle":[28],"Toy Ornithopter":0,"WarpedTongs":[44]},"card_choices":[{"not_picked":["Melter","Lockon"],"picked":"Coolheaded","floor":1},{"not_picked":["Redo","Beam Cell"],"picked":"Coolheaded","floor":2},{"not_picked":["Streamline","Cold Snap"],"picked":"Capacitor","floor":4},{"not_picked":["Leap","Meteor Strike"],"picked":"Ball Lightning","floor":5},{"not_picked":["Static Discharge","Darkness"],"picked":"Compile Driver","floor":7},{"not_picked":["Hologram","Gash","Compile Driver"],"picked":"Turbo","floor":11},{"not_picked":["Genetic Algorithm","Streamline","Ball Lightning"],"picked":"Double Energy","floor":13},{"not_picked":["Cold Snap","Gash","Steam"],"picked":"Multi-Cast","floor":14},{"not_picked":["Reboot","Rainbow","Multi-Cast"],"picked":"Core Surge","floor":16},{"not_picked":["Hello World","Leap","Conserve Battery"],"picked":"Hologram","floor":18},{"not_picked":["Steam Power","Chaos","Gash","Beam Cell"],"picked":"SKIP","floor":19},{"not_picked":["Leap","Reprogram","Stack","Conserve Battery"],"picked":"SKIP","floor":21},{"not_picked":["Hyperbeam","Beam Cell","Gash","Rebound"],"picked":"SKIP","floor":23},{"not_picked":["Gash","Aggregate","Barrage+1"],"picked":"Leap+1","floor":27},{"not_picked":["Static Discharge","Gash","Rip and Tear"],"picked":"Recycle","floor":30},{"not_picked":["Doom and Gloom","Recycle","Blizzard","Streamline"],"picked":"SKIP","floor":31},{"not_picked":["Sweeping Beam","Conserve Battery","Gash"],"picked":"Turbo","floor":35},{"not_picked":["Reinforced Body","Melter","Leap","Gash+1"],"picked":"SKIP","floor":38},{"not_picked":["Force Field","Hyperbeam","Redo","All For One"],"picked":"SKIP","floor":41},{"not_picked":["Redo","Multi-Cast","White Noise","Rip and Tear"],"picked":"SKIP","floor":45},{"not_picked":["Compile Driver+1","Streamline","Barrage"],"picked":"Double Energy+1","floor":46},{"not_picked":["Scrape","Auto Shields","Rebound"],"picked":"Coolheaded","floor":47}],"player_experience":1887750,"relics_obtained":[{"floor":7,"key":"Ice Cream"},{"floor":9,"key":"Question Card"},{"floor":11,"key":"InkBottle"},{"floor":23,"key":"Pen Nib"},{"floor":37,"key":"WingedGreaves"},{"floor":41,"key":"Bottled Lightning"},{"floor":45,"key":"Bird Faced Urn"},{"floor":46,"key":"Toy Ornithopter"},{"floor":47,"key":"Calipers"}],"event_choices":[{"damage_healed":0,"gold_gain":0,"player_choice":"Upgraded","damage_taken":0,"max_hp_gain":0,"max_hp_loss":0,"event_name":"Upgrade Shrine","floor":20,"gold_loss":0,"cards_upgraded":["Turbo"]},{"damage_healed":0,"gold_gain":0,"player_choice":"Rummage","damage_taken":0,"relics_obtained":["WarpedTongs"],"max_hp_gain":0,"max_hp_loss":0,"event_name":"Accursed Blacksmith","floor":29,"gold_loss":0,"cards_obtained":["Pain"]},{"damage_healed":0,"gold_gain":0,"player_choice":"Max HP","damage_taken":0,"max_hp_gain":0,"max_hp_loss":4,"event_name":"Winding Halls","floor":36,"gold_loss":0},{"damage_healed":0,"gold_gain":0,"player_choice":"Fight","damage_taken":0,"max_hp_gain":0,"max_hp_loss":0,"event_name":"Mysterious Sphere","floor":37,"gold_loss":0},{"damage_healed":0,"gold_gain":0,"player_choice":"Ignored","damage_taken":0,"max_hp_gain":0,"max_hp_loss":0,"event_name":"SecretPortal","floor":48,"gold_loss":0}],"is_beta":false,"boss_relics":[{"not_picked":["Runic Dome","Philosopher\u0027s Stone"],"picked":"Cursed Key"},{"not_picked":["Busted Crown","Empty Cage"],"picked":"Runic Pyramid"}],"items_purged_floors":[22,25,39],"is_endless":false,"potions_floor_spawned":[2,7,11,13,18,23,30,35,37,46,47],"killed_by":"Awakened One","ascension_level":20}}