{"host":"mi0eibewekhugwl1","time":1613316963,"event":{"mods":["AchievementEnabler","BaseMod","Colored Map","Colored Powertips","DeckTracker","Keyboard Shortcuts","Minty Spire (QoL Compilation)","Quick Restart","Rare Cards Sparkle","Relic Stats","StSLib","SuperFastMode","everything is the same but u backflip on backflip"],"gold_per_floor":[118,138,138,156,156,188,203,218,294,47,61,76,94,19,19,96,96,115,127,127,127,143,143,159,29,29,47,47,62,81,81,81,81,81],"floor_reached":33,"language":"KOR","playtime":765,"items_purged":[],"score":560,"play_id":"29cdf105-e9ff-4d34-b4cc-264a08a2d4f2","local_time":"20210215003603","is_ascension_mode":true,"campfire_choices":[{"data":"Disarm","floor":15,"key":"SMITH"},{"data":"Flame Barrier","floor":23,"key":"SMITH"},{"data":"Offering","floor":28,"key":"SMITH"},{"floor":32,"key":"REST"}],"circlet_count":0,"master_deck":["AscendersBane","Strike_R","Strike_R","Defend_R","Defend_R","Defend_R","Defend_R","Bash+1","Pommel Strike","Disarm+1","Flame Barrier+1","Shrug It Off","Battle Trance","Feed+1","Body Slam+1","Uppercut+1","Twin Strike+1","Offering+1","Sword Boomerang+1","Decay","Flex","Juggernaut","Power Through","Power Through+1","Shrug It Off"],"relics":["Burning Blood","Letter Opener","Molten Egg 2","Happy Flower","Philosopher\u0027s Stone","Bottled Lightning"],"acts_visited":["TheCity"],"potions_floor_usage":[6,12,19,24,24,33,33],"damage_taken":[{"damage":5,"enemies":"2 Louse","floor":1,"turns":4},{"damage":18,"enemies":"Small Slimes","floor":2,"turns":6},{"damage":5,"enemies":"Jaw Worm","floor":4,"turns":4},{"damage":32,"enemies":"Gremlin Nob","floor":6,"turns":4},{"damage":16,"enemies":"Lots of Slimes","floor":7,"turns":6},{"damage":7,"enemies":"Looter","floor":8,"turns":4},{"damage":8,"enemies":"2 Fungi Beasts","floor":11,"turns":3},{"damage":3,"enemies":"Blue Slaver","floor":12,"turns":4},{"damage":3,"enemies":"Looter","floor":13,"turns":3},{"damage":17,"enemies":"The Guardian","floor":16,"turns":17},{"damage":6,"enemies":"Chosen","floor":18,"turns":3},{"damage":7,"enemies":"3 Byrds","floor":19,"turns":5},{"damage":27,"enemies":"Snake Plant","floor":22,"turns":4},{"damage":6,"enemies":"Cultist and Chosen","floor":24,"turns":4},{"damage":35,"enemies":"Sentry and Sphere","floor":27,"turns":5},{"damage":6,"enemies":"Centurion and Healer","floor":29,"turns":5},{"damage":8,"enemies":"Snake Plant","floor":30,"turns":4},{"damage":81,"enemies":"Automaton","floor":33,"turns":10}],"seed_played":"-5099480376194410246","potions_obtained":[{"floor":2,"key":"BlessingOfTheForge"},{"floor":8,"key":"Energy Potion"},{"floor":11,"key":"Weak Potion"},{"floor":12,"key":"Fruit Juice"},{"floor":13,"key":"Explosive Potion"},{"floor":22,"key":"DistilledChaos"},{"floor":30,"key":"Weak Potion"}],"is_trial":false,"path_per_floor":["M","M","?","M","?","E","M","M","T","$","M","M","M","?","R","B",null,"M","M","?","?","M","R","M","$","T","M","R","M","M","?","R","B"],"character_chosen":"IRONCLAD","items_purchased":["Feed+1","Happy Flower","Power Through","PowerPotion"],"campfire_rested":1,"item_purchase_floors":[10,10,25,25],"current_hp_per_floor":[69,57,57,58,63,37,27,26,26,26,28,36,43,43,43,32,78,82,85,85,85,68,68,72,72,72,43,43,43,45,45,78,0,0],"gold":81,"neow_bonus":"UPGRADE_CARD","is_daily":false,"chose_seed":false,"campfire_upgraded":3,"win_rate":0.0,"timestamp":1613316963,"path_taken":["M","M","?","M","?","E","M","?","T","?","M","?","M","?","R","BOSS","M","M","?","?","M","R","M","$","T","M","R","M","M","?","R","BOSS"],"items_purchased_type":["Card","Relic","Card","Potion"],"build_version":"2020-12-22","purchased_purges":0,"victory":false,"max_hp_per_floor":[75,75,75,75,80,80,80,80,80,80,84,89,93,93,93,93,93,97,101,101,101,105,105,109,109,109,109,109,109,113,113,113,113,113],"relic_stats":{"Happy Flower":[22],"counters":[18,95],"Letter Opener":[98],"obtain_stats":[{"Happy Flower":10,"Molten Egg 2":9,"Philosopher\u0027s Stone":17,"Letter Opener":6,"Bottled Lightning":26,"Burning Blood":0},{"Happy Flower":6,"Molten Egg 2":6,"Philosopher\u0027s Stone":10,"Letter Opener":4,"Bottled Lightning":14,"Burning Blood":0},{"Happy Flower":28,"Molten Egg 2":28,"Philosopher\u0027s Stone":55,"Letter Opener":18,"Bottled Lightning":71,"Burning Blood":0}],"Burning Blood":102},"card_choices":[{"not_picked":["Body Slam","Spot Weakness"],"picked":"Pommel Strike","floor":1},{"not_picked":["Armaments","Blood for Blood"],"picked":"Disarm","floor":2},{"not_picked":["Infernal Blade","Shrug It Off"],"picked":"Flame Barrier","floor":4},{"not_picked":["Feel No Pain","Berserk","Brutality"],"picked":"SKIP","floor":6},{"not_picked":["Feel No Pain","Berserk","Brutality"],"picked":"SKIP","floor":6},{"not_picked":["Dropkick","Headbutt"],"picked":"Shrug It Off","floor":7},{"not_picked":["Feel No Pain","Warcry"],"picked":"Battle Trance","floor":8},{"not_picked":["Dual Wield","Thunderclap+1"],"picked":"Body Slam+1","floor":11},{"not_picked":["Pummel+1","Pommel Strike+1"],"picked":"Uppercut+1","floor":12},{"not_picked":["Seeing Red","Anger+1"],"picked":"Twin Strike+1","floor":13},{"not_picked":["Juggernaut","Demon Form"],"picked":"Offering","floor":16},{"not_picked":["True Grit+1","Reckless Charge+1"],"picked":"Sword Boomerang+1","floor":18},{"not_picked":["Armaments","Headbutt+1","Warcry"],"picked":"SKIP","floor":19},{"not_picked":["True Grit","Heavy Blade+1","Twin Strike+1"],"picked":"SKIP","floor":22},{"not_picked":["Sword Boomerang+1","Flex","Disarm"],"picked":"SKIP","floor":24},{"not_picked":["Armaments","Clash+1"],"picked":"Power Through+1","floor":27},{"not_picked":["Berserk","Dark Embrace+1"],"picked":"Shrug It Off","floor":29},{"not_picked":["Perfected Strike+1","Heavy Blade+1","Wild Strike+1"],"picked":"SKIP","floor":30}],"player_experience":1804609,"relics_obtained":[{"floor":6,"key":"Letter Opener"},{"floor":9,"key":"Molten Egg 2"},{"floor":26,"key":"Bottled Lightning"}],"event_choices":[{"damage_healed":0,"gold_gain":0,"player_choice":"Ignored","damage_taken":0,"max_hp_gain":0,"max_hp_loss":0,"event_name":"Liars Game","floor":3,"gold_loss":0},{"damage_healed":0,"gold_gain":0,"player_choice":"Donut","damage_taken":0,"max_hp_gain":5,"max_hp_loss":0,"event_name":"Big Fish","floor":5,"gold_loss":0},{"cards_removed":["Strike_R"],"damage_healed":0,"gold_gain":0,"player_choice":"Card Removal","damage_taken":0,"max_hp_gain":0,"max_hp_loss":0,"event_name":"The Cleric","floor":14,"gold_loss":75},{"damage_healed":0,"gold_gain":0,"player_choice":"Smashed Altar","damage_taken":0,"max_hp_gain":0,"max_hp_loss":0,"event_name":"Forgotten Altar","floor":20,"gold_loss":0,"cards_obtained":["Decay"]},{"damage_healed":0,"gold_gain":0,"cards_transformed":["Strike_R","Strike_R"],"player_choice":"Became Test Subject","damage_taken":0,"max_hp_gain":0,"max_hp_loss":0,"event_name":"Drug Dealer","floor":21,"gold_loss":0,"cards_obtained":["Flex","Juggernaut"]},{"damage_healed":0,"gold_gain":0,"player_choice":"Ignored","damage_taken":0,"max_hp_gain":0,"max_hp_loss":0,"event_name":"Ghosts","floor":31,"gold_loss":0}],"is_beta":false,"boss_relics":[{"not_picked":["Velvet Choker","Calling Bell"],"picked":"Philosopher\u0027s Stone"}],"items_purged_floors":[],"is_endless":false,"potions_floor_spawned":[2,8,11,12,13,18,22,30],"killed_by":"Automaton","ascension_level":20}}