{"host":"y3h3n3f7seyagppx","time":1613285426,"event":{"mods":["AlwaysNeverKeys","BaseMod","Better Vampires","Colored Powertips","DeckTracker","Emptier Cage","Minty Spire (QoL Compilation)","Permanent Neow","Quick Restart","Rare Cards Sparkle","Relic Sorter","Relic Stats","StSLib","Transform Curses"],"gold_per_floor":[114,126,126,51,68,68,93,108,181,206,224,70,81,111,111,184,184,202,37,49,65,15,47,47,80,80,100,131,131,165,11,11,83,83,100,117,131,1130,1145,1176,427,456,479,513,562,562,580,613,613,613,613,613,613,45,79,79],"floor_reached":57,"language":"ENG","playtime":4375,"items_purged":["Strike_R","Strike_R","Normality","Strike_R"],"score":3440,"play_id":"ecbb6cac-e64a-4f2f-89bd-e7282fa7ff64","local_time":"20210214015026","is_ascension_mode":true,"campfire_choices":[{"data":"Inflame","floor":6.0,"key":"SMITH"},{"data":"Fiend Fire","floor":15,"key":"SMITH"},{"data":"Power Through","floor":32,"key":"SMITH"},{"data":"Impervious","floor":49,"key":"SMITH"},{"data":"Shrug It Off","floor":53,"key":"SMITH"}],"circlet_count":0,"master_deck":["AscendersBane","Strike_R","Strike_R","Defend_R","Defend_R","Defend_R","Defend_R","Bash","Twin Strike","Inflame+1","Offering","Feed","Evolve","Power Through+1","Impervious+1","Fiend Fire+1","Immolate","Shrug It Off+1","Shockwave","Entrench+1","True Grit+1","Shockwave","Headbutt+1","Body Slam+1","Limit Break","Power Through+1","Sword Boomerang+1","Sword Boomerang+1","Battle Trance+1","Clumsy","Seeing Red+1","Master of Strategy","Madness","Reaper+1","Burning Pact","Limit Break"],"relics":["Burning Blood","Nunchaku","Oddly Smooth Stone","Du-Vu Doll","Bottled Tornado","Art of War","Dead Branch","Cursed Key","MealTicket","Magic Flower","Lantern","Omamori","Bag of Marbles","Molten Egg 2","Sundial","Sozu","CaptainsWheel","ClockworkSouvenir","Pen Nib","InkBottle","Happy Flower","Vajra","HornCleat","Unceasing Top","Self Forming Clay","Charon\u0027s Ashes"],"acts_visited":["Exordium","TheCity","TheBeyond","TheEnding"],"potions_floor_usage":[13,18,23],"damage_taken":[{"damage":5.0,"enemies":"Jaw Worm","floor":1.0,"turns":6.0},{"damage":6.0,"enemies":"Cultist","floor":2.0,"turns":3.0},{"damage":0.0,"enemies":"Small Slimes","floor":5.0,"turns":3.0},{"damage":14.0,"enemies":"Gremlin Nob","floor":7.0,"turns":3.0},{"damage":11.0,"enemies":"Exordium Thugs","floor":8.0,"turns":3.0},{"damage":18.0,"enemies":"3 Sentries","floor":10.0,"turns":5.0},{"damage":23.0,"enemies":"Gremlin Gang","floor":11.0,"turns":5.0},{"damage":6,"enemies":"Looter","floor":13,"turns":1},{"damage":10,"enemies":"Lagavulin","floor":14,"turns":7},{"damage":34,"enemies":"The Guardian","floor":16,"turns":12},{"damage":0,"enemies":"Chosen","floor":18,"turns":2},{"damage":20,"enemies":"3 Byrds","floor":20,"turns":4},{"damage":12,"enemies":"Snecko","floor":21,"turns":3},{"damage":12,"enemies":"Book of Stabbing","floor":23,"turns":1},{"damage":6,"enemies":"Gremlin Leader","floor":25,"turns":4},{"damage":12,"enemies":"Snake Plant","floor":27,"turns":5},{"damage":0,"enemies":"Slavers","floor":28,"turns":6},{"damage":9,"enemies":"Book of Stabbing","floor":30,"turns":3},{"damage":70,"enemies":"Collector","floor":33,"turns":9},{"damage":9,"enemies":"3 Darklings","floor":35,"turns":6},{"damage":7,"enemies":"3 Shapes","floor":36,"turns":5},{"damage":6,"enemies":"Jaw Worm Horde","floor":37,"turns":3},{"damage":17,"enemies":"4 Shapes","floor":39,"turns":4},{"damage":9,"enemies":"Nemesis","floor":40,"turns":5},{"damage":6,"enemies":"Reptomancer","floor":42,"turns":2},{"damage":13,"enemies":"Giant Head","floor":44,"turns":7},{"damage":0,"enemies":"2 Orb Walkers","floor":45,"turns":2},{"damage":6,"enemies":"Maw","floor":47,"turns":2},{"damage":0,"enemies":"Reptomancer","floor":48,"turns":2},{"damage":32,"enemies":"Time Eater","floor":50,"turns":7},{"damage":6,"enemies":"Donu and Deca","floor":51,"turns":4},{"damage":12,"enemies":"Shield and Spear","floor":55,"turns":2},{"damage":45,"enemies":"The Heart","floor":56,"turns":6}],"seed_played":"4738193084574116368","potions_obtained":[{"floor":3.0,"key":"BlessingOfTheForge"},{"floor":3.0,"key":"FearPotion"},{"floor":10.0,"key":"FairyPotion"},{"floor":13,"key":"LiquidBronze"},{"floor":16,"key":"PowerPotion"},{"floor":20,"key":"Energy Potion"},{"floor":21,"key":"Regen Potion"},{"floor":27,"key":"BlessingOfTheForge"}],"is_trial":false,"path_per_floor":["M","M","?","$","M","R","E","M","T","E","M","$","M","E","R","B",null,"M","$","M","M","?","E","$","E","T","M","E","$","E","$","R","B",null,"M","M","M","?","M","E","$","E","T","E","?","?","M","E","R","B","B",null,"R","$","E","B",null],"character_chosen":"IRONCLAD","items_purchased":["Impervious","MealTicket","Body Slam+1","ClockworkSouvenir","Pen Nib","InkBottle","Charon\u0027s Ashes","Burning Pact"],"campfire_rested":0,"item_purchase_floors":[12,19,31,41,41,41,54,54],"current_hp_per_floor":[69,69,69,69,75,75,67,65,65,56,42,42,46,45,45,20,76,82,82,71,68,68,65,80,88,88,85,94,103,106,106,106,45,91,91,103,111,111,108,113,121,121,121,123,128,118,121,131,131,131,131,131,131,131,131,116],"gold":79,"neow_bonus":"RANDOM_COMMON_RELIC","is_daily":false,"chose_seed":false,"campfire_upgraded":5,"win_rate":0.0,"timestamp":1613285426,"path_taken":["M","M","?","$","M","R","E","M","T","E","M","$","M","E","R","BOSS","M","?","M","?","?","E","?","E","T","?","E","$","E","$","R","BOSS","M","M","M","?","M","E","$","E","T","E","?","?","M","E","R","BOSS","BOSS","R","$","E","BOSS"],"items_purchased_type":["Card","Relic","Card","Relic","Relic","Relic","Relic","Card"],"build_version":"2020-12-22","purchased_purges":4,"victory":true,"max_hp_per_floor":[75,75,75,75,75,75,75,78,78,81,84,84,88,91,91,94,94,94,94,97,100,100,100,100,103,103,103,103,103,106,106,106,106,106,106,112,115,115,118,121,121,121,121,125,128,128,128,131,131,131,131,131,131,131,131,131],"relic_stats":{"Happy Flower":[10],"counters":[33,142],"Self Forming Clay":[84],"Dead Branch":[226],"Magic Flower":[72],"Pen Nib":[7],"Charon\u0027s Ashes":[90],"Cursed Key":2,"Burning Blood":227,"Sozu":4,"Nunchaku":[1],"Sundial":[4],"MealTicket":32,"Art of War":[19],"obtain_stats":[{"Lantern":23,"Magic Flower":22,"Vajra":43,"Bottled Tornado":9,"Cursed Key":17,"Burning Blood":0,"ClockworkSouvenir":41,"Sozu":34,"Nunchaku":55,"HornCleat":44,"Sundial":30,"MealTicket":19,"InkBottle":41,"Happy Flower":42,"Self Forming Clay":48,"Dead Branch":14,"Oddly Smooth Stone":0,"Pen Nib":41,"Charon\u0027s Ashes":54,"Omamori":25,"Du-Vu Doll":7,"CaptainsWheel":40,"Molten Egg 2":28,"Art of War":10,"Bag of Marbles":26,"Unceasing Top":45},{"Lantern":14,"Magic Flower":13,"Vajra":25,"Bottled Tornado":5,"Cursed Key":10,"Burning Blood":0,"ClockworkSouvenir":24,"Sozu":19,"Nunchaku":32,"HornCleat":26,"Sundial":18,"MealTicket":11,"InkBottle":24,"Happy Flower":25,"Self Forming Clay":29,"Dead Branch":9,"Oddly Smooth Stone":0,"Pen Nib":24,"Charon\u0027s Ashes":31,"Omamori":15,"Du-Vu Doll":4,"CaptainsWheel":24,"Molten Egg 2":17,"Art of War":6,"Bag of Marbles":15,"Unceasing Top":27},{"Lantern":58,"Magic Flower":57,"Vajra":110,"Bottled Tornado":18,"Cursed Key":48,"Burning Blood":0,"ClockworkSouvenir":108,"Sozu":85,"Nunchaku":136,"HornCleat":117,"Sundial":76,"MealTicket":50,"InkBottle":108,"Happy Flower":110,"Self Forming Clay":123,"Dead Branch":36,"Oddly Smooth Stone":0,"Pen Nib":108,"Charon\u0027s Ashes":134,"Omamori":62,"Du-Vu Doll":15,"CaptainsWheel":108,"Molten Egg 2":73,"Art of War":23,"Bag of Marbles":62,"Unceasing Top":119}],"InkBottle":[17],"Unceasing Top":[0]},"card_choices":[{"not_picked":["Searing Blow","Armaments"],"picked":"Twin Strike","floor":1.0},{"not_picked":["Iron Wave","Pommel Strike"],"picked":"Inflame","floor":2.0},{"not_picked":["Rage","Warcry"],"picked":"Offering","floor":5.0},{"not_picked":["Evolve","Pommel Strike"],"picked":"Feed","floor":7.0},{"not_picked":["Hemokinesis","Havoc"],"picked":"Evolve","floor":8.0},{"not_picked":["Carnage","Combust"],"picked":"Power Through","floor":10.0},{"not_picked":["Flex","Thunderclap","Headbutt"],"picked":"SKIP","floor":11.0},{"not_picked":["Flex","Thunderclap","Headbutt"],"picked":"SKIP","floor":11.0},{"not_picked":["Iron Wave","Warcry","Dropkick"],"picked":"SKIP","floor":13},{"not_picked":["Rupture","Dropkick"],"picked":"Fiend Fire","floor":14},{"not_picked":["Bludgeon","Fiend Fire"],"picked":"Immolate","floor":16},{"not_picked":["Iron Wave","True Grit","Evolve"],"picked":"SKIP","floor":18},{"not_picked":["Flex","Havoc"],"picked":"Shrug It Off","floor":20},{"not_picked":["Intimidate","Body Slam"],"picked":"Shockwave","floor":21},{"not_picked":["Seeing Red","Twin Strike+1"],"picked":"Entrench+1","floor":23},{"not_picked":["Offering","Feed"],"picked":"True Grit+1","floor":25},{"not_picked":["Searing Blow","Havoc"],"picked":"Shockwave","floor":27},{"not_picked":["Rupture+1","Perfected Strike+1","Wild Strike+1"],"picked":"SKIP","floor":28},{"not_picked":["Havoc","Metallicize"],"picked":"Headbutt+1","floor":30},{"not_picked":["Feed+1","Juggernaut"],"picked":"Limit Break","floor":33},{"not_picked":["Spot Weakness","Burning Pact"],"picked":"Power Through+1","floor":35},{"not_picked":["Cleave+1","Searing Blow+1","True Grit"],"picked":"SKIP","floor":36},{"not_picked":["Clash+1","Entrench+1"],"picked":"Sword Boomerang+1","floor":37},{"not_picked":["Clash+1","Carnage+1"],"picked":"Sword Boomerang+1","floor":39},{"not_picked":["Cleave+1","Hemokinesis+1","Shockwave+1"],"picked":"SKIP","floor":40},{"not_picked":["Offering","Hemokinesis+1"],"picked":"Battle Trance+1","floor":42},{"not_picked":["True Grit","Cleave+1","Clash+1"],"picked":"SKIP","floor":44},{"not_picked":["Wild Strike+1","Anger+1"],"picked":"Seeing Red+1","floor":45},{"not_picked":["Bandage Up","Deep Breath"],"picked":"Master of Strategy","floor":46},{"not_picked":["Bandage Up","Dramatic Entrance+1"],"picked":"Madness","floor":46},{"not_picked":["Heavy Blade+1","Rampage+1","Shockwave"],"picked":"SKIP","floor":47},{"not_picked":["True Grit","Iron Wave+1"],"picked":"Reaper+1","floor":48},{"not_picked":["Body Slam+1","True Grit+1"],"picked":"Limit Break","floor":55}],"player_experience":22179367,"relics_obtained":[{"floor":7.0,"key":"Du-Vu Doll"},{"floor":9.0,"key":"Bottled Tornado"},{"floor":10.0,"key":"Art of War"},{"floor":14,"key":"Dead Branch"},{"floor":23,"key":"Lantern"},{"floor":25,"key":"Omamori"},{"floor":26,"key":"Bag of Marbles"},{"floor":28,"key":"Molten Egg 2"},{"floor":30,"key":"Sundial"},{"floor":40,"key":"CaptainsWheel"},{"floor":42,"key":"Happy Flower"},{"floor":43,"key":"Vajra"},{"floor":44,"key":"HornCleat"},{"floor":45,"key":"Unceasing Top"},{"floor":48,"key":"Self Forming Clay"},{"floor":55,"key":"Nunchaku"}],"event_choices":[{"damage_healed":0.0,"max_hp_gain":0.0,"max_hp_loss":0.0,"gold_gain":0.0,"event_name":"Lab","player_choice":"Got Potions","floor":3.0,"gold_loss":0.0,"damage_taken":0.0},{"damage_healed":0,"gold_gain":0,"player_choice":"Paid Gold","damage_taken":0,"relics_obtained":["Magic Flower"],"max_hp_gain":0,"max_hp_loss":0,"event_name":"WeMeetAgain","floor":22,"gold_loss":50},{"damage_healed":0,"gold_gain":999,"player_choice":"Gold","damage_taken":0,"max_hp_gain":0,"max_hp_loss":0,"event_name":"MindBloom","floor":38,"gold_loss":0,"cards_obtained":["Normality","Normality"]},{"damage_healed":0,"gold_gain":0,"player_choice":"Fight","damage_taken":0,"max_hp_gain":0,"max_hp_loss":0,"event_name":"Mysterious Sphere","floor":45,"gold_loss":0},{"damage_healed":0,"gold_gain":0,"player_choice":"Memory 3","damage_taken":10,"max_hp_gain":0,"max_hp_loss":0,"event_name":"SensoryStone","floor":46,"gold_loss":0}],"is_beta":false,"boss_relics":[{"not_picked":["Mark of Pain","Busted Crown"],"picked":"Cursed Key"},{"not_picked":["Runic Cube","Tiny House"],"picked":"Sozu"}],"items_purged_floors":[4,31,41,54],"is_endless":false,"potions_floor_spawned":[7,10,11,13,16,20,21,27,28,33,35,39,42,44,45],"ascension_level":20}}