{"host":"9viy3memdfgcf4vy","time":1613307451,"event":{"mods":["BaseMod","Colored Map","Downfall","Minty Spire (QoL Compilation)","StSLib"],"gold_per_floor":[99,118,135,160,172,215,280,312,340,352,375,487,499,522,544,634,646,658,680,262,537,554,585,612,631,643,643,643,643],"floor_reached":27,"language":"ENG","playtime":1939,"items_purged":["Slimebound:SplitLeeching"],"score":415,"play_id":"ec38686c-7f9e-4451-b4c8-fdca95a376d3","local_time":"20210214145731","is_ascension_mode":true,"campfire_choices":[{"data":"Slimebound:Split","floor":1,"key":"SMITH"},{"floor":10,"key":"REST"},{"floor":13,"key":"REST"},{"floor":18,"key":"RECALL"}],"circlet_count":0,"master_deck":["AscendersBane","Slimebound:Strike_Slimebound","Slimebound:Strike_Slimebound","Slimebound:Strike_Slimebound+1","Slimebound:Tackle","Slimebound:Defend_Slimebound","Slimebound:Defend_Slimebound","Slimebound:Defend_Slimebound","Slimebound:Defend_Slimebound","Slimebound:Split+1","Slimebound:CorrosiveSpit","Secret Weapon","Slimebound:ForwardTackle+1","Slimebound:Equalize+1","Slimebound:HauntingLick","Slimebound:SlimeSpikes","Slimebound:SplitSpecialist","Slimebound:RollThrough","Slimebound:OneTwoCombo","Slimebound:MegaLick","Slimebound:SlimeBarrage","Apotheosis","Slimebound:Gluttony"],"relics":["Slimebound:AbsorbEndCombat","MawBank","Omamori","Whetstone","Potion Belt","Coffee Dripper","MealTicket","Bottled Lightning"],"acts_visited":["Exordium","TheCity"],"potions_floor_usage":[16,16,16,16,23,23],"damage_taken":[{"damage":5,"enemies":"Cultist","floor":2,"turns":5},{"damage":13,"enemies":"Small Slimes","floor":3,"turns":7},{"damage":36,"enemies":"Lagavulin","floor":6,"turns":7},{"damage":2,"enemies":"Jaw Worm","floor":8,"turns":4},{"damage":15,"enemies":"Gremlin Gang","floor":9,"turns":6},{"damage":20,"enemies":"Exordium Thugs","floor":11,"turns":6},{"damage":39,"enemies":"downfall:LadyInBlue","floor":12,"turns":10},{"damage":9,"enemies":"3 Louse","floor":14,"turns":2},{"damage":10,"enemies":"Large Slime","floor":15,"turns":4},{"damage":11,"enemies":"SI_SHIV_ARCHETYPE","floor":16,"turns":5},{"damage":4,"enemies":"Shell Parasite","floor":19,"turns":4},{"damage":4,"enemies":"downfall:FleeingMerchant","floor":20,"turns":4},{"damage":7,"enemies":"Chosen","floor":22,"turns":4},{"damage":23,"enemies":"Slavers","floor":23,"turns":3},{"damage":12,"enemies":"3 Cultists","floor":25,"turns":4},{"damage":15,"enemies":"Snake Plant","floor":26,"turns":3},{"damage":64,"enemies":"Book of Stabbing","floor":27,"turns":4}],"seed_played":"-3535398034938444027","potions_obtained":[{"floor":3,"key":"hexamod:SoulburnPotion"},{"floor":6,"key":"sneckomod:MuddlingPotion"},{"floor":8,"key":"Energy Potion"},{"floor":12,"key":"Regen Potion"},{"floor":12,"key":"BlessingOfTheForge"},{"floor":12,"key":"Strength Potion"},{"floor":19,"key":"SneckoOil"},{"floor":22,"key":"Explosive Potion"}],"is_trial":false,"path_per_floor":["R","M","M","T","?","E","T","M","M","R","M","?","R","M","M","B",null,"R","M","$","?","M","E","T","M","M","E"],"character_chosen":"SLIMEBOUND","items_purchased":["Apotheosis","MealTicket"],"campfire_rested":2,"item_purchase_floors":[20,20],"current_hp_per_floor":[38,39,32,32,32,12,12,22,17,34,28,9,26,19,25,40,54,54,59,59,59,56,50,50,49,50,0,0,0],"gold":643,"neow_bonus":"RANDOM_COLORLESS_2","is_daily":false,"chose_seed":false,"campfire_upgraded":1,"win_rate":0.0,"timestamp":1613307451,"path_taken":["R","M","M","?","?","E","T","?","M","R","?","?","R","M","M","BOSS","R","?","$","?","M","E","T","?","M","E"],"items_purchased_type":["Card","Relic"],"build_version":"2020-12-22","purchased_purges":1,"victory":false,"max_hp_per_floor":[59,59,59,59,59,59,59,59,59,59,59,59,59,59,59,59,59,59,59,59,59,59,59,59,59,59,59,59,59],"card_choices":[{"not_picked":["Transmutation","Magnetism"],"picked":"Secret Weapon","floor":0},{"not_picked":["Slimebound:DisruptingSlam","Slimebound:FlameTackle"],"picked":"Slimebound:ForwardTackle","floor":2},{"not_picked":["Slimebound:SplitAcid","Slimebound:Nibble"],"picked":"Slimebound:Equalize","floor":3},{"not_picked":["Slimebound:RejuvenatingLick","Slimebound:FlameTackle"],"picked":"Slimebound:SplitLeeching","floor":6},{"not_picked":["Slimebound:SplitBruiser","Slimebound:ComboTackle","Slimebound:LeechEnergy"],"picked":"SKIP","floor":8},{"not_picked":["Slimebound:LeechingTouch","Slimebound:RejuvenatingLick"],"picked":"Slimebound:HauntingLick","floor":9},{"not_picked":["Slimebound:SplitMire","Slimebound:SplitAcid"],"picked":"Slimebound:SlimeSpikes","floor":11},{"not_picked":["Slimebound:ItLooksTasty","Slimebound:RainOfGoop"],"picked":"Slimebound:SplitSpecialist","floor":14},{"not_picked":["Slimebound:Repurpose","Slimebound:SplitLeeching"],"picked":"Slimebound:RollThrough","floor":15},{"not_picked":["Slimebound:DouseInSlime","Slimebound:SlimeSlap"],"picked":"Slimebound:OneTwoCombo","floor":16},{"not_picked":["Slimebound:RejuvenatingLick","Slimebound:ComboTackle"],"picked":"Slimebound:MegaLick","floor":19},{"not_picked":["Slimebound:GoopTackle+1","Slimebound:LeechEnergy"],"picked":"Slimebound:SlimeBarrage","floor":20},{"not_picked":["Slimebound:HauntingLick","Slimebound:SamplingLick","Slimebound:SelfFormingGoo"],"picked":"SKIP","floor":22},{"not_picked":["Slimebound:HungryTackle","Slimebound:SamplingLick"],"picked":"Slimebound:Gluttony","floor":23},{"not_picked":["Slimebound:SamplingLick","Slimebound:FinishingTackle","Slimebound:Schlurp"],"picked":"SKIP","floor":25},{"not_picked":["Slimebound:LivingWall","Slimebound:SplitBruiser","Slimebound:FlameTackle"],"picked":"SKIP","floor":26}],"player_experience":526890,"relics_obtained":[{"floor":4,"key":"MawBank"},{"floor":6,"key":"Omamori"},{"floor":7,"key":"Whetstone"},{"floor":12,"key":"Potion Belt"},{"floor":23,"key":"Bottled Lightning"}],"event_choices":[],"is_beta":false,"boss_relics":[{"not_picked":["Philosopher\u0027s Stone","Snecko Eye"],"picked":"Coffee Dripper"}],"items_purged_floors":[20],"is_endless":false,"potions_floor_spawned":[3,6,8,12,15,19,22,23],"killed_by":"Book of Stabbing","ascension_level":15}}