{"host":"Fun","time":1613331351,"event":{"mods":["BaseMod","Colored Map","Minty Spire (QoL Compilation)","Relic Stats","StSLib"],"gold_per_floor":[111,34,34,34,45,45,57,57,57,72,105,123,123,156,156,256,256,236,236,236,252,25,50,50,78,128,128,155,254,274,113,113,209,209,224,234,234,246,246,276,294,294,294,325,325,360,370,389,389,389],"floor_reached":51,"language":"ENG","playtime":2297,"items_purged":["Defend_P+1"],"score":1495,"play_id":"7f1540b6-9142-4d8d-a838-d35ee830ca01","local_time":"20210214143551","is_ascension_mode":true,"campfire_choices":[{"data":"Devotion","floor":6,"key":"SMITH"},{"data":"TalkToTheHand","floor":8,"key":"SMITH"},{"data":"Evaluate","floor":13,"key":"SMITH"},{"data":"ThirdEye","floor":15,"key":"SMITH"},{"floor":24,"key":"REST"},{"floor":32,"key":"REST"},{"floor":42,"key":"REST"},{"floor":49,"key":"REST"}],"circlet_count":0,"master_deck":["AscendersBane","Strike_P+1","Strike_P+1","Strike_P+1","Strike_P+1","Defend_P+1","Eruption+1","Vigilance","Devotion+1","WheelKick","TalkToTheHand+1","Consecrate+1","Sanctity","ThirdEye","Evaluate+1","Tantrum+1","ThirdEye+1","Ragnarok+1","TalkToTheHand","ClearTheMind","Fasting2+1","SpiritShield+1","EmptyBody+1","JustLucky","Wallop","DeceiveReality","LikeWater","DevaForm","Protect+1","LessonLearned","Halt+1","Prostrate+1","DeceiveReality"],"relics":["PureWater","WarpedTongs","Bag of Preparation","Question Card","Bottled Flame","Philosopher\u0027s Stone","White Beast Statue","Bronze Scales","Smiling Mask","Damaru","Juzu Bracelet","Mummified Hand","Runic Pyramid","Akabeko","Bottled Tornado","Vajra","Shuriken"],"acts_visited":["Exordium","TheCity","TheBeyond"],"potions_floor_usage":[21,25,30,40,40,50],"damage_taken":[{"damage":2,"enemies":"2 Louse","floor":1,"turns":3},{"damage":0,"enemies":"Small Slimes","floor":5,"turns":3},{"damage":0,"enemies":"Jaw Worm","floor":7,"turns":2},{"damage":6,"enemies":"3 Louse","floor":10,"turns":3},{"damage":13,"enemies":"3 Sentries","floor":11,"turns":6},{"damage":0,"enemies":"Large Slime","floor":12,"turns":4},{"damage":0,"enemies":"Gremlin Nob","floor":14,"turns":2},{"damage":0,"enemies":"Hexaghost","floor":16,"turns":9},{"damage":10,"enemies":"2 Thieves","floor":18,"turns":4},{"damage":30,"enemies":"3 Byrds","floor":21,"turns":4},{"damage":16,"enemies":"Gremlin Leader","floor":23,"turns":5},{"damage":1,"enemies":"Slavers","floor":25,"turns":5},{"damage":9,"enemies":"Book of Stabbing","floor":28,"turns":4},{"damage":14,"enemies":"Snake Plant","floor":30,"turns":5},{"damage":19,"enemies":"Collector","floor":33,"turns":8},{"damage":0,"enemies":"3 Darklings","floor":35,"turns":5},{"damage":0,"enemies":"Orb Walker","floor":36,"turns":3},{"damage":25,"enemies":"Jaw Worm Horde","floor":38,"turns":6},{"damage":0,"enemies":"Reptomancer","floor":40,"turns":4},{"damage":0,"enemies":"4 Shapes","floor":41,"turns":4},{"damage":0,"enemies":"Giant Head","floor":44,"turns":7},{"damage":0,"enemies":"Nemesis","floor":46,"turns":5},{"damage":26,"enemies":"3 Darklings","floor":47,"turns":4},{"damage":6,"enemies":"Sphere and 2 Shapes","floor":48,"turns":4},{"damage":8,"enemies":"Awakened One","floor":50,"turns":11}],"seed_played":"4385233816247890305","potions_obtained":[{"floor":5,"key":"FearPotion"},{"floor":10,"key":"FearPotion"},{"floor":21,"key":"Swift Potion"},{"floor":25,"key":"Fire Potion"},{"floor":30,"key":"Ambrosia"},{"floor":40,"key":"BlessingOfTheForge"},{"floor":41,"key":"DuplicationPotion"}],"is_trial":false,"path_per_floor":["M","$","?","?","M","R","M","R","T","M","E","M","R","E","R","B",null,"M","?","T","M","$","E","R","E","T","?","E","?","M","$","R","B",null,"M","M","?","M","?","E","M","R","T","E","?","E","M","M","R","B",null],"character_chosen":"WATCHER","items_purchased":["TalkToTheHand","Fasting2","SpiritShield","DeceiveReality","LikeWater"],"campfire_rested":4,"item_purchase_floors":[2,22,22,31,31],"current_hp_per_floor":[63,63,49,54,54,54,54,54,54,48,35,35,35,35,35,35,67,57,57,57,27,27,11,34,33,33,33,24,24,10,10,33,14,61,61,61,61,36,36,36,36,57,57,57,57,57,31,25,46,38],"gold":389,"neow_bonus":"ONE_RANDOM_RARE_CARD","is_daily":false,"chose_seed":false,"campfire_upgraded":4,"win_rate":0.0,"timestamp":1613331351,"path_taken":["M","$","?","?","M","R","M","R","T","M","E","M","R","E","R","BOSS","M","?","?","M","$","E","R","E","T","?","E","?","M","$","R","BOSS","M","M","?","M","?","E","M","R","T","E","?","E","M","M","R","BOSS"],"items_purchased_type":["Card","Card","Card","Card","Card"],"build_version":"2020-12-18","purchased_purges":1,"victory":true,"max_hp_per_floor":[72,72,72,77,77,77,77,77,77,77,77,77,77,77,77,77,77,77,77,77,77,77,77,77,77,77,77,77,77,77,77,77,77,77,77,77,77,77,73,73,73,73,73,73,73,73,73,73,73,73],"relic_stats":{"counters":[25,120],"Mummified Hand":[50],"Shuriken":[7],"Bronze Scales":[241],"Bag of Preparation":[44],"Juzu Bracelet":0,"Question Card":19,"Smiling Mask":25,"obtain_stats":[{"Damaru":26,"Vajra":44,"Bag of Preparation":9,"Juzu Bracelet":27,"Bottled Tornado":43,"Question Card":11,"Smiling Mask":25,"White Beast Statue":20,"Akabeko":40,"WarpedTongs":0,"Bottled Flame":14,"Mummified Hand":28,"Shuriken":46,"Bronze Scales":23,"Philosopher\u0027s Stone":17,"PureWater":0,"Runic Pyramid":34},{"Damaru":12,"Vajra":21,"Bag of Preparation":3,"Juzu Bracelet":12,"Bottled Tornado":20,"Question Card":5,"Smiling Mask":12,"White Beast Statue":9,"Akabeko":19,"WarpedTongs":0,"Bottled Flame":7,"Mummified Hand":13,"Shuriken":22,"Bronze Scales":11,"Philosopher\u0027s Stone":8,"PureWater":0,"Runic Pyramid":15},{"Damaru":50,"Vajra":96,"Bag of Preparation":8,"Juzu Bracelet":50,"Bottled Tornado":89,"Question Card":17,"Smiling Mask":50,"White Beast Statue":36,"Akabeko":85,"WarpedTongs":0,"Bottled Flame":23,"Mummified Hand":54,"Shuriken":101,"Bronze Scales":45,"Philosopher\u0027s Stone":32,"PureWater":0,"Runic Pyramid":67}],"WarpedTongs":[119]},"card_choices":[{"not_picked":["CrushJoints","Crescendo"],"picked":"WheelKick","floor":1},{"not_picked":["Vengeance","CrushJoints"],"picked":"Consecrate","floor":5},{"not_picked":["Study","Perseverance"],"picked":"Sanctity","floor":7},{"not_picked":["Weave","Protect"],"picked":"ThirdEye","floor":10},{"not_picked":["CrushJoints","Perseverance"],"picked":"Evaluate","floor":11},{"not_picked":["Collect","SignatureMove","PathToVictory"],"picked":"Tantrum","floor":12},{"not_picked":["DeusExMachina","Crescendo","BowlingBash"],"picked":"ThirdEye","floor":14},{"not_picked":["Alpha","Blasphemy","Establishment"],"picked":"Ragnarok","floor":16},{"not_picked":["ThirdEye","Consecrate","Pray"],"picked":"TalkToTheHand","floor":18},{"not_picked":["ThirdEye","FlurryOfBlows","FlyingSleeves"],"picked":"ClearTheMind","floor":21},{"not_picked":["FlurryOfBlows+1","WreathOfFlame","JustLucky"],"picked":"EmptyBody","floor":23},{"not_picked":["DeceiveReality","Establishment","ForeignInfluence"],"picked":"JustLucky","floor":25},{"not_picked":["Collect","Worship","Swivel","Nirvana"],"picked":"SKIP","floor":28},{"not_picked":["Nirvana","BowlingBash","EmptyBody"],"picked":"Wallop","floor":30},{"not_picked":["Devotion","LessonLearned","Alpha"],"picked":"DevaForm","floor":33},{"not_picked":["ClearTheMind","JustLucky+1","ReachHeaven"],"picked":"Protect+1","floor":35},{"not_picked":["ClearTheMind","Protect","FlyingSleeves"],"picked":"LessonLearned","floor":36},{"not_picked":["ClearTheMind+1","Perseverance","ThirdEye","SandsOfTime"],"picked":"SKIP","floor":38},{"not_picked":["Vengeance+1","Pray","Worship"],"picked":"Halt","floor":40},{"not_picked":["CrushJoints","EmptyBody","BattleHymn","Indignation"],"picked":"SKIP","floor":41},{"not_picked":["CarveReality","Evaluate","PathToVictory","FlyingSleeves"],"picked":"SKIP","floor":44},{"not_picked":["PathToVictory","CutThroughFate","Devotion"],"picked":"Prostrate+1","floor":46},{"not_picked":["WindmillStrike","WreathOfFlame","Consecrate","EmptyFist"],"picked":"SKIP","floor":47},{"not_picked":["BowlingBash+1","WreathOfFlame","Pray+1"],"picked":"DeceiveReality","floor":48}],"player_experience":183738,"relics_obtained":[{"floor":9,"key":"Bag of Preparation"},{"floor":11,"key":"Question Card"},{"floor":14,"key":"Bottled Flame"},{"floor":20,"key":"White Beast Statue"},{"floor":23,"key":"Bronze Scales"},{"floor":25,"key":"Smiling Mask"},{"floor":26,"key":"Damaru"},{"floor":28,"key":"Mummified Hand"},{"floor":40,"key":"Akabeko"},{"floor":43,"key":"Bottled Tornado"},{"floor":44,"key":"Vajra"},{"floor":46,"key":"Shuriken"}],"event_choices":[{"damage_healed":0,"gold_gain":0,"player_choice":"Entered Light","damage_taken":14,"max_hp_gain":0,"max_hp_loss":0,"event_name":"Shining Light","floor":3,"gold_loss":0,"cards_upgraded":["Strike_P","Eruption"]},{"damage_healed":0,"gold_gain":0,"player_choice":"Donut","damage_taken":0,"max_hp_gain":5,"max_hp_loss":0,"event_name":"Big Fish","floor":4,"gold_loss":0},{"damage_healed":0,"gold_gain":0,"player_choice":"Simplicity","damage_taken":0,"max_hp_gain":0,"max_hp_loss":0,"event_name":"Back to Basics","floor":19,"gold_loss":0,"cards_upgraded":["Strike_P","Strike_P","Strike_P","Defend_P","Defend_P","Defend_P","Defend_P"]},{"damage_healed":0,"gold_gain":0,"player_choice":"Opened","damage_taken":0,"relics_obtained":["Juzu Bracelet"],"max_hp_gain":0,"max_hp_loss":0,"event_name":"The Mausoleum","floor":27,"gold_loss":0},{"damage_healed":0,"gold_gain":99,"player_choice":"Stole From Cult","damage_taken":0,"max_hp_gain":0,"max_hp_loss":0,"event_name":"Nest","floor":29,"gold_loss":0},{"cards_removed":["Defend_P"],"damage_healed":0,"gold_gain":0,"player_choice":"Removed Skill","damage_taken":0,"max_hp_gain":0,"max_hp_loss":0,"event_name":"Falling","floor":37,"gold_loss":0},{"damage_healed":0,"gold_gain":0,"player_choice":"Max HP","damage_taken":0,"max_hp_gain":0,"max_hp_loss":4,"event_name":"Winding Halls","floor":39,"gold_loss":0},{"cards_removed":["Defend_P"],"damage_healed":0,"gold_gain":0,"player_choice":"Purged","damage_taken":0,"max_hp_gain":0,"max_hp_loss":0,"event_name":"Purifier","floor":45,"gold_loss":0}],"is_beta":true,"boss_relics":[{"not_picked":["Calling Bell","Sozu"],"picked":"Philosopher\u0027s Stone"},{"not_picked":["Empty Cage","Cursed Key"],"picked":"Runic Pyramid"}],"items_purged_floors":[31],"is_endless":false,"potions_floor_spawned":[5,10,14,21,23,25,28,30,33,35,36,38,40,41,44,46,47,48],"ascension_level":12}}