{"host":"o9lehcdjc4u6j9un","time":1613285254,"event":{"mods":["Aspiration","BaseMod","Better-Laid Plans","Colored Map","Downfall","Gremlin Mod","Hermit","Marisa£®ÏF”Í°°ƒß¿Ì…≥£©","Minty Spire (QoL Compilation)","Reimu£®≤©¿ˆ¡È√Œ£©","Remilia£®¿Ÿ√◊¿Ú—«£©","StSLib","The Alterego","The Hierophant","The Runesmith","The Senshi","The Servant 0.9.4","Yakumo Yukari mod","Youmu£®ªÍ∆«—˝√Œ£©","≤–¡Ù÷ÆŒÔ"],"gold_per_floor":[118,130,55,72,82,82,82,82,82,36,36,47,78,97,97,202,202],"floor_reached":16,"language":"ZHS","playtime":6633,"items_purged":["Runesmith:Strike_RS"],"score":152,"play_id":"711b6bed-5351-476b-9c14-0c99711d5a72","local_time":"20210214144734","is_ascension_mode":false,"campfire_choices":[{"data":"Runesmith:Grindstone","floor":6,"key":"SMITH"},{"data":"Runesmith:CraftFirestone","floor":8,"key":"SMITH"},{"data":"Runesmith:HammerThrow","floor":11,"key":"SMITH"},{"data":"Runesmith:HammerThrow","floor":15,"key":"SMITH"}],"circlet_count":0,"master_deck":["Runesmith:Strike_RS","Runesmith:Strike_RS","Runesmith:Strike_RS","Runesmith:Defend_RS","Runesmith:Defend_RS","Runesmith:Defend_RS","Runesmith:Defend_RS","Runesmith:CraftFirestone+1","Runesmith:Fortify","Runesmith:HeatExchange","Runesmith:UnstableHammer","Runesmith:Grindstone+1","Runesmith:HammerThrow+1","Runesmith:HammerThrow+1","Runesmith:LithiumIon","Runesmith:Attraction"],"relics":["Runesmith:BrokenRuby","Regal Pillow","InkBottle","aspiration:FrozenJewel","Smiling Mask"],"acts_visited":["Exordium"],"potions_floor_usage":[],"damage_taken":[{"damage":5,"enemies":"Small Slimes","floor":1,"turns":5},{"damage":0,"enemies":"2 Louse","floor":2,"turns":2},{"damage":0,"enemies":"Jaw Worm","floor":4,"turns":3},{"damage":13,"enemies":"Large Slime","floor":5,"turns":4},{"damage":0,"enemies":"Exordium Wildlife","floor":12,"turns":3},{"damage":3,"enemies":"3 Sentries","floor":13,"turns":7},{"damage":2,"enemies":"Looter","floor":14,"turns":3},{"damage":18,"enemies":"Slime Boss","floor":16,"turns":8}],"seed_played":"247129325969609777","potions_obtained":[{"floor":12,"key":"Dexterity Potion"},{"floor":13,"key":"PlaceholderMod:PlaceholderPotion"},{"floor":14,"key":"bronze:BurnAndBuffPotion"}],"is_trial":false,"path_per_floor":["M","M","$","M","M","R","?","R","T","$","R","M","E","M","R","B"],"character_chosen":"RUNESMITH_CLASS","items_purchased":["Runesmith:HammerThrow"],"campfire_rested":0,"item_purchase_floors":[10],"current_hp_per_floor":[65,65,65,65,52,52,45,45,45,45,45,45,42,40,40,22,22],"gold":202,"neow_bonus":"RANDOM_COMMON_RELIC","is_daily":false,"chose_seed":false,"campfire_upgraded":4,"win_rate":0.0,"timestamp":1613285254,"path_taken":["M","M","$","M","M","R","?","R","T","$","R","M","E","M","R","BOSS"],"items_purchased_type":["Card"],"build_version":"2020-12-22","purchased_purges":1,"victory":false,"max_hp_per_floor":[70,70,70,70,70,70,70,70,70,70,70,70,70,70,70,70,70],"card_choices":[{"not_picked":["Runesmith:Overpower","Runesmith:ShiftingStrike"],"picked":"Runesmith:HeatExchange","floor":1},{"not_picked":["Runesmith:FrozenChisel","Runesmith:RuneHurl"],"picked":"Runesmith:UnstableHammer","floor":2},{"not_picked":["Runesmith:RunicBlueprint","aspiration:UnbridledHammer"],"picked":"Runesmith:Grindstone","floor":4},{"not_picked":["Runesmith:BackupBattery","Runesmith:NanitesCloud"],"picked":"Runesmith:HammerThrow","floor":5},{"not_picked":["Runesmith:CraftMagma","Runesmith:ShiftingStrike"],"picked":"Runesmith:LithiumIon","floor":12},{"not_picked":["Runesmith:ReplicatingBarrier","Runesmith:CraftProtectio","Runesmith:StaticCage"],"picked":"SKIP","floor":13},{"not_picked":["Runesmith:EarthShield","Runesmith:Reinforce"],"picked":"Runesmith:Attraction","floor":14}],"player_experience":277183,"relics_obtained":[{"floor":9,"key":"aspiration:FrozenJewel"},{"floor":13,"key":"Smiling Mask"}],"event_choices":[{"damage_healed":0,"gold_gain":0,"player_choice":"Success","damage_taken":7,"relics_obtained":["InkBottle"],"max_hp_gain":0,"max_hp_loss":0,"event_name":"Scrap Ooze","floor":7,"gold_loss":0}],"is_beta":false,"boss_relics":[],"items_purged_floors":[3],"is_endless":false,"potions_floor_spawned":[12,13,14,16],"killed_by":"Slime Boss","ascension_level":0}}