{"host":"8dytqszkx6ijebks","time":1613265189,"event":{"mods":["AchievementEnabler","BaseMod","Colored Map","DeckTracker","Keyboard Shortcuts","Minty Spire (QoL Compilation)","Permanent Neow","SuperFastMode","everything is the same but u backflip on backflip"],"gold_per_floor":[117,117,132,152,152,178,178,193,193,193,193],"floor_reached":10,"language":"KOR","playtime":486,"items_purged":[],"score":68,"play_id":"1c90c605-672b-48c2-ab56-b74de728ce4c","local_time":"20210214101309","is_ascension_mode":false,"campfire_choices":[{"data":"DevaForm","floor":7,"key":"SMITH"}],"circlet_count":0,"master_deck":["Strike_P","Strike_P","Strike_P","Strike_P","Defend_P","Defend_P","Defend_P","Defend_P","Eruption","Vigilance","Scrawl","DevaForm+1"],"relics":["PureWater","HornCleat","Pear","Singing Bowl"],"acts_visited":["Exordium"],"potions_floor_usage":[6,6,6],"damage_taken":[{"damage":12,"enemies":"Cultist","floor":1,"turns":3},{"damage":4,"enemies":"Jaw Worm","floor":3,"turns":4},{"damage":4,"enemies":"Small Slimes","floor":4,"turns":2},{"damage":7,"enemies":"Lagavulin","floor":6,"turns":3},{"damage":10,"enemies":"Looter","floor":8,"turns":3},{"damage":23,"enemies":"3 Sentries","floor":10,"turns":3}],"seed_played":"919404651317517341","potions_obtained":[{"floor":2,"key":"Energy Potion"},{"floor":2,"key":"LiquidBronze"},{"floor":2,"key":"AttackPotion"},{"floor":4,"key":"PowerPotion"}],"is_trial":false,"path_per_floor":["M","?","M","M","?","E","R","M","T","E"],"character_chosen":"WATCHER","items_purchased":[],"campfire_rested":0,"item_purchase_floors":[],"current_hp_per_floor":[60,60,56,52,52,55,55,45,45,22,22],"gold":193,"neow_bonus":"ONE_RANDOM_RARE_CARD","is_daily":false,"chose_seed":false,"campfire_upgraded":1,"win_rate":0.0,"timestamp":1613265189,"path_taken":["M","?","M","?","?","E","R","M","T","E"],"items_purchased_type":[],"build_version":"2020-12-22","purchased_purges":0,"victory":false,"max_hp_per_floor":[72,72,72,72,72,82,82,82,82,82,82],"card_choices":[{"not_picked":["Evaluate","Consecrate","DeceiveReality"],"picked":"SKIP","floor":1},{"not_picked":["WheelKick","CrushJoints","Protect"],"picked":"SKIP","floor":3},{"not_picked":["Sanctity","Blasphemy"],"picked":"FlurryOfBlows","floor":4},{"not_picked":["JustLucky","Nirvana"],"picked":"DevaForm","floor":6},{"not_picked":["JustLucky","EmptyFist","Swivel"],"picked":"SKIP","floor":8}],"player_experience":253954,"relics_obtained":[{"floor":6,"key":"Pear"},{"floor":9,"key":"Singing Bowl"}],"event_choices":[{"damage_healed":0,"gold_gain":0,"player_choice":"Got Potions","damage_taken":0,"max_hp_gain":0,"max_hp_loss":0,"event_name":"Lab","floor":2,"gold_loss":0},{"cards_removed":["FlurryOfBlows"],"damage_healed":0,"gold_gain":0,"player_choice":"Gave Card","damage_taken":0,"relics_obtained":["HornCleat"],"max_hp_gain":0,"max_hp_loss":0,"event_name":"WeMeetAgain","floor":5,"gold_loss":0}],"is_beta":false,"boss_relics":[],"items_purged_floors":[],"is_endless":false,"potions_floor_spawned":[3,4],"killed_by":"3 Sentries","ascension_level":0}}