{"host":"0utx1lcxgx5vu4k0","time":1613272078,"event":{"mods":["AlwaysNeverKeys","BaseMod","Colored Powertips","Minty Spire (QoL Compilation)","Permanent Neow","Relic Stats","StSLib"],"gold_per_floor":[112,130,130,146,162,197,214,247,270,270,298,7,19,39,39,144,144,162,162,177,177,187,219,239,272,272,282,282,314,330,350,350,452,452,470,485,485,217,217,250,264,264,264,279,304,314,339,363,375,387,399,411,52,82,82],"floor_reached":56,"language":"ENG","playtime":3111,"items_purged":["Strike_R","Strike_R","Strike_R"],"score":1530,"play_id":"23693990-d2b8-4fd8-858b-28635fb088d6","local_time":"20210213220758","is_ascension_mode":true,"campfire_choices":[{"data":"Armaments","floor":10,"key":"SMITH"},{"floor":15,"key":"REST"},{"data":"Double Tap","floor":32,"key":"SMITH"},{"floor":42,"key":"RECALL"},{"data":"Limit Break","floor":49,"key":"SMITH"},{"data":"Uppercut","floor":52,"key":"SMITH"}],"circlet_count":0,"master_deck":["Defend_R","Defend_R","Defend_R","Bash","Infernal Blade","Armaments+1","Inflame","Twin Strike","Reaper","Flame Barrier","Clothesline","Sword Boomerang","Uppercut+1","Double Tap+1","Reaper","Iron Wave+1","Heavy Blade","Inflame","Shrug It Off+1","Flame Barrier","Power Through+1","Limit Break+1","Uppercut","True Grit+1","Burning Pact+1","Dark Embrace","Heavy Blade","Dual Wield+1"],"relics":["Burning Blood","Smiling Mask","Tiny Chest","Dream Catcher","Art of War","Bronze Scales","Membership Card","Nunchaku","Snecko Eye","Toy Ornithopter","White Beast Statue","Calipers","Strawberry","Busted Crown","Question Card","Happy Flower","Lee\u0027s Waffle","Orichalcum","Matryoshka","Potion Belt","PreservedInsect","MawBank","Bag of Preparation","Mango","Ice Cream"],"acts_visited":["Exordium","TheCity","TheBeyond","TheEnding"],"potions_floor_usage":[5,6,8,24,25,29,31,33,33,36,40,40,44,46,47,48,55,55,55,55],"damage_taken":[{"damage":6,"enemies":"Cultist","floor":1,"turns":3},{"damage":0,"enemies":"2 Louse","floor":2,"turns":2},{"damage":9,"enemies":"Small Slimes","floor":4,"turns":4},{"damage":35,"enemies":"Gremlin Gang","floor":5,"turns":5},{"damage":31,"enemies":"3 Sentries","floor":6,"turns":6},{"damage":0,"enemies":"2 Fungi Beasts","floor":7,"turns":3},{"damage":6,"enemies":"Gremlin Nob","floor":8,"turns":3},{"damage":13,"enemies":"3 Sentries","floor":11,"turns":7},{"damage":14,"enemies":"Exordium Thugs","floor":13,"turns":4},{"damage":10,"enemies":"Red Slaver","floor":14,"turns":4},{"damage":47,"enemies":"The Guardian","floor":16,"turns":9},{"damage":0,"enemies":"3 Byrds","floor":18,"turns":2},{"damage":7,"enemies":"Chosen","floor":20,"turns":3},{"damage":19,"enemies":"Centurion and Healer","floor":22,"turns":4},{"damage":18,"enemies":"Gremlin Leader","floor":23,"turns":4},{"damage":9,"enemies":"Snake Plant","floor":24,"turns":3},{"damage":27,"enemies":"Slavers","floor":25,"turns":4},{"damage":2,"enemies":"Cultist and Chosen","floor":27,"turns":5},{"damage":28,"enemies":"Book of Stabbing","floor":29,"turns":4},{"damage":12,"enemies":"Centurion and Healer","floor":30,"turns":3},{"damage":13,"enemies":"Shelled Parasite and Fungi","floor":31,"turns":3},{"damage":54,"enemies":"Collector","floor":33,"turns":11},{"damage":4,"enemies":"3 Shapes","floor":35,"turns":3},{"damage":0,"enemies":"Orb Walker","floor":36,"turns":3},{"damage":16,"enemies":"Reptomancer","floor":40,"turns":6},{"damage":40,"enemies":"Sphere and 2 Shapes","floor":41,"turns":6},{"damage":27,"enemies":"Writhing Mass","floor":44,"turns":4},{"damage":0,"enemies":"Nemesis","floor":45,"turns":5},{"damage":16,"enemies":"4 Shapes","floor":46,"turns":4},{"damage":3,"enemies":"Giant Head","floor":47,"turns":5},{"damage":10,"enemies":"Spire Growth","floor":48,"turns":5},{"damage":60,"enemies":"Awakened One","floor":50,"turns":10},{"damage":31,"enemies":"Shield and Spear","floor":54,"turns":4},{"damage":90,"enemies":"The Heart","floor":55,"turns":7}],"seed_played":"5160288288881036521","potions_obtained":[{"floor":1,"key":"Regen Potion"},{"floor":2,"key":"Ancient Potion"},{"floor":7,"key":"Energy Potion"},{"floor":16,"key":"LiquidBronze"},{"floor":18,"key":"BlessingOfTheForge"},{"floor":23,"key":"Explosive Potion"},{"floor":25,"key":"PowerPotion"},{"floor":27,"key":"FairyPotion"},{"floor":29,"key":"SkillPotion"},{"floor":30,"key":"PowerPotion"},{"floor":31,"key":"LiquidMemories"},{"floor":33,"key":"Fruit Juice"},{"floor":35,"key":"DuplicationPotion"},{"floor":36,"key":"EssenceOfSteel"},{"floor":40,"key":"SpeedPotion"},{"floor":41,"key":"Regen Potion"},{"floor":44,"key":"FairyPotion"},{"floor":45,"key":"BlessingOfTheForge"},{"floor":46,"key":"Swift Potion"},{"floor":47,"key":"SneckoOil"},{"floor":48,"key":"Strength Potion"}],"is_trial":false,"path_per_floor":["M","M","?","M","M","E","M","E","T","R","E","$","M","M","R","B",null,"M","?","M","?","M","E","M","E","T","M","?","E","M","M","R","B",null,"M","M","T","$","?","E","M","R","T","M","E","M","E","M","R","B",null,"R","$","E","B",null],"character_chosen":"IRONCLAD","items_purchased":["Membership Card","Nunchaku","Uppercut","Happy Flower","Lee\u0027s Waffle","Orichalcum","Bag of Preparation","Dark Embrace","Mango","Heavy Blade","Weak Potion"],"campfire_rested":1,"item_purchase_floors":[12,12,12,38,38,38,53,53,53,53,53],"current_hp_per_floor":[80,80,73,70,41,31,48,48,48,48,42,42,34,36,60,31,80,80,80,80,80,74,80,77,64,64,80,80,65,87,80,80,61,87,87,92,92,99,99,95,75,75,75,81,99,99,99,95,95,55,99,99,113,113,94],"gold":82,"neow_bonus":"RANDOM_COMMON_RELIC","is_daily":false,"chose_seed":false,"campfire_upgraded":4,"win_rate":0.0,"timestamp":1613272078,"path_taken":["M","M","?","M","M","E","M","E","T","R","E","$","M","M","R","BOSS","M","?","M","?","M","E","M","E","T","M","?","E","M","M","R","BOSS","M","M","?","$","?","E","M","R","T","?","E","M","E","M","R","BOSS","R","$","E","BOSS"],"items_purchased_type":["Relic","Relic","Card","Relic","Relic","Relic","Relic","Card","Relic","Card","Potion"],"build_version":"2020-12-22","purchased_purges":3,"victory":true,"max_hp_per_floor":[80,80,80,80,80,80,80,80,80,80,80,80,80,80,80,80,80,80,80,80,80,80,80,80,80,80,80,80,87,87,87,87,87,87,87,92,92,99,99,99,99,99,99,99,99,99,99,99,99,99,99,99,113,113,113],"relic_stats":{"Lee\u0027s Waffle":7,"Happy Flower":[18],"counters":[34,158],"PreservedInsect":193,"Bag of Preparation":[4],"Orichalcum":[30],"Smiling Mask":1,"Question Card":8,"MawBank":72,"Burning Blood":147,"Dream Catcher":1,"Nunchaku":[26],"Busted Crown":20,"Bronze Scales":[464],"Snecko Eye":[216,186,208,186],"Tiny Chest":1,"Art of War":[10],"obtain_stats":[{"Ice Cream":54,"Calipers":26,"Mango":53,"Bag of Preparation":53,"Smiling Mask":0,"Burning Blood":0,"Dream Catcher":8,"Nunchaku":12,"Matryoshka":40,"Strawberry":29,"Tiny Chest":6,"Potion Belt":43,"Lee\u0027s Waffle":38,"Happy Flower":38,"PreservedInsect":45,"Orichalcum":38,"Question Card":37,"MawBank":47,"White Beast Statue":25,"Busted Crown":34,"Bronze Scales":11,"Snecko Eye":17,"Art of War":9,"Membership Card":12,"Toy Ornithopter":23},{"Ice Cream":33,"Calipers":17,"Mango":32,"Bag of Preparation":32,"Smiling Mask":0,"Burning Blood":0,"Dream Catcher":7,"Nunchaku":8,"Matryoshka":25,"Strawberry":19,"Tiny Chest":5,"Potion Belt":26,"Lee\u0027s Waffle":24,"Happy Flower":24,"PreservedInsect":28,"Orichalcum":24,"Question Card":24,"MawBank":30,"White Beast Statue":17,"Busted Crown":22,"Bronze Scales":8,"Snecko Eye":11,"Art of War":7,"Membership Card":8,"Toy Ornithopter":15},{"Ice Cream":151,"Calipers":70,"Mango":147,"Bag of Preparation":147,"Smiling Mask":0,"Burning Blood":0,"Dream Catcher":26,"Nunchaku":33,"Matryoshka":108,"Strawberry":79,"Tiny Chest":20,"Potion Belt":114,"Lee\u0027s Waffle":102,"Happy Flower":102,"PreservedInsect":123,"Orichalcum":102,"Question Card":102,"MawBank":132,"White Beast Statue":70,"Busted Crown":96,"Bronze Scales":33,"Snecko Eye":50,"Art of War":26,"Membership Card":33,"Toy Ornithopter":63}],"Toy Ornithopter":32},"card_choices":[{"not_picked":["Flex","Clash"],"picked":"Infernal Blade","floor":1},{"not_picked":["True Grit","Burning Pact"],"picked":"Armaments","floor":2},{"not_picked":["Anger","Flex"],"picked":"Inflame","floor":4},{"not_picked":["Feel No Pain","Clothesline"],"picked":"Twin Strike","floor":5},{"not_picked":["Headbutt","Flex"],"picked":"Reaper","floor":6},{"not_picked":["Heavy Blade","Anger"],"picked":"Flame Barrier","floor":7},{"not_picked":["Flex","Entrench"],"picked":"Clothesline","floor":8},{"not_picked":["Whirlwind","Shrug It Off"],"picked":"Sword Boomerang","floor":11},{"not_picked":["Headbutt","Sever Soul","Hemokinesis"],"picked":"SKIP","floor":13},{"not_picked":["Heavy Blade","Iron Wave"],"picked":"Double Tap","floor":14},{"not_picked":["Double Tap","Berserk"],"picked":"Reaper","floor":16},{"not_picked":["Warcry","Rage","Twin Strike"],"picked":"SKIP","floor":18},{"not_picked":["Cleave","Uppercut"],"picked":"Iron Wave+1","floor":20},{"not_picked":["Infernal Blade","Blood for Blood+1"],"picked":"Heavy Blade","floor":22},{"not_picked":["Heavy Blade","Ghostly Armor"],"picked":"Inflame","floor":23},{"not_picked":["Second Wind","Clothesline+1"],"picked":"Shrug It Off+1","floor":24},{"not_picked":["Cleave+1","Second Wind+1"],"picked":"Flame Barrier","floor":25},{"not_picked":["Anger+1","Clash","Second Wind"],"picked":"SKIP","floor":27},{"not_picked":["Fire Breathing","Iron Wave"],"picked":"Power Through+1","floor":29},{"not_picked":["Intimidate","Shrug It Off","Combust+1"],"picked":"SKIP","floor":30},{"not_picked":["Carnage","Clash+1","Anger"],"picked":"SKIP","floor":31},{"not_picked":["Bludgeon","Brutality"],"picked":"Limit Break","floor":33},{"not_picked":["Dropkick"],"picked":"SKIP","floor":35},{"not_picked":["Combust"],"picked":"SKIP","floor":36},{"not_picked":["Reckless Charge+1","Pummel"],"picked":"SKIP","floor":40},{"not_picked":["Rage+1"],"picked":"True Grit+1","floor":41},{"not_picked":["Body Slam","Infernal Blade+1"],"picked":"SKIP","floor":44},{"not_picked":["Iron Wave","Power Through"],"picked":"SKIP","floor":45},{"not_picked":["Rupture"],"picked":"Burning Pact+1","floor":46},{"not_picked":["Anger+1","Power Through"],"picked":"SKIP","floor":47},{"not_picked":["Anger","Iron Wave"],"picked":"SKIP","floor":48},{"not_picked":["Dark Embrace+1"],"picked":"Dual Wield+1","floor":54}],"player_experience":35865,"relics_obtained":[{"floor":6,"key":"Tiny Chest"},{"floor":8,"key":"Dream Catcher"},{"floor":9,"key":"Art of War"},{"floor":11,"key":"Bronze Scales"},{"floor":23,"key":"Toy Ornithopter"},{"floor":25,"key":"White Beast Statue"},{"floor":26,"key":"Calipers"},{"floor":29,"key":"Strawberry"},{"floor":37,"key":"Question Card"},{"floor":40,"key":"Matryoshka"},{"floor":43,"key":"Potion Belt"},{"floor":45,"key":"PreservedInsect"},{"floor":47,"key":"MawBank"},{"floor":54,"key":"Ice Cream"}],"event_choices":[{"cards_removed":["Defend_R"],"damage_healed":0,"gold_gain":0,"player_choice":"Card Removal","damage_taken":7,"max_hp_gain":0,"max_hp_loss":0,"event_name":"Golden Wing","floor":3,"gold_loss":0},{"damage_healed":0,"gold_gain":0,"player_choice":"Ignored","damage_taken":0,"max_hp_gain":0,"max_hp_loss":0,"event_name":"Beggar","floor":19,"gold_loss":0},{"damage_healed":0,"gold_gain":0,"player_choice":"Ignored","damage_taken":0,"max_hp_gain":0,"max_hp_loss":0,"event_name":"Vampires","floor":21,"gold_loss":0},{"cards_removed":["Strike_R"],"damage_healed":0,"gold_gain":0,"player_choice":"Purged","damage_taken":0,"max_hp_gain":0,"max_hp_loss":0,"event_name":"Purifier","floor":28,"gold_loss":0},{"damage_healed":0,"gold_gain":0,"cards_transformed":["Strike_R"],"player_choice":"Transformed","damage_taken":0,"max_hp_gain":0,"max_hp_loss":0,"event_name":"Transmorgrifier","floor":39,"gold_loss":0,"cards_obtained":["Uppercut"]}],"is_beta":false,"boss_relics":[{"not_picked":["Empty Cage","Runic Pyramid"],"picked":"Snecko Eye"},{"not_picked":["Black Blood","SlaversCollar"],"picked":"Busted Crown"}],"items_purged_floors":[12,38,53],"is_endless":false,"potions_floor_spawned":[1,2,7,16,18,23,25,27,29,30,31,33,35,36,40,41,44,45,46,47,48,54],"ascension_level":2}}