{"host":"166mvycy0az0i7z6","time":1613292667,"event":{"mods":["AchievementEnabler","Aspiration","Astrologer","Bard","BaseMod","Beaked The Cultist","Bestiary","Better Altar","Better Third Choice","BetterRewards","Challenge The Spire","Conspire","DeckTracker","Downfall","Fox Events","Halation","Hermit","Hubris","Luminous","Minty Spire (QoL Compilation)","Relic Filter","Relic Stats","Reliquary","Replay The Spire","Shop Mod","StSLib","The Sage","TheVacant"],"gold_per_floor":[114,132,132,132,132,132,166,177,177,177,250,280,296,312,312,408,408,426,202,220,220,220],"floor_reached":21,"language":"ENG","playtime":1456,"items_purged":[],"score":289,"play_id":"a5ae45aa-08c1-48e0-9ac5-486c4d7fe010","local_time":"20210214195107","is_ascension_mode":false,"campfire_choices":[{"data":"beaked:CrazyRituals","floor":6,"key":"SMITH"},{"data":"beaked:Ceremony","floor":10,"key":"SMITH"},{"data":"beaked:Ceremony","floor":15,"key":"SMITH"}],"circlet_count":0,"master_deck":["beaked:Strike_Y","beaked:Strike_Y","beaked:Strike_Y","beaked:Strike_Y","beaked:Strike_Y","beaked:Defend_Y","beaked:Defend_Y","beaked:Defend_Y","beaked:Ceremony","beaked:Ceremony+1","beaked:Ceremony+1","beaked:Daydream","beaked:CrazyRituals+1","beaked:Overexert","beaked:DigDeep","beaked:MimicHuntress","beaked:Windmill","beaked:SacrificialScars","Delirium","ReplayTheSpireMod:Wings of Steel+1","beaked:DigDeep+1","beaked:CrazyRituals"],"relics":["beaked:MendingPlumage","hubris:BottledRain","sagemod:Singing_Vial","Question Card","Replay:Towering Pillar of Hats","Astrolabe","Blood Vial"],"acts_visited":["Exordium","TheCity"],"potions_floor_usage":[12,12,16],"damage_taken":[{"damage":20,"enemies":"Jaw Worm","floor":1,"turns":5},{"damage":11,"enemies":"2 Louse","floor":2,"turns":4},{"damage":35,"enemies":"3 Sentries","floor":7,"turns":11},{"damage":18,"enemies":"Cultist","floor":8,"turns":5},{"damage":0,"enemies":"Lagavulin","floor":12,"turns":5},{"damage":35,"enemies":"3 Louse","floor":13,"turns":5},{"damage":32,"enemies":"Red Slaver","floor":14,"turns":5},{"damage":9,"enemies":"Slime Boss","floor":16,"turns":5},{"damage":18,"enemies":"Shell Parasite","floor":18,"turns":7},{"damage":45,"enemies":"Chosen","floor":20,"turns":7},{"damage":60,"enemies":"3 Cultists","floor":21,"turns":4}],"seed_played":"5714099569341936753","potions_obtained":[{"floor":1,"key":"DistilledChaos"},{"floor":8,"key":"EssenceOfSteel"},{"floor":13,"key":"DistilledChaos"},{"floor":16,"key":"champ:CounterPotion"},{"floor":18,"key":"PowerPotion"}],"is_trial":false,"path_per_floor":["M","M","?","?","?","R","E","M","T","R","T","E","M","M","R","B",null,"M","$","M","M"],"character_chosen":"BEAKED_THE_CULTIST","items_purchased":["Blood Vial","beaked:CrazyRituals"],"campfire_rested":0,"item_purchase_floors":[19,19],"current_hp_per_floor":[44,41,41,48,48,48,46,49,49,49,49,62,46,28,28,54,62,64,64,32,0,0],"gold":220,"neow_bonus":"TEN_PERCENT_HP_BONUS","is_daily":false,"chose_seed":false,"campfire_upgraded":3,"win_rate":0.0,"timestamp":1613292667,"path_taken":["M","M","?","?","?","R","E","M","T","R","?","E","M","M","R","BOSS","M","?","?","M"],"items_purchased_type":["Relic","Card"],"build_version":"2020-12-22","purchased_purges":0,"victory":false,"max_hp_per_floor":[55,55,55,62,62,62,62,62,62,62,62,62,62,62,62,62,62,64,64,66,66,66],"relic_stats":{"Blood Vial":2,"counters":[11,63],"Astrolabe":["Delirium","ReplayTheSpireMod:Wings of Steel","beaked:DigDeep"],"Question Card":6,"obtain_stats":[{"Blood Vial":19,"Replay:Towering Pillar of Hats":12,"Astrolabe":17,"sagemod:Singing_Vial":9,"beaked:MendingPlumage":0,"Question Card":11,"hubris:BottledRain":7},{"Blood Vial":9,"Replay:Towering Pillar of Hats":5,"Astrolabe":8,"sagemod:Singing_Vial":4,"beaked:MendingPlumage":0,"Question Card":4,"hubris:BottledRain":3},{"Blood Vial":52,"Replay:Towering Pillar of Hats":30,"Astrolabe":45,"sagemod:Singing_Vial":25,"beaked:MendingPlumage":0,"Question Card":25,"hubris:BottledRain":20}]},"card_choices":[{"not_picked":["beaked:Flinch","beaked:Tradeoff"],"picked":"beaked:Daydream","floor":1},{"not_picked":["beaked:Cower","beaked:Evade"],"picked":"beaked:CrazyRituals","floor":2},{"not_picked":["beaked:Tradeoff","beaked:Devastation"],"picked":"beaked:Overexert","floor":7},{"not_picked":["beaked:FeelMyPain","beaked:SurvivalInstinct"],"picked":"beaked:DigDeep","floor":8},{"not_picked":["beaked:DigDeeper","beaked:HuntressEssence","beaked:CheekyTricks"],"picked":"beaked:MimicHuntress","floor":12},{"not_picked":["beaked:DigDeep","beaked:Overexert","beaked:WarriorEssence","beaked:SacrificialDive"],"picked":"Singing Bowl","floor":13},{"not_picked":["beaked:SurvivalInstinct","beaked:FeelMyPain","beaked:StunningBlow"],"picked":"beaked:Windmill","floor":14},{"not_picked":["beaked:DarkTribute","beaked:VolatileMisfortune","beaked:MachineEssence"],"picked":"beaked:SacrificialScars","floor":16},{"not_picked":["beaked:Overpower","beaked:Cower","ReplayTheSpireMod:Wings of Steel","beaked:MimicHuntress"],"picked":"Singing Bowl","floor":18},{"not_picked":["beaked:Pecker","beaked:WarriorEssence","beaked:Roost","beaked:Overexert"],"picked":"Singing Bowl","floor":20}],"player_experience":124368,"relics_obtained":[{"floor":7,"key":"hubris:BottledRain"},{"floor":9,"key":"sagemod:Singing_Vial"},{"floor":11,"key":"Question Card"},{"floor":12,"key":"Replay:Towering Pillar of Hats"}],"event_choices":[{"damage_healed":0,"gold_gain":0,"player_choice":"Leave","damage_taken":0,"max_hp_gain":0,"max_hp_loss":0,"event_name":"conspire:Investor","floor":3,"gold_loss":0},{"damage_healed":0,"gold_gain":0,"player_choice":"Ignored","damage_taken":0,"max_hp_gain":0,"max_hp_loss":0,"event_name":"Golden Wing","floor":5,"gold_loss":0}],"is_beta":false,"boss_relics":[{"not_picked":["conspire:RunicOctahedron","hubris:Stopwatch"],"picked":"Astrolabe"}],"items_purged_floors":[],"is_endless":false,"potions_floor_spawned":[1,8,13,16,18],"killed_by":"3 Cultists","ascension_level":0}}