{"host":"1ftto2vaskemldx8","time":1613316016,"event":{"mods":["BaseMod","Minty Spire (QoL Compilation)","Replay The Spire","StSLib","Together in Spire","[功能]功能增强和修复MOD"],"gold_per_floor":[113,132,2,2,13,38,1,33,33,33,51,5,34,34,34,314,314,326,220,220,231,140,166,166,166,166,216,216,279,299,338,338,685,685,709,759,678,705,645,688,723,769,769,769,791,791,833,778,778,806],"floor_reached":51,"language":"ZHS","playtime":5002,"items_purged":["Strike_G","Strike_G","Defend_G","Defend_G","Strike_G","Defend_G","Defend_G","Strike_G","Flying Knee","Strike_G+1","Defend_G","CommonCold","Parasite","Dagger Spray+1","Survivor","Tools of the Trade","Tools of the Trade+1"],"score":1512,"play_id":"a0142c45-077a-451c-8e49-4a14935b2587","local_time":"20210214232016","is_ascension_mode":true,"campfire_choices":[{"data":"Apotheosis","floor":10.0,"key":"SMITH"},{"data":"Storm of Steel","floor":15.0,"key":"SMITH"},{"data":"ReplayTheSpireMod:The Works","floor":25.0,"key":"SMITH"},{"data":"Wraith Form v2","floor":28.0,"key":"SMITH"},{"data":"Adrenaline","floor":32.0,"key":"SMITH"},{"data":"ReplayTheSpireMod:Brewmster","floor":44,"key":"SMITH"},{"data":"Acrobatics","floor":46,"key":"SMITH"}],"circlet_count":0,"master_deck":["Neutralize","Escape Plan+1","Flechettes+1","Expertise+1","Storm of Steel+1","Outmaneuver","ReplayTheSpireMod:Brewmster+1","Jack Of All Trades","Apotheosis+1","Hidden Blade","Wraith Form v2+1","Dodge and Roll","ReplayTheSpireMod:The Works+1","Adrenaline+1","After Image","Acrobatics+1","Blade Dance","Slice","Acrobatics","After Image","After Image","Backflip","Slice+1","Magnetism","Hidden Blade","Deflect","Envenom+1","Burst","Malaise","CurseOfTheBell","Deflect","Noxious Fumes+1","Cloak And Dagger+1","Sadistic Nature+1","Acrobatics+1","Tools of the Trade+1","Prepared","Overencumbered","Cloak And Dagger+1"],"relics":["Ring of the Snake","Centennial Puzzle","Letter Opener","Guide Book","Mummified Hand","ReplayTheSpireMod:ShopPack","Pantograph","Kunai","BargainBundle","Blue Doll","Divine Protection","WristBlade","Membership Card","Bag of Marbles","Paper Crane","MutagenicStrength","Medical Kit","Basket Of Snakes","Oddly Smooth Stone","Orichalcum","Replay:Bandana","Replay:Bottled Snecko","PreservedInsect","Frozen Egg 2","Bronze Scales","Replay:Grab Bag","Philosopher\u0027s Stone","Runic Dome","Calling Bell","Snake Skull","ReplayTheSpireMod:Ninjato","Prayer Wheel","Ring of Hypnosis","Ring of Greed","Golden Egg","MealTicket","Toy Ornithopter","HandDrill","Bag of Preparation","ReplayTheSpireMod:Lightbulb","Snack Pack","Nunchaku","Regal Pillow","Ninja Scroll","Shuriken","Vajra"],"acts_visited":["Exordium","TheCity","TheBeyond"],"potions_floor_usage":[38,41,41,45,47,50,50],"damage_taken":[{"damage":10.0,"enemies":"Small Slimes","floor":1.0,"turns":4.0},{"damage":0.0,"enemies":"2 Louse","floor":2.0,"turns":2.0},{"damage":0.0,"enemies":"Cultist","floor":5.0,"turns":2.0},{"damage":0.0,"enemies":"Gremlin Nob","floor":6.0,"turns":2.0},{"damage":0.0,"enemies":"3 Sentries","floor":8.0,"turns":4.0},{"damage":3.0,"enemies":"Looter","floor":11.0,"turns":3.0},{"damage":0.0,"enemies":"Replay:BlueRogue","floor":13.0,"turns":3.0},{"damage":3.0,"enemies":"The Guardian","floor":16.0,"turns":5.0},{"damage":0.0,"enemies":"Shell Parasite","floor":18.0,"turns":2.0},{"damage":0.0,"enemies":"3 Byrds","floor":21.0,"turns":1.0},{"damage":0.0,"enemies":"Gremlin Leader","floor":23.0,"turns":2.0},{"damage":0.0,"enemies":"Slavers","floor":27.0,"turns":1.0},{"damage":0.0,"enemies":"Gremlin Leader","floor":29.0,"turns":1.0},{"damage":0.0,"enemies":"Snake Plant","floor":30.0,"turns":2.0},{"damage":0.0,"enemies":"Book of Stabbing","floor":31.0,"turns":2.0},{"damage":0.0,"enemies":"Pondfish","floor":33.0,"turns":3.0},{"damage":0.0,"enemies":"Orb Walker","floor":35.0,"turns":1.0},{"damage":0,"enemies":"3 Darklings","floor":38,"turns":2},{"damage":0,"enemies":"R_Hoarder","floor":40,"turns":2},{"damage":0,"enemies":"Maw","floor":41,"turns":3},{"damage":0,"enemies":"Giant Head","floor":42,"turns":1},{"damage":0,"enemies":"Jaw Worm Horde","floor":45,"turns":1},{"damage":0,"enemies":"Reptomancer","floor":47,"turns":1},{"damage":0,"enemies":"Replay:Hell Engine","floor":50,"turns":2}],"seed_played":"-3365618816230667807","potions_obtained":[{"floor":1.0,"key":"Fire Potion"},{"floor":1.0,"key":"Elixir"},{"floor":2.0,"key":"LifebloodPotion"},{"floor":5.0,"key":"BlessingOfTheForge"},{"floor":5.0,"key":"LiquidMemories"},{"floor":6.0,"key":"ColorlessPotion"},{"floor":6.0,"key":"Adrenaline Potion"},{"floor":11.0,"key":"Languid Potion"},{"floor":13.0,"key":"SkillPotion"},{"floor":16.0,"key":"LiquidBronze"},{"floor":16.0,"key":"EntropicBrew"},{"floor":18.0,"key":"Swift Potion"},{"floor":18.0,"key":"Elixir"},{"floor":23.0,"key":"ColorlessPotion"},{"floor":23.0,"key":"EssenceOfSteel"},{"floor":27.0,"key":"DuplicationPotion"},{"floor":29.0,"key":"SteroidPotion"},{"floor":31.0,"key":"AttackPotion"},{"floor":33.0,"key":"PowerPotion"},{"floor":35.0,"key":"Block Potion"},{"floor":40,"key":"Dexterity Potion"},{"floor":40,"key":"SkillPotion"},{"floor":45,"key":"Toxic Potion"},{"floor":45,"key":"Swift Potion"},{"floor":47,"key":"Swift Potion"},{"floor":49,"key":"GhostInAJar"}],"is_trial":false,"path_per_floor":["M","M","$","?","M","E","$","E","T","R","M","$","E","?","R","B",null,"M","$","?","M","$","E","?","R","T","E","R","E","M","E","R","B",null,"M","?","$","M","$","E","M","E","T","R","M","R","E","$","R","B",null],"character_chosen":"THE_SILENT","items_purchased":["Flechettes","Letter Opener","Guide Book","Expertise+1","Outmaneuver","ReplayTheSpireMod:ShopPack","BargainBundle","Dodge and Roll","Energy Potion","Membership Card","Bag of Marbles","Paper Crane","Blade Dance","Slice","Acrobatics","After Image","Slice+1","Medical Kit","Basket Of Snakes","Oddly Smooth Stone","Magnetism","Cloak And Dagger+1","Toy Ornithopter","HandDrill","Bag of Preparation","Sadistic Nature+1","ReplayTheSpireMod:Lightbulb","Snack Pack","Acrobatics","Tools of the Trade+1","Shuriken","Vajra"],"campfire_rested":0,"item_purchase_floors":[3,3,3,3,7,7,12,12,12,19,19,19,19,19,19,19,22,22,22,22,22,37,37,37,37,37,39,39,39,39,48,48],"current_hp_per_floor":[60,60,60,46,46,46,46,46,46,46,43,43,43,60,60,67,70,70,70,70,70,70,70,70,70,70,70,70,70,70,70,70,70,70,70,70,67,67,67,67,67,67,67,67,67,67,67,67,67,67],"gold":806,"neow_bonus":"RANDOM_COMMON_RELIC","is_daily":false,"chose_seed":false,"campfire_upgraded":7,"win_rate":0.0,"timestamp":1613316016,"path_taken":["M","M","$","?","M","E","$","E","T","R","M","$","E","?","R","BOSS","M","$","?","M","$","E","?","R","T","E","R","E","M","E","R","BOSS","M","?","$","M","$","E","M","E","T","R","M","R","E","$","R","BOSS"],"items_purchased_type":["Card","Relic","Relic","Card","Card","Relic","Relic","Card","Potion","Relic","Relic","Relic","Card","Card","Card","Card","Card","Relic","Relic","Relic","Card","Card","Relic","Relic","Relic","Card","Relic","Relic","Card","Card","Relic","Relic"],"build_version":"2020-12-22","purchased_purges":17,"victory":true,"max_hp_per_floor":[70,70,70,70,70,70,70,70,70,70,70,70,70,70,70,70,70,70,70,70,70,70,70,70,70,70,70,70,70,70,70,70,70,70,70,70,67,67,67,67,67,67,67,67,67,67,67,67,67,67],"card_choices":[{"not_picked":["Poisoned Stab","All Out Attack"],"picked":"Escape Plan","floor":1.0},{"not_picked":["Prepared","PiercingWail"],"picked":"Dagger Spray","floor":2.0},{"not_picked":["Underhanded Strike","Dash"],"picked":"Flying Knee","floor":5.0},{"not_picked":["PiercingWail","ReplayTheSpireMod:Shiv Toss"],"picked":"Storm of Steel","floor":6.0},{"not_picked":["Violence","Poisoned Strike"],"picked":"ReplayTheSpireMod:Brewmster","floor":7.0},{"not_picked":["ReplayTheSpireMod:Necrogeddon","Thinking Ahead"],"picked":"Jack Of All Trades","floor":7.0},{"not_picked":["Dramatic Entrance","HandOfGreedExtend"],"picked":"Apotheosis","floor":7.0},{"not_picked":["Dagger Spray","Flying Knee"],"picked":"Hidden Blade","floor":8.0},{"not_picked":["Outmaneuver","Flying Knee"],"picked":"Wraith Form v2","floor":11.0},{"not_picked":["Poisoned Stab","Prepared"],"picked":"ReplayTheSpireMod:The Works","floor":13.0},{"not_picked":["A Thousand Cuts","Venomology"],"picked":"Adrenaline","floor":16.0},{"not_picked":["Glass Knife","ReplayTheSpireMod:Necrosis"],"picked":"Tools of the Trade","floor":16.0},{"not_picked":["Glass Knife","Storm of Steel"],"picked":"After Image","floor":16.0},{"not_picked":["Distraction","Predator"],"picked":"Acrobatics","floor":18.0},{"not_picked":["Flying Knee","Calculated Gamble"],"picked":"Backflip","floor":21.0},{"not_picked":["Dagger Throw+1","Sucker Punch"],"picked":"Hidden Blade","floor":23.0},{"not_picked":["ReplayTheSpireMod:Exploit Weakness+1","Calculated Gamble+1","Doppelganger"],"picked":"SKIP","floor":27.0},{"not_picked":["Dash","Bane"],"picked":"Deflect","floor":29.0},{"not_picked":["Flying Knee","Dash","Dagger Throw"],"picked":"SKIP","floor":30.0},{"not_picked":["Slice","Flying Knee","Deadly Poison"],"picked":"SKIP","floor":31.0},{"not_picked":["Unload","ReplayTheSpireMod:Necrosis"],"picked":"Envenom+1","floor":33.0},{"not_picked":["Storm of Steel","Bullet Time"],"picked":"Burst","floor":33.0},{"not_picked":["Tools of the Trade+1","ReplayTheSpireMod:Necrosis"],"picked":"Malaise","floor":33.0},{"not_picked":["Masterful Stab","Infinite Blades+1"],"picked":"Deflect","floor":35.0},{"not_picked":["Acrobatics","Heel Hook"],"picked":"Noxious Fumes+1","floor":35.0},{"not_picked":["Predator","PiercingWail+1","Deadly Poison+1"],"picked":"SKIP","floor":38},{"not_picked":["Flying Knee+1","Bouncing Flask","Slice+1"],"picked":"SKIP","floor":38},{"not_picked":["Bane+1","ReplayTheSpireMod:Tripwire"],"picked":"Prepared","floor":40},{"not_picked":["Underhanded Strike+1","Deflect+1"],"picked":"Cloak And Dagger+1","floor":41},{"not_picked":["Replay:Poison Smokescreen","Venomology","Sucker Punch+1"],"picked":"SKIP","floor":41},{"not_picked":["Blade Dance+1","Calculated Gamble+1","Dodge and Roll"],"picked":"SKIP","floor":42},{"not_picked":["Slice+1","Bane+1","Sucker Punch+1"],"picked":"SKIP","floor":45},{"not_picked":["Poisoned Stab","Sucker Punch+1","Deadly Poison+1"],"picked":"SKIP","floor":45},{"not_picked":["Footwork+1","Sneak Up+1","Cloak And Dagger"],"picked":"SKIP","floor":47}],"player_experience":82340,"relics_obtained":[{"floor":6.0,"key":"Mummified Hand"},{"floor":8.0,"key":"Pantograph"},{"floor":9.0,"key":"Kunai"},{"floor":13.0,"key":"Blue Doll"},{"floor":16.0,"key":"Divine Protection"},{"floor":23.0,"key":"Orichalcum"},{"floor":26.0,"key":"Replay:Bandana"},{"floor":27.0,"key":"Replay:Bottled Snecko"},{"floor":29.0,"key":"PreservedInsect"},{"floor":31.0,"key":"Frozen Egg 2"},{"floor":33.0,"key":"Bronze Scales"},{"floor":34.0,"key":"Snake Skull"},{"floor":34.0,"key":"ReplayTheSpireMod:Ninjato"},{"floor":34.0,"key":"Prayer Wheel"},{"floor":36,"key":"Ring of Hypnosis"},{"floor":36,"key":"Ring of Greed"},{"floor":36,"key":"Golden Egg"},{"floor":36,"key":"MealTicket"},{"floor":40,"key":"Nunchaku"},{"floor":42,"key":"Regal Pillow"},{"floor":43,"key":"Ninja Scroll"}],"event_choices":[{"damage_healed":0.0,"max_hp_gain":0.0,"max_hp_loss":0.0,"gold_gain":0.0,"event_name":"Shining Light","player_choice":"Entered Light","floor":4.0,"gold_loss":0.0,"damage_taken":14.0,"cards_upgraded":["Dagger Spray","Strike_G"]},{"damage_healed":17.0,"max_hp_gain":0.0,"max_hp_loss":0.0,"gold_gain":0.0,"event_name":"Mushrooms","player_choice":"Healed and dodged fight","floor":14.0,"gold_loss":0.0,"damage_taken":0.0,"cards_obtained":["Parasite"]},{"damage_healed":0.0,"max_hp_gain":0.0,"max_hp_loss":0.0,"gold_gain":0.0,"event_name":"Drug Dealer","player_choice":"Inject Mutagens","floor":20.0,"gold_loss":0.0,"damage_taken":0.0,"relics_obtained":["MutagenicStrength"]},{"damage_healed":0.0,"max_hp_gain":0.0,"max_hp_loss":0.0,"gold_gain":0.0,"event_name":"Beggar","player_choice":"Ignored","floor":24.0,"gold_loss":0.0,"damage_taken":0.0}],"is_beta":false,"boss_relics":[{"not_picked":["Pandora\u0027s Box","Black Star"],"picked":"WristBlade"},{"not_picked":["Honey Jar","Snecko Scales"],"picked":"Replay:Grab Bag"},{"not_picked":["Busted Crown","Sozu"],"picked":"Philosopher\u0027s Stone"},{"not_picked":["Fusion Hammer","Velvet Choker"],"picked":"Runic Dome"},{"not_picked":["SacredBark","Ring of the Serpent"],"picked":"Calling Bell"}],"items_purged_floors":[3,3,3,3,12,12,19,19,19,22,22,37,37,37,48,48,48],"is_endless":false,"potions_floor_spawned":[1,1,2,5,5,6,6,11,13,13,16,16,18,18,23,23,27,27,29,30,31,31,31,33,35,40,40,41,45,45,47,47],"ascension_level":4}}