{"host":"cpsutu8lprjuipd6","time":1613288243,"event":{"mods":["BaseMod","Colored Map","Minty Spire (QoL Compilation)","Permanent Neow","StSLib","SuperFastMode","The Bug Knight","Together in Spire"],"gold_per_floor":[114,132,145,145,70,101,113,133,157,192,204,246,258,132,132,234,234,252,10,21,21,21,48,59,84,108,108,125,125,150,170,170,270,270,282,11,11,61,0,0,18,18,64,64,64,79,98,132,132,132,132,132,9,38,38,38],"floor_reached":55,"language":"KOR","playtime":2492,"items_purged":["Strike_B","Writhe","Writhe"],"score":873,"play_id":"649bce97-8f38-471c-98c7-9060379883f9","local_time":"20210214163723","is_ascension_mode":false,"campfire_choices":[{"data":"Genetic Algorithm","floor":11.0,"key":"SMITH"},{"data":"Double Energy","floor":13.0,"key":"SMITH"},{"floor":15.0,"key":"REST"},{"floor":32.0,"key":"REST"},{"data":"Defragment","floor":40.0,"key":"SMITH"},{"data":"Thunder Strike","floor":42.0,"key":"SMITH"},{"data":"Tempest","floor":45.0,"key":"SMITH"},{"floor":49.0,"key":"REST"},{"data":"Thunder Strike","floor":52.0,"key":"SMITH"}],"circlet_count":0,"master_deck":["Strike_B","Strike_B","Strike_B","Defend_B","Defend_B","Defend_B","Defend_B","Zap","Dualcast","Turbo","Tempest","Sweeping Beam","Genetic Algorithm+1","Redo","Defragment+1","Double Energy+1","White Noise","Conserve Battery","Amplify","Melter+1","Steam","Tempest+1","Sunder","Conserve Battery","Hello World+1","Coolheaded+1","Aggregate","Ball Lightning","Thunder Strike+1","Reinforced Body","Thunder Strike+1","BootSequence+1","Rebound+1","Turbo+1","Parasite","BootSequence+1","Thunder Strike+1","Steam+1","Leap","Hello World+1"],"relics":["Cursed Key","Gremlin Horn","Centennial Puzzle","MawBank","Dream Catcher","Inserter","HollowMod:StagPassRelic","MutagenicStrength","Juzu Bracelet","Incense Burner","Toy Ornithopter","Strawberry","SlaversCollar","Ice Cream","Red Mask","Regal Pillow","PreservedInsect","Oddly Smooth Stone"],"acts_visited":["Exordium","TheCity","TheBeyond","TheEnding"],"potions_floor_usage":[55,55,55],"damage_taken":[{"damage":0.0,"enemies":"Jaw Worm","floor":1.0,"turns":1.0},{"damage":0.0,"enemies":"Cultist","floor":2.0,"turns":1.0},{"damage":0.0,"enemies":"2 Louse","floor":3.0,"turns":1.0},{"damage":14.0,"enemies":"Gremlin Nob","floor":6.0,"turns":3.0},{"damage":0.0,"enemies":"Large Slime","floor":7.0,"turns":2.0},{"damage":0.0,"enemies":"2 Fungi Beasts","floor":8.0,"turns":1.0},{"damage":2.0,"enemies":"Lagavulin","floor":10.0,"turns":3.0},{"damage":10.0,"enemies":"3 Sentries","floor":12.0,"turns":3.0},{"damage":0.0,"enemies":"The Guardian","floor":16.0,"turns":4.0},{"damage":8.0,"enemies":"Shell Parasite","floor":18.0,"turns":2.0},{"damage":1.0,"enemies":"Chosen","floor":20.0,"turns":2.0},{"damage":28.0,"enemies":"Slavers","floor":23.0,"turns":4.0},{"damage":0.0,"enemies":"3 Cultists","floor":24.0,"turns":3.0},{"damage":0.0,"enemies":"HollowMod:Nosk","floor":25.0,"turns":3.0},{"damage":0.0,"enemies":"Snake Plant","floor":28.0,"turns":1.0},{"damage":18.0,"enemies":"Book of Stabbing","floor":30.0,"turns":3.0},{"damage":21.0,"enemies":"Cultist and Chosen","floor":31.0,"turns":2.0},{"damage":17.0,"enemies":"Champ","floor":33.0,"turns":4.0},{"damage":0.0,"enemies":"3 Darklings","floor":35.0,"turns":2.0},{"damage":14.0,"enemies":"Mind Bloom Boss Battle","floor":38.0,"turns":8.0},{"damage":5.0,"enemies":"Orb Walker","floor":41.0,"turns":3.0},{"damage":0.0,"enemies":"Writhing Mass","floor":46.0,"turns":3.0},{"damage":0.0,"enemies":"Transient","floor":47.0,"turns":4.0},{"damage":12.0,"enemies":"Nemesis","floor":48.0,"turns":4.0},{"damage":0.0,"enemies":"Time Eater","floor":50.0,"turns":8.0},{"damage":15.0,"enemies":"Shield and Spear","floor":54.0,"turns":4.0},{"damage":105,"enemies":"The Heart","floor":55,"turns":6}],"seed_played":"-3109840660749305389","potions_obtained":[{"floor":3.0,"key":"Weak Potion"},{"floor":6.0,"key":"GamblersBrew"},{"floor":12.0,"key":"FairyPotion"},{"floor":16.0,"key":"CultistPotion"},{"floor":20.0,"key":"Swift Potion"},{"floor":24.0,"key":"SteroidPotion"},{"floor":33.0,"key":"BlessingOfTheForge"},{"floor":35.0,"key":"Dexterity Potion"},{"floor":54,"key":"FearPotion"}],"is_trial":false,"path_per_floor":["M","M","M","?","$","E","M","M","T","E","R","E","R","$","R","B",null,"M","$","M","?","?","E","M","E","T","?","M","?","E","M","R","B",null,"M","$","?","?","?","R","M","R","T","$","R","M","M","E","R","B",null,"R","$","E","B"],"character_chosen":"DEFECT","items_purchased":["White Noise","HollowMod:StagPassRelic","Thunder Strike","BootSequence","AttackPotion","Regen Potion"],"campfire_rested":3,"item_purchase_floors":[14,19,36,36,53,53],"current_hp_per_floor":[75,75,75,75,75,61,61,61,61,59,59,49,49,49,71,71,75,67,67,66,66,66,38,38,38,38,24,24,24,13,24,50,33,87,87,87,87,73,73,73,68,68,68,68,68,68,68,56,87,87,87,87,87,72,0,0],"gold":38,"neow_bonus":"BOSS_RELIC","is_daily":false,"chose_seed":false,"campfire_upgraded":6,"win_rate":0.0,"timestamp":1613288243,"path_taken":["M","M","M","?","$","E","M","M","T","E","R","E","R","$","R","BOSS","M","?","M","?","?","E","M","E","T","?","M","?","E","M","R","BOSS","M","$","?","?","?","R","M","R","T","$","R","M","M","E","R","BOSS","R","$","E","BOSS"],"items_purchased_type":["Card","Relic","Card","Card","Potion","Potion"],"build_version":"2020-12-22","purchased_purges":3,"victory":false,"max_hp_per_floor":[75,75,75,75,75,75,75,75,75,75,75,75,75,75,75,75,75,75,75,75,75,75,75,75,75,75,80,80,80,87,87,87,87,87,87,87,87,87,87,87,87,87,87,87,87,87,87,87,87,87,87,87,87,87,87,87],"card_choices":[{"not_picked":["Leap","Coolheaded"],"picked":"Turbo","floor":1.0},{"not_picked":["Steam","Genetic Algorithm"],"picked":"Tempest","floor":2.0},{"not_picked":["Cold Snap","Skim"],"picked":"Sweeping Beam","floor":3.0},{"not_picked":["Conserve Battery","Echo Form"],"picked":"Genetic Algorithm","floor":6.0},{"not_picked":["Beam Cell","Compile Driver"],"picked":"Redo","floor":7.0},{"not_picked":["Turbo","Sunder"],"picked":"Defragment","floor":8.0},{"not_picked":["Buffer","Go for the Eyes"],"picked":"Double Energy","floor":10.0},{"not_picked":["Storm","Hologram"],"picked":"Machine Learning","floor":12.0},{"not_picked":["Coolheaded","Go for the Eyes"],"picked":"Conserve Battery","floor":15.0},{"not_picked":["All For One","Machine Learning"],"picked":"Amplify","floor":16.0},{"not_picked":["Hologram","Sweeping Beam"],"picked":"Melter+1","floor":18.0},{"not_picked":["Hologram","Gash"],"picked":"Steam","floor":20.0},{"not_picked":["Melter+1","Buffer"],"picked":"Tempest","floor":23.0},{"not_picked":["Genetic Algorithm","Rebound"],"picked":"Sunder","floor":24.0},{"not_picked":["Biased Cognition","Steam Power"],"picked":"Conserve Battery","floor":25.0},{"not_picked":["Sweeping Beam","Steam"],"picked":"Hello World+1","floor":28.0},{"not_picked":["Turbo","Loop"],"picked":"Coolheaded+1","floor":30.0},{"not_picked":["Beam Cell","Conserve Battery+1"],"picked":"Aggregate","floor":31.0},{"not_picked":["Darkness+1","Beam Cell"],"picked":"Ball Lightning","floor":32.0},{"not_picked":["Echo Form","Fission"],"picked":"Thunder Strike","floor":33.0},{"not_picked":["Static Discharge+1","Hello World+1"],"picked":"Reinforced Body","floor":35.0},{"not_picked":["FTL","Skim"],"picked":"Rebound+1","floor":38.0},{"not_picked":["Loop+1","Doom and Gloom+1"],"picked":"Turbo+1","floor":41.0},{"not_picked":["Reinforced Body","Stack"],"picked":"BootSequence+1","floor":46.0},{"not_picked":["Loop+1","Streamline+1"],"picked":"Thunder Strike","floor":47.0},{"not_picked":["Auto Shields","Undo+1"],"picked":"Steam+1","floor":48.0},{"not_picked":["Gash","Fusion+1"],"picked":"Leap","floor":49.0},{"not_picked":["Coolheaded+1","Hologram+1"],"picked":"Hello World+1","floor":54}],"player_experience":49610,"relics_obtained":[{"floor":6.0,"key":"Gremlin Horn"},{"floor":9.0,"key":"Centennial Puzzle"},{"floor":10.0,"key":"MawBank"},{"floor":12.0,"key":"Dream Catcher"},{"floor":23.0,"key":"Incense Burner"},{"floor":25.0,"key":"Toy Ornithopter"},{"floor":30.0,"key":"Strawberry"},{"floor":38.0,"key":"Ice Cream"},{"floor":43.0,"key":"Regal Pillow"},{"floor":48.0,"key":"PreservedInsect"},{"floor":54,"key":"Oddly Smooth Stone"}],"event_choices":[{"damage_healed":0.0,"max_hp_gain":0.0,"max_hp_loss":0.0,"gold_gain":0.0,"event_name":"Wheel of Change","player_choice":"Full Heal","floor":4.0,"gold_loss":0.0,"damage_taken":0.0},{"damage_healed":0.0,"max_hp_gain":0.0,"max_hp_loss":0.0,"gold_gain":0.0,"event_name":"Drug Dealer","player_choice":"Inject Mutagens","floor":21.0,"gold_loss":0.0,"damage_taken":0.0,"relics_obtained":["MutagenicStrength"]},{"damage_healed":0.0,"max_hp_gain":0.0,"max_hp_loss":0.0,"gold_gain":0.0,"event_name":"The Mausoleum","player_choice":"Opened","floor":22.0,"gold_loss":0.0,"damage_taken":0.0,"relics_obtained":["Juzu Bracelet"],"cards_obtained":["Writhe"]},{"damage_healed":0.0,"max_hp_gain":5.0,"max_hp_loss":0.0,"gold_gain":0.0,"event_name":"Forgotten Altar","player_choice":"Shed Blood","floor":27.0,"gold_loss":0.0,"damage_taken":19.0},{"cards_removed":["Writhe"],"damage_healed":0.0,"max_hp_gain":0.0,"max_hp_loss":0.0,"gold_gain":0.0,"event_name":"Back to Basics","player_choice":"Elegance","floor":29.0,"gold_loss":0.0,"damage_taken":0.0},{"cards_removed":["Machine Learning"],"damage_healed":0.0,"max_hp_gain":0.0,"max_hp_loss":0.0,"gold_gain":0.0,"event_name":"Falling","player_choice":"Removed Power","floor":37.0,"gold_loss":0.0,"damage_taken":0.0},{"damage_healed":0.0,"max_hp_gain":0.0,"max_hp_loss":0.0,"gold_gain":0.0,"event_name":"MindBloom","player_choice":"Fight","floor":38.0,"gold_loss":0.0,"damage_taken":0.0},{"damage_healed":0.0,"max_hp_gain":0.0,"max_hp_loss":0.0,"gold_gain":0.0,"event_name":"Tomb of Lord Red Mask","player_choice":"Paid","floor":39.0,"gold_loss":61.0,"damage_taken":0.0,"relics_obtained":["Red Mask"]}],"is_beta":false,"boss_relics":[{"not_picked":["Philosopher\u0027s Stone","Runic Dome"],"picked":"Inserter"},{"not_picked":["Coffee Dripper","Calling Bell"],"picked":"SlaversCollar"}],"items_purged_floors":[5,14,36],"is_endless":false,"potions_floor_spawned":[3,6,12,16,20,24,28,33,35,54],"killed_by":"The Heart","ascension_level":0}}