{"host":"0fd22hpf43j6tvvm","time":1613273356,"event":{"mods":["AchievementEnabler","BaseMod","Colored Map","Minty Spire (QoL Compilation)","Relic Stats"],"gold_per_floor":[118,138,138,156,331,359,359,388,388,388,405,432,452,467,467,544,544,554,579,579,147,62,89,89,99,125,125,160,173,173,207,207,280,280,298,310,270,38,38,63,285,319,331,343,380,392,404,435,447,459],"floor_reached":51,"language":"ENG","playtime":4140,"items_purged":["Doubt","WindmillStrike"],"score":1550,"play_id":"ef407f59-8489-4651-bb65-f3dbd0f5da2c","local_time":"20210213222916","is_ascension_mode":true,"campfire_choices":[{"data":"Eruption","floor":7.0,"key":"SMITH"},{"data":"SashWhip","floor":10.0,"key":"SMITH"},{"data":"PathToVictory","floor":15.0,"key":"SMITH"},{"data":"ForeignInfluence","floor":24.0,"key":"SMITH"},{"data":"LessonLearned","floor":27.0,"key":"SMITH"},{"data":"PathToVictory","floor":30.0,"key":"SMITH"},{"data":"ThirdEye","floor":32.0,"key":"SMITH"},{"data":"Ragnarok","floor":44.0,"key":"SMITH"},{"data":"WindmillStrike","floor":46.0,"key":"SMITH"},{"data":"ThirdEye","floor":49.0,"key":"SMITH"}],"circlet_count":0,"master_deck":["AscendersBane","Eruption+1","Vigilance","Consecrate+1","Conclude+1","CutThroughFate+1","SashWhip+1","ThirdEye+1","PathToVictory+1","EmptyFist+1","PathToVictory+1","Vault+1","Swivel+1","SandsOfTime","LessonLearned+1","WindmillStrike+1","ForeignInfluence+1","Ragnarok+1","ThirdEye+1","FearNoEvil+1","Ghostly+1","Ghostly","Ghostly+1","Ghostly+1","Ghostly","ThirdEye+1","PathToVictory+1","Indignation","Prostrate+1","Evaluate+1","Wireheading","Wireheading+1"],"relics":["SlaversCollar","Bronze Scales","CloakClasp","Meat on the Bone","Bag of Preparation","Pandora\u0027s Box","Red Mask","PreservedInsect","OrangePellets","Darkstone Periapt","Damaru","Boot","Smiling Mask","War Paint","Coffee Dripper","Sling","Bag of Marbles","MawBank","Sundial","Whetstone"],"acts_visited":["Exordium","TheCity","TheBeyond"],"potions_floor_usage":[50,50],"damage_taken":[{"damage":2.0,"enemies":"Jaw Worm","floor":1.0,"turns":4.0},{"damage":2.0,"enemies":"Small Slimes","floor":2.0,"turns":2.0},{"damage":0.0,"enemies":"2 Louse","floor":4.0,"turns":2.0},{"damage":0.0,"enemies":"Gremlin Nob","floor":6.0,"turns":2.0},{"damage":14.0,"enemies":"Lagavulin","floor":8.0,"turns":7.0},{"damage":6.0,"enemies":"Exordium Thugs","floor":11.0,"turns":3.0},{"damage":14.0,"enemies":"3 Sentries","floor":12.0,"turns":4.0},{"damage":1.0,"enemies":"Looter","floor":13.0,"turns":3.0},{"damage":0.0,"enemies":"2 Fungi Beasts","floor":14.0,"turns":2.0},{"damage":1.0,"enemies":"The Guardian","floor":16.0,"turns":7.0},{"damage":19.0,"enemies":"2 Thieves","floor":18.0,"turns":3.0},{"damage":22.0,"enemies":"Masked Bandits","floor":19.0,"turns":4.0},{"damage":4.0,"enemies":"Slavers","floor":23.0,"turns":3.0},{"damage":1.0,"enemies":"Spheric Guardian","floor":25.0,"turns":3.0},{"damage":0.0,"enemies":"Gremlin Leader","floor":28.0,"turns":6.0},{"damage":0.0,"enemies":"Chosen and Byrds","floor":29.0,"turns":7.0},{"damage":0.0,"enemies":"Book of Stabbing","floor":31.0,"turns":5.0},{"damage":18.0,"enemies":"Collector","floor":33.0,"turns":9.0},{"damage":0.0,"enemies":"3 Shapes","floor":35.0,"turns":6.0},{"damage":0.0,"enemies":"3 Darklings","floor":36.0,"turns":9.0},{"damage":0.0,"enemies":"Reptomancer","floor":40.0,"turns":7.0},{"damage":12.0,"enemies":"Nemesis","floor":42.0,"turns":6.0},{"damage":0.0,"enemies":"Giant Head","floor":45.0,"turns":8.0},{"damage":0.0,"enemies":"Writhing Mass","floor":48.0,"turns":7.0},{"damage":9,"enemies":"Awakened One","floor":50,"turns":9}],"seed_played":"-2544637108079463018","potions_obtained":[{"floor":2.0,"key":"EntropicBrew"},{"floor":4.0,"key":"LiquidBronze"},{"floor":6.0,"key":"SkillPotion"},{"floor":8.0,"key":"BottledMiracle"},{"floor":19.0,"key":"Energy Potion"},{"floor":23.0,"key":"Strength Potion"},{"floor":33.0,"key":"PowerPotion"},{"floor":42.0,"key":"PowerPotion"}],"is_trial":false,"path_per_floor":["M","M","?","M","?","E","R","E","T","R","M","E","M","M","R","B",null,"M","?","?","$","?","E","R","M","T","R","E","M","R","E","R","B",null,"M","M","?","$","?","E","?","E","T","R","E","R","?","M","R","B",null],"character_chosen":"WATCHER","items_purchased":["PreservedInsect","OrangePellets","ThirdEye","Sling","Wireheading"],"campfire_rested":0,"item_purchase_floors":[21,21,21,38,38],"current_hp_per_floor":[63,61,54,54,54,54,54,40,40,40,46,44,43,43,43,42,65,46,36,36,36,36,32,32,31,31,31,31,31,31,31,31,25,33,33,33,33,33,33,33,33,21,21,21,21,21,21,21,21,24],"gold":471,"neow_bonus":"BOSS_RELIC","is_daily":false,"chose_seed":false,"campfire_upgraded":10,"win_rate":0.0,"timestamp":1613273356,"path_taken":["M","M","?","M","?","E","R","E","T","R","M","E","M","M","R","BOSS","M","?","?","$","?","E","R","?","T","R","E","M","R","E","R","BOSS","M","M","?","?","?","E","?","E","T","R","E","R","?","M","R","BOSS"],"items_purchased_type":["Relic","Relic","Card","Relic","Card"],"build_version":"2020-12-22","purchased_purges":2,"victory":true,"max_hp_per_floor":[72,72,72,72,72,72,72,72,72,72,72,72,72,72,72,72,72,72,72,36,36,36,36,36,36,36,36,36,36,36,36,36,36,36,36,36,36,36,34,34,34,34,34,34,34,34,34,34,34,34],"relic_stats":{"Darkstone Periapt":0,"counters":[25,128],"PreservedInsect":383,"CloakClasp":[274],"Bag of Preparation":[36],"Whetstone":["EmptyFist","CutThroughFate"],"War Paint":["Ghostly","Swivel"],"Boot":[41],"Smiling Mask":50,"MawBank":108,"OrangePellets":[0],"Sundial":[4],"Bronze Scales":[262],"Pandora\u0027s Box":["Swivel","SandsOfTime","LessonLearned","WindmillStrike","ForeignInfluence","Ragnarok","Crescendo"],"obtain_stats":[{"Darkstone Periapt":22,"Damaru":23,"PreservedInsect":21,"CloakClasp":8,"Bag of Preparation":12,"Whetstone":45,"War Paint":31,"Boot":26,"Smiling Mask":28,"Sling":38,"MawBank":42,"SlaversCollar":0,"OrangePellets":21,"Sundial":43,"Bronze Scales":6,"Pandora\u0027s Box":17,"Red Mask":19,"Coffee Dripper":34,"Bag of Marbles":40,"PureWater":0,"Meat on the Bone":9},{"Darkstone Periapt":12,"Damaru":13,"PreservedInsect":12,"CloakClasp":5,"Bag of Preparation":7,"Whetstone":23,"War Paint":17,"Boot":14,"Smiling Mask":15,"Sling":20,"MawBank":22,"SlaversCollar":0,"OrangePellets":12,"Sundial":22,"Bronze Scales":4,"Pandora\u0027s Box":10,"Red Mask":12,"Coffee Dripper":18,"Bag of Marbles":21,"PureWater":0,"Meat on the Bone":5},{"Darkstone Periapt":43,"Damaru":46,"PreservedInsect":43,"CloakClasp":17,"Bag of Preparation":24,"Whetstone":112,"War Paint":67,"Boot":49,"Smiling Mask":55,"Sling":91,"MawBank":104,"SlaversCollar":0,"OrangePellets":43,"Sundial":104,"Bronze Scales":10,"Pandora\u0027s Box":36,"Red Mask":43,"Coffee Dripper":76,"Bag of Marbles":98,"PureWater":0,"Meat on the Bone":17}],"Meat on the Bone":60},"card_choices":[{"not_picked":["EmptyFist","SandsOfTime"],"picked":"Consecrate","floor":1.0},{"not_picked":["FollowUp","MentalFortress"],"picked":"Conclude","floor":2.0},{"not_picked":["InnerPeace","Pray"],"picked":"WindmillStrike","floor":4.0},{"not_picked":["ClearTheMind","WheelKick"],"picked":"CutThroughFate","floor":6.0},{"not_picked":["Crescendo","Weave"],"picked":"SashWhip","floor":8.0},{"not_picked":["WaveOfTheHand","SashWhip"],"picked":"ThirdEye","floor":11.0},{"not_picked":["Worship","FlyingSleeves"],"picked":"PathToVictory","floor":12.0},{"not_picked":["Prostrate","WreathOfFlame"],"picked":"EmptyFist","floor":13.0},{"not_picked":["WaveOfTheHand","Evaluate"],"picked":"PathToVictory","floor":14.0},{"not_picked":["Alpha","Blasphemy"],"picked":"Vault","floor":16.0},{"not_picked":["FollowUp","Conclude"],"picked":"ThirdEye","floor":18.0},{"not_picked":["Crescendo","BowlingBash"],"picked":"FearNoEvil","floor":19.0},{"not_picked":["FollowUp","Prostrate"],"picked":"PathToVictory+1","floor":23.0},{"not_picked":["EmptyMind+1","ThirdEye","JustLucky"],"picked":"SKIP","floor":25.0},{"not_picked":["ClearTheMind","Halt"],"picked":"Indignation","floor":28.0},{"not_picked":["SashWhip","Collect"],"picked":"Prostrate","floor":29.0},{"not_picked":["MasterReality","Pray","FollowUp+1"],"picked":"SKIP","floor":31.0},{"not_picked":["JustLucky","EmptyFist"],"picked":"Evaluate+1","floor":35.0},{"not_picked":["BowlingBash","FollowUp+1","ForeignInfluence"],"picked":"SKIP","floor":36.0},{"not_picked":["DeusExMachina","CarveReality"],"picked":"Wireheading+1","floor":40.0},{"not_picked":["ReachHeaven","Prostrate+1","Indignation+1"],"picked":"SKIP","floor":42.0},{"not_picked":["BowlingBash","SignatureMove","FollowUp"],"picked":"SKIP","floor":45.0},{"not_picked":["Evaluate","Study","Crescendo"],"picked":"SKIP","floor":48.0}],"player_experience":553907,"relics_obtained":[{"floor":6.0,"key":"Bronze Scales"},{"floor":8.0,"key":"CloakClasp"},{"floor":9.0,"key":"Meat on the Bone"},{"floor":12.0,"key":"Bag of Preparation"},{"floor":19.0,"key":"Red Mask"},{"floor":23.0,"key":"Damaru"},{"floor":26.0,"key":"Boot"},{"floor":28.0,"key":"Smiling Mask"},{"floor":31.0,"key":"War Paint"},{"floor":40.0,"key":"Bag of Marbles"},{"floor":42.0,"key":"MawBank"},{"floor":43.0,"key":"Sundial"},{"floor":45.0,"key":"Whetstone"}],"event_choices":[{"cards_removed":["Defend_P"],"damage_healed":0.0,"max_hp_gain":0.0,"max_hp_loss":0.0,"gold_gain":0.0,"event_name":"Golden Wing","player_choice":"Card Removal","floor":3.0,"gold_loss":0.0,"damage_taken":7.0},{"damage_healed":0.0,"max_hp_gain":0.0,"max_hp_loss":0.0,"gold_gain":175.0,"event_name":"Liars Game","player_choice":"AGREE","floor":5.0,"gold_loss":0.0,"damage_taken":0.0,"cards_obtained":["Doubt"]},{"damage_healed":0.0,"max_hp_gain":0.0,"max_hp_loss":0.0,"gold_gain":0.0,"event_name":"Masked Bandits","player_choice":"Fought Bandits","floor":19.0,"gold_loss":0.0,"damage_taken":0.0},{"damage_healed":0.0,"max_hp_gain":0.0,"max_hp_loss":36.0,"gold_gain":0.0,"event_name":"Ghosts","player_choice":"Became a Ghost","floor":20.0,"gold_loss":0.0,"damage_taken":0.0,"cards_obtained":["Ghostly","Ghostly","Ghostly","Ghostly","Ghostly"]},{"damage_healed":0.0,"max_hp_gain":0.0,"max_hp_loss":0.0,"gold_gain":0.0,"event_name":"Addict","player_choice":"Obtained Relic","floor":22.0,"gold_loss":85.0,"damage_taken":0.0,"relics_obtained":["Darkstone Periapt"]},{"damage_healed":0.0,"max_hp_gain":0.0,"max_hp_loss":0.0,"gold_gain":0.0,"event_name":"Designer","player_choice":"Upgraded Two","floor":37.0,"gold_loss":40.0,"damage_taken":0.0,"cards_upgraded":["Conclude","Prostrate"]},{"damage_healed":0.0,"max_hp_gain":0.0,"max_hp_loss":2.0,"gold_gain":0.0,"event_name":"Winding Halls","player_choice":"Max HP","floor":39.0,"gold_loss":0.0,"damage_taken":0.0},{"damage_healed":0.0,"max_hp_gain":0.0,"max_hp_loss":0.0,"gold_gain":222.0,"event_name":"Tomb of Lord Red Mask","player_choice":"Wore Mask","floor":41.0,"gold_loss":0.0,"damage_taken":0.0},{"cards_removed":["Crescendo"],"damage_healed":0.0,"max_hp_gain":0.0,"max_hp_loss":0.0,"gold_gain":0.0,"event_name":"Falling","player_choice":"Removed Skill","floor":47.0,"gold_loss":0.0,"damage_taken":0.0}],"is_beta":false,"boss_relics":[{"not_picked":["VioletLotus","Runic Dome"],"picked":"Pandora\u0027s Box"},{"not_picked":["Philosopher\u0027s Stone","Astrolabe"],"picked":"Coffee Dripper"}],"items_purged_floors":[21,38],"is_endless":false,"potions_floor_spawned":[2,4,6,8,19,23,28,33,36,42,45],"ascension_level":13}}