{"host":"0fm1w3v00gid44jl","time":1613340376,"event":{"mods":["AchievementEnabler","BaseMod","Colored Map","Colored Powertips","Displayed Cursed Tome","Googly Eyes","Highlight Path","Minty Spire (QoL Compilation)","Permanent Neow","Relic Stats","StSLib","SuperFastMode","slay the spire mod where everything is the same but ironclad has a cowboy hat"],"gold_per_floor":[118,48,59,79,91,91,118,137,137,137,137,188,217,6,6,106,106,166,180,180,180,180,180,180,14,41,3,3,34,34,34,34],"floor_reached":31,"language":"ENG","playtime":758,"items_purged":[],"score":253,"play_id":"c467b5c0-689a-40e2-8a35-5a7c40a26964","local_time":"20210214160616","is_ascension_mode":true,"campfire_choices":[{"data":"Sucker Punch","floor":6,"key":"SMITH"},{"data":"Venomology","floor":10,"key":"SMITH"},{"floor":15,"key":"REST"},{"data":"Burst","floor":24,"key":"SMITH"},{"data":"Phantasmal Killer","floor":30,"key":"SMITH"}],"circlet_count":0,"master_deck":["Strike_G","Strike_G","Strike_G","Defend_G+1","Defend_G","Defend_G","Defend_G","Defend_G","Survivor","Neutralize","Quick Slash","Backstab+1","Sucker Punch+1","Dagger Spray","Backstab","Venomology+1","Terror","Burst+1","Bouncing Flask","HandOfGreed","Phantasmal Killer+1","Dash","Poisoned Stab","Choke","Finisher","Writhe","RitualDagger","Deadly Poison","Leg Sweep"],"relics":["Ring of the Snake","Ice Cream","Mango","Singing Bowl","Snake Skull","Black Star","Torii","Membership Card","Oddly Smooth Stone"],"acts_visited":["Exordium","TheCity"],"potions_floor_usage":[13,16,18,19,29,31],"damage_taken":[{"damage":4,"enemies":"Cultist","floor":1,"turns":4},{"damage":0,"enemies":"Small Slimes","floor":3,"turns":3},{"damage":0,"enemies":"Jaw Worm","floor":4,"turns":3},{"damage":1,"enemies":"Blue Slaver","floor":5,"turns":2},{"damage":19,"enemies":"Gremlin Nob","floor":7,"turns":4},{"damage":0,"enemies":"2 Fungi Beasts","floor":8,"turns":2},{"damage":5,"enemies":"3 Sentries","floor":13,"turns":6},{"damage":22,"enemies":"Hexaghost","floor":16,"turns":6},{"damage":34,"enemies":"3 Byrds","floor":18,"turns":7},{"damage":0,"enemies":"Chosen","floor":19,"turns":3},{"damage":24,"enemies":"Sentry and Sphere","floor":29,"turns":9},{"damage":21,"enemies":"Slavers","floor":31,"turns":5}],"seed_played":"3365474349158508065","potions_obtained":[{"floor":4,"key":"PowerPotion"},{"floor":5,"key":"Explosive Potion"},{"floor":7,"key":"SteroidPotion"}],"is_trial":false,"path_per_floor":["M","$","M","M","M","R","E","M","T","R","?","?","E","$","R","B",null,"M","M","?","?","?","?","R","$","T","$","?","M","R","E"],"character_chosen":"THE_SILENT","items_purchased":["Backstab","Bouncing Flask","HandOfGreed","Membership Card","Deadly Poison","Leg Sweep"],"campfire_rested":1,"item_purchase_floors":[2,14,14,25,25,27],"current_hp_per_floor":[59,59,59,59,58,58,53,53,53,53,38,38,33,33,56,34,77,43,43,43,43,37,62,62,62,62,62,62,40,40,19,19],"gold":34,"neow_bonus":"ONE_RARE_RELIC","is_daily":false,"chose_seed":false,"campfire_upgraded":4,"win_rate":0.0,"timestamp":1613340376,"path_taken":["M","$","M","M","M","R","E","M","T","R","?","?","E","$","R","BOSS","M","M","?","?","?","?","R","$","T","?","?","?","R","E"],"items_purchased_type":["Card","Card","Card","Relic","Card","Card"],"build_version":"2020-12-22","purchased_purges":0,"victory":false,"max_hp_per_floor":[63,63,63,63,63,63,77,77,77,77,77,77,77,77,77,77,77,77,77,77,77,77,77,77,77,77,77,77,79,79,79,79],"relic_stats":{"Singing Bowl":2,"Torii":8,"counters":[12,54],"Snake Skull":[18],"Black Star":0,"obtain_stats":[{"Ice Cream":0,"Singing Bowl":9,"Torii":21,"Oddly Smooth Stone":26,"Mango":7,"Snake Skull":13,"Black Star":17,"Membership Card":25,"Ring of the Snake":0},{"Ice Cream":0,"Singing Bowl":6,"Torii":10,"Oddly Smooth Stone":10,"Mango":5,"Snake Skull":7,"Black Star":8,"Membership Card":10,"Ring of the Snake":0},{"Ice Cream":0,"Singing Bowl":18,"Torii":40,"Oddly Smooth Stone":40,"Mango":16,"Snake Skull":24,"Black Star":30,"Membership Card":40,"Ring of the Snake":0}],"Ring of the Snake":[24]},"card_choices":[{"not_picked":["Slice","Dodge and Roll"],"picked":"Quick Slash","floor":1},{"not_picked":["Outmaneuver","Bane"],"picked":"Sucker Punch","floor":3},{"not_picked":["Grand Finale","Prepared"],"picked":"Dagger Spray","floor":4},{"not_picked":["Predator","Poisoned Stab"],"picked":"Backstab","floor":5},{"not_picked":["Blur","Concentrate"],"picked":"Venomology","floor":7},{"not_picked":["Tactician","Dodge and Roll"],"picked":"Terror","floor":8},{"not_picked":["Quick Slash","Backflip"],"picked":"Burst","floor":13},{"not_picked":["Doppelganger","Die Die Die"],"picked":"Phantasmal Killer","floor":16},{"not_picked":["Prepared","Outmaneuver"],"picked":"Dash","floor":18},{"not_picked":["Flying Knee+1","Die Die Die"],"picked":"Poisoned Stab","floor":19},{"not_picked":["Blade Dance","Slice+1","Deflect"],"picked":"Singing Bowl","floor":29}],"player_experience":1118572,"relics_obtained":[{"floor":7,"key":"Mango"},{"floor":9,"key":"Singing Bowl"},{"floor":13,"key":"Snake Skull"},{"floor":26,"key":"Oddly Smooth Stone"}],"event_choices":[{"damage_healed":0,"gold_gain":0,"player_choice":"Entered Light","damage_taken":15,"max_hp_gain":0,"max_hp_loss":0,"event_name":"Shining Light","floor":11,"gold_loss":0,"cards_upgraded":["Defend_G","Backstab"]},{"damage_healed":0,"gold_gain":51,"player_choice":"Gained Gold","damage_taken":0,"max_hp_gain":0,"max_hp_loss":0,"event_name":"Golden Wing","floor":12,"gold_loss":0},{"damage_healed":0,"gold_gain":0,"cards_transformed":["Strike_G","Strike_G"],"player_choice":"Became Test Subject","damage_taken":0,"max_hp_gain":0,"max_hp_loss":0,"event_name":"Drug Dealer","floor":20,"gold_loss":0,"cards_obtained":["Choke","Finisher"]},{"damage_healed":0,"gold_gain":0,"player_choice":"Opened","damage_taken":0,"relics_obtained":["Torii"],"max_hp_gain":0,"max_hp_loss":0,"event_name":"The Mausoleum","floor":21,"gold_loss":0,"cards_obtained":["Writhe"]},{"damage_healed":0,"gold_gain":0,"player_choice":"Joined the Cult","damage_taken":6,"max_hp_gain":0,"max_hp_loss":0,"event_name":"Nest","floor":22,"gold_loss":0,"cards_obtained":["RitualDagger"]},{"damage_healed":25,"gold_gain":0,"player_choice":"Heal","damage_taken":0,"max_hp_gain":0,"max_hp_loss":0,"event_name":"The Library","floor":23,"gold_loss":0},{"damage_healed":0,"gold_gain":0,"player_choice":"Ignored","damage_taken":0,"max_hp_gain":0,"max_hp_loss":0,"event_name":"Vampires","floor":28,"gold_loss":0}],"is_beta":false,"boss_relics":[{"not_picked":["Runic Dome","Tiny House"],"picked":"Black Star"}],"items_purged_floors":[],"is_endless":false,"potions_floor_spawned":[4,5,7,13,16,18],"killed_by":"Slavers","ascension_level":1}}