{"host":"5fpb1gzflhq9886n","time":1613280522,"event":{"mods":["AchievementEnabler","BaseMod","Colored Map","Colored Powertips","Minty Spire (QoL Compilation)","Permanent Neow"],"gold_per_floor":[113,113,126,126,139,139,174,174,174,174,174,209,221,221,221,322,322,341,341,351,266,282,282,316,316,316,72,72,83,96,106,106,106,106],"floor_reached":33,"language":"ENG","playtime":3488,"items_purged":[],"score":375,"play_id":"b3a64256-0078-4099-bd50-98f1776fa233","local_time":"20210214002842","is_ascension_mode":true,"campfire_choices":[{"floor":6.0,"key":"RECALL"},{"floor":8.0,"key":"REST"},{"data":"Survivor","floor":11.0,"key":"SMITH"},{"floor":15.0,"key":"REST"},{"floor":23.0,"key":"REST"},{"floor":28.0,"key":"REST"},{"floor":32,"key":"REST"}],"circlet_count":0,"master_deck":["Strike_G","Strike_G","Strike_G","Strike_G","Strike_G+1","Defend_G","Defend_G","Defend_G","Defend_G","Defend_G+1","Survivor+1","Neutralize","Dagger Throw","Caltrops","Cloak And Dagger","All Out Attack","Riddle With Holes","Noxious Fumes","Grand Finale","Footwork","Poisoned Stab+1","Choke+1","Phantasmal Killer","Backstab+1","Blade Dance","Terror"],"relics":["Ring of the Snake","NeowsBlessing","WarpedTongs","Sundial","Ninja Scroll","Orichalcum","Nunchaku","Fusion Hammer","MutagenicStrength","PreservedInsect","Tiny Chest","Letter Opener","Molten Egg 2"],"acts_visited":["Exordium","TheCity"],"potions_floor_usage":[33,33,33],"damage_taken":[{"damage":0.0,"enemies":"2 Louse","floor":1.0,"turns":1.0},{"damage":0.0,"enemies":"Cultist","floor":3.0,"turns":1.0},{"damage":0.0,"enemies":"Small Slimes","floor":5.0,"turns":1.0},{"damage":24.0,"enemies":"3 Sentries","floor":7.0,"turns":9.0},{"damage":37.0,"enemies":"Lagavulin","floor":12.0,"turns":7.0},{"damage":3.0,"enemies":"2 Fungi Beasts","floor":13.0,"turns":2.0},{"damage":17.0,"enemies":"The Guardian","floor":16.0,"turns":10.0},{"damage":17.0,"enemies":"2 Thieves","floor":18.0,"turns":4.0},{"damage":0.0,"enemies":"3 Byrds","floor":20.0,"turns":3.0},{"damage":20.0,"enemies":"Shelled Parasite and Fungi","floor":22.0,"turns":5.0},{"damage":0.0,"enemies":"Gremlin Leader","floor":24.0,"turns":5.0},{"damage":21.0,"enemies":"Snake Plant","floor":29.0,"turns":3.0},{"damage":4,"enemies":"Cultist and Chosen","floor":30,"turns":4},{"damage":0,"enemies":"Shelled Parasite and Fungi","floor":31,"turns":2},{"damage":74,"enemies":"Automaton","floor":33,"turns":6}],"seed_played":"2342977033200164786","potions_obtained":[{"floor":1.0,"key":"Block Potion"},{"floor":12.0,"key":"FearPotion"},{"floor":16.0,"key":"Strength Potion"},{"floor":22.0,"key":"Poison Potion"}],"is_trial":false,"path_per_floor":["M","?","M","?","M","R","E","R","T","?","R","E","M","?","R","B",null,"M","?","M","?","M","R","E","T","T","$","R","M","M","M","R","B"],"character_chosen":"THE_SILENT","items_purchased":["Molten Egg 2"],"campfire_rested":5,"item_purchase_floors":[27],"current_hp_per_floor":[70,70,70,70,70,70,46,67,67,53,53,16,13,10,31,14,56,39,39,39,39,19,40,40,40,40,40,61,40,36,36,57,0,0],"gold":106,"neow_bonus":"THREE_ENEMY_KILL","is_daily":false,"chose_seed":false,"campfire_upgraded":1,"win_rate":0.0,"timestamp":1613280522,"path_taken":["M","?","?","?","?","R","E","R","T","?","R","E","M","?","R","BOSS","M","?","M","?","M","R","E","?","T","$","R","M","M","M","R","BOSS"],"items_purchased_type":["Relic"],"build_version":"2020-12-22","purchased_purges":0,"victory":false,"max_hp_per_floor":[70,70,70,70,70,70,70,70,70,70,70,70,70,70,70,70,70,70,70,70,70,70,70,70,70,70,70,70,70,70,70,70,70,70],"card_choices":[{"not_picked":["Finisher","Sucker Punch"],"picked":"Dagger Throw","floor":1.0},{"not_picked":["Heel Hook","Prepared"],"picked":"Caltrops","floor":3.0},{"not_picked":["Blur","Slice"],"picked":"Cloak And Dagger","floor":5.0},{"not_picked":["Outmaneuver","Poisoned Stab"],"picked":"All Out Attack","floor":7.0},{"not_picked":["Night Terror","Concentrate"],"picked":"Riddle With Holes","floor":12.0},{"not_picked":["Tactician","Backflip"],"picked":"Noxious Fumes","floor":13.0},{"not_picked":["Malaise","Venomology"],"picked":"Grand Finale","floor":16.0},{"not_picked":["Dodge and Roll","Terror"],"picked":"Footwork","floor":18.0},{"not_picked":["Dodge and Roll","Blur+1"],"picked":"Poisoned Stab+1","floor":20.0},{"not_picked":["Deflect","PiercingWail+1"],"picked":"Choke+1","floor":22.0},{"not_picked":["Skewer","Deadly Poison"],"picked":"Phantasmal Killer","floor":24.0},{"not_picked":["PiercingWail","Quick Slash+1"],"picked":"Backstab+1","floor":29.0},{"not_picked":["Prepared","Setup"],"picked":"Blade Dance","floor":30},{"not_picked":["PiercingWail","Dagger Throw+1"],"picked":"Terror","floor":31}],"player_experience":812166,"relics_obtained":[{"floor":7.0,"key":"Sundial"},{"floor":9.0,"key":"Ninja Scroll"},{"floor":12.0,"key":"Orichalcum"},{"floor":24.0,"key":"Tiny Chest"},{"floor":26.0,"key":"Letter Opener"}],"event_choices":[{"damage_healed":0.0,"max_hp_gain":0.0,"max_hp_loss":0.0,"gold_gain":0.0,"event_name":"Accursed Blacksmith","player_choice":"Rummage","floor":2.0,"gold_loss":0.0,"damage_taken":0.0,"relics_obtained":["WarpedTongs"],"cards_obtained":["Pain"]},{"cards_removed":["Pain"],"damage_healed":0.0,"max_hp_gain":0.0,"max_hp_loss":0.0,"gold_gain":0.0,"event_name":"Fountain of Cleansing","player_choice":"Removed Curses","floor":4.0,"gold_loss":0.0,"damage_taken":0.0},{"damage_healed":0.0,"max_hp_gain":0.0,"max_hp_loss":0.0,"gold_gain":0.0,"event_name":"Shining Light","player_choice":"Entered Light","floor":10.0,"gold_loss":0.0,"damage_taken":14.0,"cards_upgraded":["Defend_G","Strike_G"]},{"damage_healed":0.0,"max_hp_gain":0.0,"max_hp_loss":0.0,"gold_gain":0.0,"event_name":"Scrap Ooze","player_choice":"Success","floor":14.0,"gold_loss":0.0,"damage_taken":3.0,"relics_obtained":["Nunchaku"]},{"damage_healed":0.0,"max_hp_gain":0.0,"max_hp_loss":0.0,"gold_gain":0.0,"event_name":"Drug Dealer","player_choice":"Inject Mutagens","floor":19.0,"gold_loss":0.0,"damage_taken":0.0,"relics_obtained":["MutagenicStrength"]},{"damage_healed":0.0,"max_hp_gain":0.0,"max_hp_loss":0.0,"gold_gain":0.0,"event_name":"Addict","player_choice":"Obtained Relic","floor":21.0,"gold_loss":85.0,"damage_taken":0.0,"relics_obtained":["PreservedInsect"]}],"is_beta":false,"boss_relics":[{"not_picked":["Calling Bell","Pandora\u0027s Box"],"picked":"Fusion Hammer"}],"items_purged_floors":[],"is_endless":false,"potions_floor_spawned":[1,12,16,22,30,31],"killed_by":"Automaton","ascension_level":5}}