{"host":"7wi4qgm5yw4j7oz0","time":1613324617,"event":{"mods":["AchievementEnabler","BaseMod","Block Reminder","Colored Map","Colored Powertips","Highlight Path","Minty Spire (QoL Compilation)","Permanent Neow","Random Character Button","StSLib","everything is the same but u backflip on backflip"],"gold_per_floor":[110,123,133,150,100,100,126,126,126,126,201,227,240,251,251,353,353,373,448,448,448,373,403,421,421,469,469,291,291,318,343,343,343,343],"floor_reached":33,"language":"KOR","playtime":1536,"items_purged":["Bash","Iron Wave"],"score":451,"play_id":"926205e6-b3f1-41a1-847c-524e01decc97","local_time":"20210215024337","is_ascension_mode":true,"campfire_choices":[{"data":"Pommel Strike","floor":6.0,"key":"SMITH"},{"data":"Rage","floor":8.0,"key":"SMITH"},{"floor":10.0,"key":"REST"},{"data":"True Grit","floor":15.0,"key":"SMITH"},{"floor":25.0,"key":"REST"},{"floor":29.0,"key":"REST"},{"data":"Armaments","floor":32.0,"key":"SMITH"}],"circlet_count":0,"master_deck":["AscendersBane","Strike_R+1","Strike_R+1","Defend_R+1","Defend_R+1","Defend_R+1","Defend_R+1","Pommel Strike+1","Wild Strike","Seeing Red","Rage+1","Intimidate","Disarm","True Grit+1","Headbutt","Bludgeon","Whirlwind","Flame Barrier","Flame Barrier","Fire Breathing+1","Iron Wave+1","Evolve","Armaments+1"],"relics":["Burning Blood","Bottled Flame","Mercury Hourglass","Juzu Bracelet","SlaversCollar","Bronze Scales","Regal Pillow","Oddly Smooth Stone","Darkstone Periapt"],"acts_visited":["Exordium","TheCity"],"potions_floor_usage":[33],"damage_taken":[{"damage":4.0,"enemies":"2 Louse","floor":1.0,"turns":3.0},{"damage":1.0,"enemies":"Cultist","floor":2.0,"turns":3.0},{"damage":8.0,"enemies":"Jaw Worm","floor":3.0,"turns":4.0},{"damage":11.0,"enemies":"Looter","floor":4.0,"turns":2.0},{"damage":43.0,"enemies":"Lagavulin","floor":7.0,"turns":8.0},{"damage":32.0,"enemies":"3 Sentries","floor":12.0,"turns":7.0},{"damage":1.0,"enemies":"Blue Slaver","floor":13.0,"turns":4.0},{"damage":0.0,"enemies":"2 Fungi Beasts","floor":14.0,"turns":3.0},{"damage":45.0,"enemies":"The Guardian","floor":16.0,"turns":14.0},{"damage":10.0,"enemies":"3 Byrds","floor":18.0,"turns":5.0},{"damage":17.0,"enemies":"Book of Stabbing","floor":23.0,"turns":7.0},{"damage":19.0,"enemies":"Spheric Guardian","floor":24.0,"turns":5.0},{"damage":18.0,"enemies":"Slavers","floor":31.0,"turns":5.0},{"damage":68,"enemies":"Automaton","floor":33,"turns":6}],"seed_played":"-1615947313951126545","potions_obtained":[{"floor":3.0,"key":"ColorlessPotion"},{"floor":4.0,"key":"ElixirPotion"},{"floor":13.0,"key":"Energy Potion"},{"floor":14.0,"key":"BloodPotion"},{"floor":31.0,"key":"DistilledChaos"}],"is_trial":false,"path_per_floor":["M","M","M","M","?","R","E","R","T","R","?","E","M","M","R","B",null,"M","?","?","?","$","E","M","R","T","?","$","R","T","E","R","B"],"character_chosen":"IRONCLAD","items_purchased":["Evolve"],"campfire_rested":3,"item_purchase_floors":[28],"current_hp_per_floor":[74,79,77,72,72,72,35,35,35,59,48,22,27,49,49,10,63,59,51,51,36,36,25,12,37,37,37,37,77,77,65,65,0,0],"gold":343,"neow_bonus":"THREE_CARDS","is_daily":false,"chose_seed":false,"campfire_upgraded":4,"win_rate":0.0,"timestamp":1613324617,"path_taken":["M","M","M","M","?","R","E","R","T","R","?","E","M","M","R","BOSS","M","?","?","?","$","E","M","R","T","?","$","R","?","E","R","BOSS"],"items_purchased_type":["Card"],"build_version":"2020-12-22","purchased_purges":2,"victory":false,"max_hp_per_floor":[80,80,80,80,80,80,80,80,80,80,80,80,80,80,80,80,80,80,80,80,85,85,85,85,85,85,85,85,85,85,85,85,85,85],"card_choices":[{"not_picked":["True Grit","Pummel"],"picked":"Pommel Strike","floor":0.0},{"not_picked":["Anger","Havoc"],"picked":"Iron Wave","floor":1.0},{"not_picked":["Havoc","Thunderclap"],"picked":"Wild Strike","floor":2.0},{"not_picked":["Heavy Blade","Feel No Pain"],"picked":"Seeing Red","floor":3.0},{"not_picked":["Dropkick","Rupture"],"picked":"Rage","floor":4.0},{"not_picked":["Exhume","Heavy Blade"],"picked":"Intimidate","floor":7.0},{"not_picked":["Iron Wave","Hemokinesis"],"picked":"Disarm","floor":12.0},{"not_picked":["Clash","Heavy Blade"],"picked":"True Grit","floor":13.0},{"not_picked":["Clash","Havoc"],"picked":"Headbutt","floor":14.0},{"not_picked":["Offering","Impervious"],"picked":"Bludgeon","floor":16.0},{"not_picked":["Dark Embrace","Sword Boomerang"],"picked":"Whirlwind","floor":18.0},{"not_picked":["Rampage","Havoc"],"picked":"Fire Breathing+1","floor":23.0},{"not_picked":["Wild Strike+1","Pummel"],"picked":"Iron Wave+1","floor":24.0},{"not_picked":["Reckless Charge","Body Slam"],"picked":"Armaments","floor":31.0}],"player_experience":309486,"relics_obtained":[{"floor":7.0,"key":"Bottled Flame"},{"floor":9.0,"key":"Mercury Hourglass"},{"floor":12.0,"key":"Juzu Bracelet"},{"floor":23.0,"key":"Bronze Scales"},{"floor":26.0,"key":"Regal Pillow"},{"floor":30.0,"key":"Oddly Smooth Stone"},{"floor":31.0,"key":"Darkstone Periapt"}],"event_choices":[{"cards_removed":["Strike_R"],"damage_healed":0.0,"max_hp_gain":0.0,"max_hp_loss":0.0,"gold_gain":0.0,"event_name":"The Cleric","player_choice":"Card Removal","floor":5.0,"gold_loss":50.0,"damage_taken":0.0},{"damage_healed":0.0,"max_hp_gain":0.0,"max_hp_loss":0.0,"gold_gain":75.0,"event_name":"World of Goop","player_choice":"Gather Gold","floor":11.0,"gold_loss":0.0,"damage_taken":11.0},{"damage_healed":0.0,"max_hp_gain":0.0,"max_hp_loss":0.0,"gold_gain":75.0,"event_name":"FaceTrader","player_choice":"Touch","floor":19.0,"gold_loss":0.0,"damage_taken":8.0},{"damage_healed":0.0,"max_hp_gain":0.0,"max_hp_loss":0.0,"gold_gain":0.0,"cards_transformed":["Strike_R","Strike_R"],"event_name":"Drug Dealer","player_choice":"Became Test Subject","floor":20.0,"gold_loss":0.0,"damage_taken":0.0,"cards_obtained":["Flame Barrier","Flame Barrier"]},{"damage_healed":0.0,"max_hp_gain":5.0,"max_hp_loss":0.0,"gold_gain":0.0,"event_name":"Forgotten Altar","player_choice":"Shed Blood","floor":21.0,"gold_loss":0.0,"damage_taken":20.0},{"damage_healed":0.0,"max_hp_gain":0.0,"max_hp_loss":0.0,"gold_gain":0.0,"event_name":"Back to Basics","player_choice":"Simplicity","floor":27.0,"gold_loss":0.0,"damage_taken":0.0,"cards_upgraded":["Strike_R","Strike_R","Defend_R","Defend_R","Defend_R","Defend_R"]}],"is_beta":false,"boss_relics":[{"not_picked":["Runic Pyramid","Cursed Key"],"picked":"SlaversCollar"}],"items_purged_floors":[22,28],"is_endless":false,"potions_floor_spawned":[3,4,13,14,31],"killed_by":"Automaton","ascension_level":11}}