{"host":"t5vp0whyqzs05fb6","time":1613307105,"event":{"mods":["AchievementEnabler","BaseMod","Colored Map","Minty Spire (QoL Compilation)","Rare Cards Sparkle","SuperFastMode","everything is the same but u backflip on backflip"],"gold_per_floor":[117,127,227,244,261,261,277,289,289,302,12,24,24,59,59,155,155,173,37,47,65,100,100,100,115,139,150,180,180,196,210,210,314,314,324,338,403,470,68,68,81,107,131,161,12,12,12,27,27,27,27,27,0,0,0],"floor_reached":54,"language":"KOR","playtime":2629,"items_purged":["Strike_G","Defend_G"],"score":727,"play_id":"d7cf1819-78f6-477e-b96c-c6827b653f6d","local_time":"20210214215145","is_ascension_mode":false,"campfire_choices":[{"data":"Survivor","floor":6.0,"key":"SMITH"},{"data":"Backflip","floor":13.0,"key":"SMITH"},{"floor":15.0,"key":"REST"},{"data":"After Image","floor":23,"key":"SMITH"},{"floor":32,"key":"REST"},{"data":"Phantasmal Killer","floor":40,"key":"SMITH"},{"floor":46,"key":"REST"},{"floor":49,"key":"RECALL"},{"data":"Night Terror","floor":52,"key":"SMITH"}],"circlet_count":0,"master_deck":["Strike_G","Strike_G","Strike_G","Defend_G","Defend_G","Defend_G","Survivor+1","Neutralize+1","Well Laid Plans","Dagger Spray","Blade Dance","Backflip+1","Footwork","Blade Dance","Phantasmal Killer+1","After Image+1","Deflect","Dash","Cloak And Dagger","PiercingWail","Terror","Outmaneuver","Malaise","Infinite Blades+1","Dodge and Roll","Backflip+1","A Thousand Cuts","Leg Sweep+1","Prepared+1","Dagger Throw+1","Night Terror+1","Blur+1","Adrenaline","Parasite","Accuracy"],"relics":["Ring of the Snake","Bottled Lightning","Oddly Smooth Stone","Vajra","Empty Cage","Red Mask","Centennial Puzzle","Eternal Feather","SsserpentHead","WristBlade","Peace Pipe","Lee\u0027s Waffle","Blue Candle","Lantern","Membership Card"],"acts_visited":["Exordium","TheCity","TheBeyond","TheEnding"],"potions_floor_usage":[20,27,28,28,31,31,36,42,50],"damage_taken":[{"damage":3.0,"enemies":"Jaw Worm","floor":1.0,"turns":5.0},{"damage":0.0,"enemies":"Cultist","floor":2.0,"turns":3.0},{"damage":2.0,"enemies":"Small Slimes","floor":4.0,"turns":5.0},{"damage":19.0,"enemies":"Exordium Wildlife","floor":5.0,"turns":8.0},{"damage":3.0,"enemies":"Large Slime","floor":7.0,"turns":8.0},{"damage":0.0,"enemies":"2 Fungi Beasts","floor":8.0,"turns":3.0},{"damage":8.0,"enemies":"Exordium Wildlife","floor":10.0,"turns":2.0},{"damage":5.0,"enemies":"Looter","floor":12.0,"turns":4.0},{"damage":17.0,"enemies":"Gremlin Nob","floor":14.0,"turns":4.0},{"damage":18.0,"enemies":"Slime Boss","floor":16.0,"turns":9.0},{"damage":0,"enemies":"Chosen","floor":18,"turns":5},{"damage":0,"enemies":"3 Byrds","floor":20,"turns":3},{"damage":12,"enemies":"3 Cultists","floor":21,"turns":7},{"damage":18,"enemies":"Masked Bandits","floor":22,"turns":7},{"damage":6,"enemies":"Shelled Parasite and Fungi","floor":25,"turns":5},{"damage":4,"enemies":"Centurion and Healer","floor":27,"turns":5},{"damage":26,"enemies":"Slavers","floor":28,"turns":4},{"damage":0,"enemies":"Snecko","floor":30,"turns":5},{"damage":0,"enemies":"Sentry and Sphere","floor":31,"turns":6},{"damage":43,"enemies":"Automaton","floor":33,"turns":17},{"damage":23,"enemies":"3 Darklings","floor":35,"turns":7},{"damage":10,"enemies":"3 Shapes","floor":36,"turns":7},{"damage":15,"enemies":"Jaw Worm Horde","floor":37,"turns":5},{"damage":7,"enemies":"Maw","floor":38,"turns":7},{"damage":8,"enemies":"Sphere and 2 Shapes","floor":41,"turns":7},{"damage":25,"enemies":"Giant Head","floor":42,"turns":11},{"damage":25,"enemies":"Nemesis","floor":44,"turns":11},{"damage":23,"enemies":"Writhing Mass","floor":48,"turns":9},{"damage":66,"enemies":"Donu and Deca","floor":50,"turns":13},{"damage":84,"enemies":"Shield and Spear","floor":54,"turns":9}],"seed_played":"1096289119797615906","potions_obtained":[{"floor":2.0,"key":"SkillPotion"},{"floor":7.0,"key":"FairyPotion"},{"floor":8.0,"key":"SneckoOil"},{"floor":10.0,"key":"SteroidPotion"},{"floor":16.0,"key":"LiquidBronze"},{"floor":25,"key":"DuplicationPotion"},{"floor":27,"key":"Regen Potion"},{"floor":28,"key":"Poison Potion"},{"floor":30,"key":"DistilledChaos"},{"floor":35,"key":"Fire Potion"},{"floor":38,"key":"SpeedPotion"},{"floor":41,"key":"PowerPotion"}],"is_trial":false,"path_per_floor":["M","M","?","M","M","R","M","M","T","M","$","M","R","E","R","B",null,"M","$","M","M","?","R","$","M","T","M","E","?","M","M","R","B",null,"M","M","M","M","$","R","M","E","T","E","$","R","$","M","R","B",null,"R","$","E"],"character_chosen":"THE_SILENT","items_purchased":["Footwork","Oddly Smooth Stone","Dash","Peace Pipe","Lee\u0027s Waffle","Membership Card","Accuracy"],"campfire_rested":3,"item_purchase_floors":[11,11,19,39,39,45,53],"current_hp_per_floor":[67,67,67,65,46,46,43,43,43,35,35,30,30,13,34,16,70,70,70,70,58,40,40,40,34,34,30,16,16,16,16,52,9,70,47,37,22,15,77,77,69,44,44,19,19,60,60,37,55,23,77,77,77,0,0],"gold":0,"neow_bonus":"UPGRADE_CARD","is_daily":false,"chose_seed":false,"campfire_upgraded":5,"win_rate":0.0,"timestamp":1613307105,"path_taken":["M","M","?","M","M","R","M","M","T","M","?","M","R","E","R","BOSS","M","$","M","M","?","R","$","M","T","M","E","?","M","M","R","BOSS","M","M","?","?","?","R","M","E","T","E","$","R","$","M","R","BOSS","R","$","E"],"items_purchased_type":["Card","Relic","Card","Relic","Relic","Relic","Card"],"build_version":"2020-12-22","purchased_purges":2,"victory":false,"max_hp_per_floor":[70,70,70,70,70,70,70,70,70,70,70,70,70,70,70,70,70,70,70,70,70,70,70,70,70,70,70,70,70,70,70,70,70,70,70,70,70,70,77,77,77,77,77,77,77,77,77,77,77,77,77,77,77,77,77],"card_choices":[{"not_picked":["Sucker Punch","Poisoned Stab","Outmaneuver"],"picked":"SKIP","floor":1.0},{"not_picked":["Underhanded Strike","Skewer","Dagger Spray"],"picked":"SKIP","floor":2.0},{"not_picked":["Choke","Dagger Spray"],"picked":"Well Laid Plans","floor":4.0},{"not_picked":["Concentrate","Prepared"],"picked":"Dagger Spray","floor":5.0},{"not_picked":["Dagger Throw","Caltrops"],"picked":"Blade Dance","floor":7.0},{"not_picked":["Sucker Punch","Poisoned Stab","Bane"],"picked":"SKIP","floor":8.0},{"not_picked":["PiercingWail","Slice"],"picked":"Backflip","floor":10.0},{"not_picked":["Setup","Bane"],"picked":"Blade Dance","floor":12.0},{"not_picked":["Underhanded Strike","Setup"],"picked":"Phantasmal Killer","floor":14.0},{"not_picked":["Die Die Die","Venomology"],"picked":"After Image","floor":16.0},{"not_picked":["Prepared","Riddle With Holes"],"picked":"Deflect","floor":18},{"not_picked":["Dash","Caltrops"],"picked":"Cloak And Dagger","floor":20},{"not_picked":["Quick Slash","Outmaneuver"],"picked":"PiercingWail","floor":21},{"not_picked":["Footwork","Backflip"],"picked":"Terror","floor":22},{"not_picked":["Dagger Spray","Well Laid Plans"],"picked":"Outmaneuver","floor":25},{"not_picked":["Flying Knee+1","Backflip"],"picked":"Malaise","floor":27},{"not_picked":["Bouncing Flask","Terror"],"picked":"Infinite Blades+1","floor":28},{"not_picked":["Distraction","PiercingWail"],"picked":"Dodge and Roll","floor":30},{"not_picked":["Dagger Spray","Masterful Stab"],"picked":"Backflip+1","floor":31},{"not_picked":["Glass Knife","Phantasmal Killer"],"picked":"A Thousand Cuts","floor":33},{"not_picked":["Dodge and Roll","Endless Agony"],"picked":"Leg Sweep+1","floor":35},{"not_picked":["Predator+1","Underhanded Strike+1"],"picked":"Prepared+1","floor":36},{"not_picked":["Underhanded Strike","Backflip+1"],"picked":"Dagger Throw+1","floor":37},{"not_picked":["Deadly Poison+1","Predator+1"],"picked":"Night Terror","floor":38},{"not_picked":["Sucker Punch+1","Choke","All Out Attack"],"picked":"SKIP","floor":41},{"not_picked":["Distraction","Caltrops+1"],"picked":"Blur+1","floor":42},{"not_picked":["Heel Hook+1","Quick Slash+1"],"picked":"Adrenaline","floor":44},{"not_picked":["Sucker Punch+1","Well Laid Plans+1","Poisoned Stab+1"],"picked":"SKIP","floor":48}],"player_experience":226973,"relics_obtained":[{"floor":9.0,"key":"Bottled Lightning"},{"floor":14.0,"key":"Vajra"},{"floor":22,"key":"Red Mask"},{"floor":26,"key":"Centennial Puzzle"},{"floor":28,"key":"Eternal Feather"},{"floor":42,"key":"Blue Candle"},{"floor":44,"key":"Lantern"}],"event_choices":[{"damage_healed":0.0,"max_hp_gain":0.0,"max_hp_loss":0.0,"gold_gain":100.0,"event_name":"Golden Shrine","player_choice":"Pray","floor":3.0,"gold_loss":0.0,"damage_taken":0.0},{"damage_healed":0,"gold_gain":0,"player_choice":"Fought Bandits","damage_taken":0,"max_hp_gain":0,"max_hp_loss":0,"event_name":"Masked Bandits","floor":22,"gold_loss":0},{"damage_healed":0,"gold_gain":0,"player_choice":"Trade","damage_taken":0,"relics_obtained":["SsserpentHead"],"max_hp_gain":0,"max_hp_loss":0,"event_name":"FaceTrader","floor":29,"gold_loss":0}],"is_beta":false,"boss_relics":[{"not_picked":["Snecko Eye","Coffee Dripper"],"picked":"Empty Cage"},{"not_picked":["Sozu","Astrolabe"],"picked":"WristBlade"}],"items_purged_floors":[11,19],"is_endless":false,"potions_floor_spawned":[2,7,8,10,16,25,27,28,30,35,38,41],"killed_by":"Shield and Spear","ascension_level":0}}