{"host":"vlqej45p0v31lhdi","time":1613283395,"event":{"mods":["AchievementEnabler","BaseMod","Bestiary","Colored Powertips","Minty Spire (QoL Compilation)","Relic Stats"],"gold_per_floor":[109,109,123,135,147,173,203,0,0,30,30,60,73,88,88,192,192,208,208,208,208,220,248,163,177,177,1,35,35,50,0,0,97,97,110,20,20,20,69,69,96,114,114,128,128,153,153,33,33,33,33,33,33,65,65],"floor_reached":56,"language":"ENG","playtime":126040,"items_purged":["Strike_B"],"score":1651,"play_id":"7a2ccd94-96db-40f0-bc4e-dfd68edb7b54","local_time":"20210214001635","is_ascension_mode":true,"campfire_choices":[{"data":"Defragment","floor":15.0,"key":"SMITH"},{"floor":29.0,"key":"RECALL"},{"floor":32.0,"key":"REST"},{"floor":40.0,"key":"REST"},{"floor":49,"key":"REST"},{"floor":52,"key":"REST"}],"circlet_count":0,"master_deck":["Strike_B","Defend_B","Defend_B+1","Defend_B","Zap","Dualcast","Core Surge","Self Repair","Rip and Tear","Redo","Defragment+1","Ball Lightning","Leap","Compile Driver","Conserve Battery","Ball Lightning","Machine Learning","Cold Snap+1","Ghostly","Ghostly","Ghostly","Ghostly","Ghostly","Hologram+1","Buffer","Defragment+1","Steam","Barrage","Coolheaded","Echo Form","Coolheaded+1","Purity","Machine Learning","Conserve Battery+1","Double Energy","Madness","Madness","Heatsinks","Storm","BootSequence+1"],"relics":["Cracked Core","MealTicket","Eternal Feather","ClockworkSouvenir","Juzu Bracelet","Odd Mushroom","Dead Branch","Fusion Hammer","Regal Pillow","Smiling Mask","Gremlin Horn","Runic Capacitor","Symbiotic Virus","Inserter","Ginger","Question Card","Singing Bowl","The Courier","Blue Candle"],"acts_visited":["Exordium","TheCity","TheBeyond","TheEnding"],"potions_floor_usage":[54,55,55],"damage_taken":[{"damage":1.0,"enemies":"Cultist","floor":1.0,"turns":3.0},{"damage":7.0,"enemies":"Jaw Worm","floor":3.0,"turns":3.0},{"damage":0.0,"enemies":"Small Slimes","floor":4.0,"turns":2.0},{"damage":13.0,"enemies":"Red Slaver","floor":5.0,"turns":3.0},{"damage":35.0,"enemies":"3 Sentries","floor":6.0,"turns":6.0},{"damage":17.0,"enemies":"The Mushroom Lair","floor":10.0,"turns":4.0},{"damage":16.0,"enemies":"Lagavulin","floor":12.0,"turns":5.0},{"damage":0.0,"enemies":"Large Slime","floor":13.0,"turns":4.0},{"damage":2.0,"enemies":"3 Louse","floor":14.0,"turns":3.0},{"damage":0.0,"enemies":"Slime Boss","floor":16.0,"turns":4.0},{"damage":39.0,"enemies":"2 Thieves","floor":18.0,"turns":3.0},{"damage":0.0,"enemies":"Shell Parasite","floor":22.0,"turns":8.0},{"damage":21.0,"enemies":"Gremlin Leader","floor":23.0,"turns":10.0},{"damage":0.0,"enemies":"Cultist and Chosen","floor":25.0,"turns":7.0},{"damage":0.0,"enemies":"Slavers","floor":28.0,"turns":4.0},{"damage":0.0,"enemies":"Centurion and Healer","floor":30.0,"turns":9.0},{"damage":18.0,"enemies":"Collector","floor":33.0,"turns":10.0},{"damage":15.0,"enemies":"Orb Walker","floor":35.0,"turns":4.0},{"damage":2.0,"enemies":"2 Orb Walkers","floor":39.0,"turns":6.0},{"damage":3.0,"enemies":"Nemesis","floor":41.0,"turns":9.0},{"damage":0.0,"enemies":"3 Shapes","floor":42.0,"turns":5.0},{"damage":2.0,"enemies":"Sphere and 2 Shapes","floor":44.0,"turns":6.0},{"damage":20,"enemies":"Reptomancer","floor":46,"turns":7},{"damage":24,"enemies":"Time Eater","floor":50,"turns":11},{"damage":2,"enemies":"Shield and Spear","floor":54,"turns":7},{"damage":22,"enemies":"The Heart","floor":55,"turns":8}],"seed_played":"6267226193302872552","potions_obtained":[{"floor":1.0,"key":"SkillPotion"},{"floor":10.0,"key":"EntropicBrew"},{"floor":13.0,"key":"DistilledChaos"},{"floor":14.0,"key":"DuplicationPotion"},{"floor":22.0,"key":"Fire Potion"},{"floor":23.0,"key":"EssenceOfSteel"},{"floor":39.0,"key":"PotionOfCapacity"},{"floor":42.0,"key":"EssenceOfDarkness"},{"floor":46,"key":"Ancient Potion"}],"is_trial":false,"path_per_floor":["M","$","M","M","M","E","?","$","T","?","?","E","M","M","R","B",null,"M","?","?","?","M","E","?","M","T","$","E","R","M","$","R","B",null,"M","?","?","$","?","R","E","M","T","M","?","E","T","$","R","B",null,"R","$","E","B",null],"character_chosen":"DEFECT","items_purchased":["ClockworkSouvenir","Leap","Runic Capacitor","Steam","Heatsinks","Storm"],"campfire_rested":4,"item_purchase_floors":[8,8,27,27,48,48],"current_hp_per_floor":[67,67,67,74,68,40,40,55,55,45,45,45,52,57,66,73,75,36,36,32,32,39,25,25,32,32,42,42,42,42,42,42,31,39,31,31,26,41,42,42,42,42,42,42,37,26,26,41,44,27,40,44,44,44,29],"gold":65,"neow_bonus":"ONE_RANDOM_RARE_CARD","is_daily":false,"chose_seed":false,"campfire_upgraded":1,"win_rate":0.0,"timestamp":1613283395,"path_taken":["M","?","M","M","M","E","?","$","T","?","?","E","M","M","R","BOSS","M","?","?","?","M","E","?","M","T","$","E","R","M","$","R","BOSS","M","?","?","$","?","R","E","M","T","M","?","E","?","$","R","BOSS","R","$","E","BOSS"],"items_purchased_type":["Relic","Card","Relic","Card","Card","Card"],"build_version":"2020-12-22","purchased_purges":1,"victory":true,"max_hp_per_floor":[75,75,75,75,75,75,75,75,75,75,75,75,75,75,75,75,75,75,37,42,42,42,42,42,42,42,42,42,42,42,42,42,42,42,42,42,42,42,42,42,42,42,42,42,42,44,44,44,44,44,44,44,44,44,44],"relic_stats":{"Regal Pillow":0,"Inserter":[26],"Gremlin Horn":[16,16],"Singing Bowl":2,"counters":[26,151],"Dead Branch":[160],"Blue Candle":[0],"Eternal Feather":16,"Juzu Bracelet":2,"Ginger":[7],"Smiling Mask":25,"Question Card":4,"MealTicket":55,"obtain_stats":[{"Regal Pillow":23,"Inserter":34,"Gremlin Horn":26,"Singing Bowl":46,"Dead Branch":12,"Blue Candle":54,"Eternal Feather":7,"The Courier":47,"Juzu Bracelet":9,"Runic Capacitor":27,"Ginger":39,"Odd Mushroom":10,"Smiling Mask":24,"Question Card":41,"ClockworkSouvenir":8,"MealTicket":6,"Fusion Hammer":17,"Cracked Core":0,"Symbiotic Virus":28},{"Regal Pillow":13,"Inserter":17,"Gremlin Horn":14,"Singing Bowl":23,"Dead Branch":7,"Blue Candle":25,"Eternal Feather":5,"The Courier":23,"Juzu Bracelet":5,"Runic Capacitor":14,"Ginger":19,"Odd Mushroom":6,"Smiling Mask":13,"Question Card":20,"ClockworkSouvenir":5,"MealTicket":5,"Fusion Hammer":10,"Cracked Core":0,"Symbiotic Virus":15},{"Regal Pillow":58,"Inserter":88,"Gremlin Horn":65,"Singing Bowl":125,"Dead Branch":26,"Blue Candle":143,"Eternal Feather":17,"The Courier":125,"Juzu Bracelet":17,"Runic Capacitor":65,"Ginger":98,"Odd Mushroom":21,"Smiling Mask":58,"Question Card":107,"ClockworkSouvenir":17,"MealTicket":17,"Fusion Hammer":37,"Cracked Core":0,"Symbiotic Virus":69}]},"card_choices":[{"not_picked":["Fusion","Sunder"],"picked":"Self Repair","floor":1.0},{"not_picked":["Hologram","Rebound"],"picked":"Rip and Tear","floor":3.0},{"not_picked":["Gash","Leap"],"picked":"Redo","floor":4.0},{"not_picked":["Gash","Rebound"],"picked":"Defragment","floor":5.0},{"not_picked":["Conserve Battery","Go for the Eyes"],"picked":"Ball Lightning","floor":6.0},{"not_picked":["Lockon","Sweeping Beam"],"picked":"Compile Driver","floor":12.0},{"not_picked":["Barrage","Leap"],"picked":"Conserve Battery","floor":13.0},{"not_picked":["Streamline","Barrage"],"picked":"Ball Lightning","floor":14.0},{"not_picked":["Fission","Multi-Cast"],"picked":"Machine Learning","floor":16.0},{"not_picked":["Streamline+1","Steam"],"picked":"Cold Snap+1","floor":18.0},{"not_picked":["Streamline+1","Redo"],"picked":"Hologram+1","floor":22.0},{"not_picked":["Steam Power","Stack"],"picked":"Buffer","floor":23.0},{"not_picked":["Gash+1","BootSequence+1"],"picked":"Defragment+1","floor":25.0},{"not_picked":["Leap+1","Melter"],"picked":"Barrage","floor":28.0},{"not_picked":["Stack","BootSequence"],"picked":"Coolheaded","floor":30.0},{"not_picked":["Meteor Strike","All For One"],"picked":"Echo Form","floor":33.0},{"not_picked":["Barrage","Redo"],"picked":"Coolheaded+1","floor":35.0},{"not_picked":["Panacea","Dramatic Entrance"],"picked":"Purity","floor":37.0},{"not_picked":["Gash+1","Beam Cell+1"],"picked":"Machine Learning","floor":41.0},{"not_picked":["Compile Driver","White Noise+1","Go for the Eyes"],"picked":"Conserve Battery+1","floor":42.0},{"not_picked":["Rebound+1","Tempest","Stack+1"],"picked":"Double Energy","floor":44.0},{"not_picked":["Fusion","Meteor Strike","Force Field+1","Auto Shields+1"],"picked":"Singing Bowl","floor":46},{"not_picked":["Turbo","Genetic Algorithm+1","Ball Lightning+1"],"picked":"BootSequence+1","floor":54}],"player_experience":2716167,"relics_obtained":[{"floor":6.0,"key":"MealTicket"},{"floor":9.0,"key":"Juzu Bracelet"},{"floor":10.0,"key":"Odd Mushroom"},{"floor":12.0,"key":"Dead Branch"},{"floor":23.0,"key":"Regal Pillow"},{"floor":26.0,"key":"Gremlin Horn"},{"floor":28.0,"key":"Symbiotic Virus"},{"floor":39.0,"key":"Ginger"},{"floor":41.0,"key":"Question Card"},{"floor":46,"key":"Singing Bowl"},{"floor":47,"key":"The Courier"},{"floor":54,"key":"Blue Candle"}],"event_choices":[{"damage_healed":0.0,"max_hp_gain":0.0,"max_hp_loss":0.0,"gold_gain":30.0,"event_name":"Dead Adventurer","player_choice":"Searched \u00272\u0027 times","floor":7.0,"gold_loss":0.0,"damage_taken":0.0,"relics_obtained":["Eternal Feather"]},{"damage_healed":0.0,"max_hp_gain":0.0,"max_hp_loss":0.0,"gold_gain":0.0,"event_name":"Mushrooms","player_choice":"Fought Mushrooms","floor":10.0,"gold_loss":0.0,"damage_taken":0.0},{"cards_removed":["Defend_B"],"damage_healed":0.0,"max_hp_gain":0.0,"max_hp_loss":0.0,"gold_gain":0.0,"event_name":"Purifier","player_choice":"Purged","floor":11.0,"gold_loss":0.0,"damage_taken":0.0},{"damage_healed":0.0,"max_hp_gain":0.0,"max_hp_loss":38.0,"gold_gain":0.0,"event_name":"Ghosts","player_choice":"Became a Ghost","floor":19.0,"gold_loss":0.0,"damage_taken":0.0,"cards_obtained":["Ghostly","Ghostly","Ghostly","Ghostly","Ghostly"]},{"damage_healed":0.0,"max_hp_gain":5.0,"max_hp_loss":0.0,"gold_gain":0.0,"event_name":"Forgotten Altar","player_choice":"Shed Blood","floor":20.0,"gold_loss":0.0,"damage_taken":9.0},{"cards_removed":["Strike_B"],"damage_healed":0.0,"max_hp_gain":0.0,"max_hp_loss":0.0,"gold_gain":0.0,"event_name":"Bonfire Elementals","player_choice":"Offered Basic","floor":21.0,"gold_loss":0.0,"damage_taken":0.0},{"damage_healed":0.0,"max_hp_gain":0.0,"max_hp_loss":0.0,"gold_gain":0.0,"event_name":"Addict","player_choice":"Obtained Relic","floor":24.0,"gold_loss":85.0,"damage_taken":0.0,"relics_obtained":["Smiling Mask"]},{"cards_removed":["Strike_B"],"damage_healed":0.0,"max_hp_gain":0.0,"max_hp_loss":0.0,"gold_gain":0.0,"event_name":"Designer","player_choice":"Upgrade and Remove","floor":36.0,"gold_loss":90.0,"damage_taken":0.0,"cards_upgraded":["Defend_B"]},{"damage_healed":0.0,"max_hp_gain":0.0,"max_hp_loss":0.0,"gold_gain":0.0,"event_name":"SensoryStone","player_choice":"Memory 2","floor":37.0,"gold_loss":0.0,"damage_taken":5.0},{"damage_healed":0.0,"max_hp_gain":0.0,"max_hp_loss":0.0,"gold_gain":0.0,"event_name":"Mysterious Sphere","player_choice":"Fight","floor":39.0,"gold_loss":0.0,"damage_taken":0.0},{"damage_healed":0.0,"max_hp_gain":0.0,"max_hp_loss":0.0,"gold_gain":0.0,"event_name":"Winding Halls","player_choice":"Embrace Madness","floor":45.0,"gold_loss":0.0,"damage_taken":5.0,"cards_obtained":["Madness","Madness"]}],"is_beta":false,"boss_relics":[{"not_picked":["Calling Bell","Busted Crown"],"picked":"Fusion Hammer"},{"not_picked":["Velvet Choker","Astrolabe"],"picked":"Inserter"}],"items_purged_floors":[31],"is_endless":false,"potions_floor_spawned":[1,10,13,14,22,23,39,42,46],"ascension_level":7}}