{"host":"3y2rtlgteqp2nuo3","time":1613298983,"event":{"mods":["2.2 Compatiblity","AchievementEnabler","BaseMod","Colored Map","DeckTracker","Highlight Path","Keyboard Shortcuts","Minty Spire (QoL Compilation)","Permanent Neow","Quick Restart","StSLib","SuperFastMode","everything is the same but u backflip on backflip"],"gold_per_floor":[110,129,141,66,81,81,144,144,213,247,258,283,23,33,33,33,33],"floor_reached":16,"language":"KOR","playtime":309,"items_purged":["Strike_P","Strike_P"],"score":274,"play_id":"32001a1a-3307-4ccb-bf15-095b125bc313","local_time":"20210214193623","is_ascension_mode":true,"campfire_choices":[{"data":"BowlingBash","floor":6.0,"key":"SMITH"},{"data":"FearNoEvil","floor":8.0,"key":"SMITH"},{"data":"Wallop","floor":15,"key":"SMITH"}],"circlet_count":0,"master_deck":["AscendersBane","Strike_P","Strike_P","Defend_P","Defend_P","Defend_P","Defend_P","Eruption+1","Vigilance","BowlingBash+1","FearNoEvil+1","Wallop+1"],"relics":["PureWater","Toy Ornithopter","Meat on the Bone","Tiny Chest","Girya","OrangePellets"],"acts_visited":["Exordium"],"potions_floor_usage":[],"damage_taken":[{"damage":6.0,"enemies":"2 Louse","floor":1.0,"turns":2.0},{"damage":11.0,"enemies":"Jaw Worm","floor":2.0,"turns":3.0},{"damage":0.0,"enemies":"Small Slimes","floor":3.0,"turns":1.0},{"damage":2.0,"enemies":"Exordium Wildlife","floor":5.0,"turns":4.0},{"damage":17.0,"enemies":"3 Sentries","floor":7.0,"turns":8.0},{"damage":0.0,"enemies":"Gremlin Nob","floor":10.0,"turns":2.0},{"damage":8.0,"enemies":"Lots of Slimes","floor":11.0,"turns":4.0},{"damage":27.0,"enemies":"Lagavulin","floor":12.0,"turns":6.0},{"damage":0,"enemies":"2 Fungi Beasts","floor":14,"turns":3},{"damage":40,"enemies":"The Guardian","floor":16,"turns":10}],"seed_played":"8635009881402855729","potions_obtained":[{"floor":2.0,"key":"SteroidPotion"},{"floor":7.0,"key":"GamblersBrew"},{"floor":12.0,"key":"Energy Potion"}],"is_trial":false,"path_per_floor":["M","M","M","$","M","R","?","R","T","E","M","E","$","M","R","B"],"character_chosen":"WATCHER","items_purchased":["OrangePellets"],"campfire_rested":0,"item_purchase_floors":[13],"current_hp_per_floor":[55,44,44,44,42,42,25,25,25,37,41,26,26,38,38,0,0],"gold":33,"neow_bonus":"UPGRADE_CARD","is_daily":false,"chose_seed":false,"campfire_upgraded":3,"win_rate":0.0,"timestamp":1613298983,"path_taken":["M","M","M","$","M","R","?","R","T","E","M","E","$","M","R","BOSS"],"items_purchased_type":["Relic"],"build_version":"2020-12-22","purchased_purges":2,"victory":false,"max_hp_per_floor":[68,68,68,68,68,68,68,68,68,68,68,68,68,68,68,68,68],"card_choices":[{"not_picked":["CrushJoints","Evaluate"],"picked":"BowlingBash","floor":1.0},{"not_picked":["Consecrate","Sanctity"],"picked":"FearNoEvil","floor":2.0},{"not_picked":["PathToVictory","SashWhip","Crescendo"],"picked":"SKIP","floor":3.0},{"not_picked":["Consecrate","DeceiveReality","Protect"],"picked":"SKIP","floor":5.0},{"not_picked":["ThirdEye","PathToVictory","Study"],"picked":"SKIP","floor":10.0},{"not_picked":["SashWhip","Evaluate","EmptyBody"],"picked":"SKIP","floor":11.0},{"not_picked":["ConjureBlade","Consecrate","JustLucky"],"picked":"SKIP","floor":12.0},{"not_picked":["ConjureBlade","Consecrate","JustLucky"],"picked":"SKIP","floor":12.0},{"not_picked":["ReachHeaven","ClearTheMind"],"picked":"Wallop","floor":14}],"player_experience":785382,"relics_obtained":[{"floor":7.0,"key":"Toy Ornithopter"},{"floor":9.0,"key":"Meat on the Bone"},{"floor":10.0,"key":"Tiny Chest"},{"floor":12.0,"key":"Girya"}],"event_choices":[{"damage_healed":0.0,"max_hp_gain":0.0,"max_hp_loss":0.0,"gold_gain":0.0,"event_name":"Dead Adventurer","player_choice":"Searched \u00271\u0027 times","floor":7.0,"gold_loss":0.0,"damage_taken":0.0}],"is_beta":false,"boss_relics":[],"items_purged_floors":[4,13],"is_endless":false,"potions_floor_spawned":[2,7,12,14],"killed_by":"The Guardian","ascension_level":20}}