{"host":"qgrlfjrqk9z96gfi","time":1613266558,"event":{"mods":["BaseMod","Block Reminder","Colored Map","Custom Start","DeckTracker","Minty Spire (QoL Compilation)"],"gold_per_floor":[111,129,29,95,95,245,274,11,60,78,78,110,122,148,148,222,222,242,25,25,44,59,59,84,84,84,112,12,46,73,88,88,160,160,178,193,170,181,181,216,216,216,216,216,246,20,39,51,51,51,51],"floor_reached":50,"language":"ENG","playtime":2454,"items_purged":["Strike_G","Doubt","Strike_G"],"score":1277,"play_id":"ed5a80d7-2219-484f-9c08-b59c4710d580","local_time":"20210213153558","is_ascension_mode":true,"campfire_choices":[{"data":"Footwork","floor":11,"key":"SMITH"},{"floor":15,"key":"REST"},{"floor":23,"key":"REST"},{"data":"Phantasmal Killer","floor":25,"key":"SMITH"},{"floor":32,"key":"REST"},{"floor":41,"key":"REST"},{"floor":44,"key":"RECALL"},{"floor":49,"key":"REST"}],"circlet_count":0,"master_deck":["AscendersBane","Defend_G","Defend_G","Defend_G","Defend_G","Defend_G","Survivor","Neutralize","Crippling Poison+1","Dash","Dagger Throw","Footwork+1","Eviscerate","Acrobatics","PiercingWail","Underhanded Strike","Leg Sweep","After Image","Storm of Steel+1","Venomology+1","Terror+1","Prepared","Blade Dance","Noxious Fumes","Cloak And Dagger+1","Calculated Gamble","Dagger Throw+1","Tactician","Eviscerate","Phantasmal Killer+1","Outmaneuver","Concentrate","Tools of the Trade","Acrobatics+1","Blade Dance","PiercingWail+1","Escape Plan+1","Concentrate+1","Reflex"],"relics":["Ring of the Snake","NeowsBlessing","Potion Belt","Cauldron","Bag of Preparation","Prayer Wheel","The Courier","Astrolabe","Pen Nib","Centennial Puzzle","Shuriken","Lantern","Red Mask","StrikeDummy","Fusion Hammer","Bag of Marbles","Omamori","War Paint","Meat on the Bone"],"acts_visited":["Exordium","TheCity","TheBeyond"],"potions_floor_usage":[12,14,14,16,21,22,22,24,24,27,27,27,29,30,33,33,36,38,40,45,47,47,50],"damage_taken":[{"damage":0,"enemies":"Cultist","floor":1,"turns":1},{"damage":0,"enemies":"2 Louse","floor":2,"turns":1},{"damage":0,"enemies":"Lagavulin","floor":7,"turns":1},{"damage":0,"enemies":"Small Slimes","floor":10,"turns":3},{"damage":19,"enemies":"Gremlin Nob","floor":12,"turns":5},{"damage":5,"enemies":"Exordium Wildlife","floor":13,"turns":4},{"damage":33,"enemies":"Lagavulin","floor":14,"turns":9},{"damage":20,"enemies":"The Guardian","floor":16,"turns":16},{"damage":15,"enemies":"Shell Parasite","floor":18,"turns":10},{"damage":12,"enemies":"Chosen","floor":21,"turns":7},{"damage":0,"enemies":"Snecko","floor":22,"turns":2},{"damage":10,"enemies":"Book of Stabbing","floor":24,"turns":5},{"damage":8,"enemies":"Slavers","floor":27,"turns":5},{"damage":0,"enemies":"Masked Bandits","floor":29,"turns":2},{"damage":0,"enemies":"Book of Stabbing","floor":30,"turns":2},{"damage":14,"enemies":"Snake Plant","floor":31,"turns":5},{"damage":32,"enemies":"Automaton","floor":33,"turns":8},{"damage":0,"enemies":"Orb Walker","floor":35,"turns":3},{"damage":12,"enemies":"3 Darklings","floor":36,"turns":5},{"damage":4,"enemies":"Spire Growth","floor":38,"turns":3},{"damage":17,"enemies":"Giant Head","floor":40,"turns":6},{"damage":27,"enemies":"Reptomancer","floor":45,"turns":5},{"damage":23,"enemies":"Transient","floor":47,"turns":6},{"damage":9,"enemies":"Maw","floor":48,"turns":7},{"damage":55,"enemies":"Awakened One","floor":50,"turns":7}],"seed_played":"-2770910188007517844","potions_obtained":[{"floor":8,"key":"Block Potion"},{"floor":8,"key":"BlessingOfTheForge"},{"floor":8,"key":"SkillPotion"},{"floor":8,"key":"LiquidBronze"},{"floor":12,"key":"Fire Potion"},{"floor":13,"key":"Regen Potion"},{"floor":14,"key":"EssenceOfSteel"},{"floor":16,"key":"SpeedPotion"},{"floor":22,"key":"CunningPotion"},{"floor":24,"key":"BlessingOfTheForge"},{"floor":27,"key":"PowerPotion"},{"floor":29,"key":"FairyPotion"},{"floor":35,"key":"FearPotion"},{"floor":45,"key":"Strength Potion"}],"is_trial":false,"path_per_floor":["M","M","$","?","?","?","E","$","T","M","R","E","M","E","R","B",null,"M","$","?","M","M","R","E","R","T","E","$","?","E","M","R","B",null,"M","M","$","M","?","E","R","?","T","R","E","$","M","M","R","B"],"character_chosen":"THE_SILENT","items_purchased":["Dagger Throw","Cauldron","Pen Nib","Noxious Fumes","Cloak And Dagger","PiercingWail","Meat on the Bone"],"campfire_rested":5,"item_purchase_floors":[3,8,19,19,19,37,46],"current_hp_per_floor":[59,59,59,59,59,59,59,59,59,59,59,40,35,17,36,16,54,39,39,39,27,27,46,36,36,36,28,28,33,33,19,38,6,51,51,39,39,35,35,18,37,37,37,37,10,10,30,33,51,0,0],"gold":51,"neow_bonus":"THREE_ENEMY_KILL","is_daily":false,"chose_seed":false,"campfire_upgraded":2,"win_rate":0.0,"timestamp":1613266558,"path_taken":["M","M","?","?","?","?","E","$","T","M","R","E","M","E","R","BOSS","M","$","?","M","M","R","E","R","T","E","$","?","E","M","R","BOSS","M","M","$","M","?","E","R","?","T","R","E","?","M","M","R","BOSS"],"items_purchased_type":["Card","Relic","Relic","Card","Card","Card","Relic"],"build_version":"2020-12-22","purchased_purges":3,"victory":false,"max_hp_per_floor":[66,66,66,66,66,66,66,66,66,66,66,66,66,66,66,66,66,66,66,66,66,66,66,66,66,66,66,66,66,66,66,66,66,66,66,66,66,66,66,66,66,63,63,63,63,63,63,63,63,63,63],"card_choices":[{"not_picked":["Deadly Poison","Backflip"],"picked":"Crippling Poison","floor":1},{"not_picked":["Eviscerate","Masterful Stab"],"picked":"Dash","floor":2},{"not_picked":["Acrobatics","Cloak And Dagger"],"picked":"Footwork","floor":7},{"not_picked":["Bane","Acrobatics"],"picked":"Eviscerate","floor":10},{"not_picked":["Eviscerate","Setup"],"picked":"Acrobatics","floor":12},{"not_picked":["Slice","Sucker Punch"],"picked":"PiercingWail","floor":13},{"not_picked":["Riddle With Holes","Accuracy"],"picked":"Underhanded Strike","floor":13},{"not_picked":["Expertise","Heel Hook"],"picked":"Leg Sweep","floor":14},{"not_picked":["Grand Finale","Bullet Time"],"picked":"After Image","floor":16},{"not_picked":["Underhanded Strike","Deflect"],"picked":"Prepared","floor":18},{"not_picked":["PiercingWail","Predator"],"picked":"Blade Dance","floor":18},{"not_picked":["Blade Dance","Heel Hook"],"picked":"Dagger Throw+1","floor":21},{"not_picked":["Prepared","Quick Slash"],"picked":"Tactician","floor":21},{"not_picked":["Doppelganger","Cloak And Dagger"],"picked":"Eviscerate","floor":22},{"not_picked":["Dodge and Roll","Bane","Underhanded Strike"],"picked":"SKIP","floor":22},{"not_picked":["Prepared","Slice+1"],"picked":"Phantasmal Killer","floor":24},{"not_picked":["Prepared","Corpse Explosion"],"picked":"Outmaneuver","floor":27},{"not_picked":["Quick Slash","Deflect"],"picked":"Concentrate","floor":30},{"not_picked":["Deflect","Poisoned Stab","Bane"],"picked":"SKIP","floor":31},{"not_picked":["Quick Slash","Distraction","Deadly Poison"],"picked":"SKIP","floor":31},{"not_picked":["A Thousand Cuts","Malaise"],"picked":"Tools of the Trade","floor":33},{"not_picked":["Caltrops+1","Prepared"],"picked":"Acrobatics+1","floor":35},{"not_picked":["Dagger Throw","All Out Attack","Poisoned Stab+1"],"picked":"SKIP","floor":35},{"not_picked":["Calculated Gamble","Acrobatics+1"],"picked":"Blade Dance","floor":36},{"not_picked":["Sucker Punch+1","Dagger Spray","Quick Slash+1"],"picked":"SKIP","floor":36},{"not_picked":["Bane+1","Dodge and Roll"],"picked":"Escape Plan+1","floor":38},{"not_picked":["Skewer+1","Heel Hook","Well Laid Plans"],"picked":"SKIP","floor":38},{"not_picked":["Backstab","Calculated Gamble","Distraction"],"picked":"SKIP","floor":40},{"not_picked":["Deadly Poison","Riddle With Holes","Burst"],"picked":"SKIP","floor":45},{"not_picked":["Choke","Terror"],"picked":"Concentrate+1","floor":47},{"not_picked":["Flying Knee","Choke"],"picked":"Reflex","floor":47},{"not_picked":["Bane","Cloak And Dagger","Slice"],"picked":"SKIP","floor":48},{"not_picked":["Deflect+1","Noxious Fumes+1","Quick Slash+1"],"picked":"SKIP","floor":48}],"player_experience":1136158,"relics_obtained":[{"floor":7,"key":"Potion Belt"},{"floor":9,"key":"Bag of Preparation"},{"floor":12,"key":"Prayer Wheel"},{"floor":14,"key":"The Courier"},{"floor":24,"key":"Centennial Puzzle"},{"floor":26,"key":"Shuriken"},{"floor":27,"key":"Lantern"},{"floor":29,"key":"Red Mask"},{"floor":30,"key":"StrikeDummy"},{"floor":40,"key":"Bag of Marbles"},{"floor":43,"key":"Omamori"},{"floor":45,"key":"War Paint"}],"event_choices":[{"damage_healed":0,"gold_gain":66,"player_choice":"Gained Gold","damage_taken":0,"max_hp_gain":0,"max_hp_loss":0,"event_name":"Golden Wing","floor":4,"gold_loss":0},{"damage_healed":0,"gold_gain":0,"player_choice":"Grow","damage_taken":0,"max_hp_gain":0,"max_hp_loss":0,"event_name":"Living Wall","floor":5,"gold_loss":0,"cards_upgraded":["Crippling Poison"]},{"damage_healed":0,"gold_gain":150,"player_choice":"AGREE","damage_taken":0,"max_hp_gain":0,"max_hp_loss":0,"event_name":"Liars Game","floor":6,"gold_loss":0,"cards_obtained":["Doubt"]},{"damage_healed":0,"gold_gain":0,"player_choice":"Read","damage_taken":0,"max_hp_gain":0,"max_hp_loss":0,"event_name":"The Library","floor":20,"gold_loss":0,"cards_obtained":["Calculated Gamble"]},{"damage_healed":0,"gold_gain":0,"player_choice":"Fought Bandits","damage_taken":0,"max_hp_gain":0,"max_hp_loss":0,"event_name":"Masked Bandits","floor":29,"gold_loss":0},{"damage_healed":0,"gold_gain":0,"player_choice":"Memory 1","damage_taken":0,"max_hp_gain":0,"max_hp_loss":0,"event_name":"SensoryStone","floor":39,"gold_loss":0},{"damage_healed":0,"gold_gain":0,"player_choice":"Max HP","damage_taken":0,"max_hp_gain":0,"max_hp_loss":3,"event_name":"Winding Halls","floor":42,"gold_loss":0}],"is_beta":false,"boss_relics":[{"not_picked":["Tiny House","Calling Bell"],"picked":"Astrolabe"},{"not_picked":["Philosopher\u0027s Stone","Black Star"],"picked":"Fusion Hammer"}],"items_purged_floors":[3,8,28],"is_endless":false,"potions_floor_spawned":[10,12,13,14,16,22,24,27,29,35,36,38,45],"killed_by":"Awakened One","ascension_level":20}}