{"host":"q57ekfojy3i00x9o","time":1613313487,"event":{"mods":["Act Like it!","Arknights","Aspiration","BaseMod","Colored Map","Energized Spire","Hermit","Minty Spire (QoL Compilation)","Quick Restart","Spicy Shops","Spikes Relics","StSLib","slay the spire mod where everything is the same but ironclad has a cowboy hat"],"gold_per_floor":[111,127,202,202,214,214,224,224,276,276,293,16,33,33,33,132,132,145,78,22,34,50,50,50,50],"floor_reached":24,"language":"RUS","playtime":767,"items_purged":["ats:Strike G"],"score":282,"play_id":"c505e3bb-eb0d-4e17-880b-460eced9063e","local_time":"20210214193807","is_ascension_mode":true,"campfire_choices":[{"data":"ats:Apocalypse","floor":6.0,"key":"SMITH"},{"data":"ats:Roar Of Ursus","floor":8.0,"key":"SMITH"},{"data":"ats:Curse Doll","floor":15.0,"key":"SMITH"},{"floor":23.0,"key":"REST"}],"circlet_count":0,"master_deck":["AscendersBane","ats:Strike S+1","ats:Strike V","ats:Armor Crushing Shot+1","ats:Defend","ats:Defend","ats:Defend","ats:Defend","ats:Emotion Absorption","ats:Apocalypse+1","ats:Hammer On","ats:Shell Defense","ats:Roar Of Ursus+1","ats:Neurotoxin","ats:Closed Bolt Burst Fire","ats:Calcification","ats:Curse Doll+1","ats:Sashimi Platter","ats:Soul Rend","ats:Cat Scratch+1","ats:Cat Scratch+1","ats:Closed Bolt Burst Fire+1","ats:Sashimi Platter+1"],"relics":["ats:Sanity","NeowsBlessing","Whetstone","Molten Egg 2","Philosopher\u0027s Stone","Kunai"],"acts_visited":["Exordium","TheCity"],"potions_floor_usage":[],"damage_taken":[{"damage":0.0,"enemies":"2 Louse","floor":1.0,"turns":1.0},{"damage":0.0,"enemies":"Jaw Worm","floor":2.0,"turns":1.0},{"damage":0.0,"enemies":"Cultist","floor":5.0,"turns":1.0},{"damage":33.0,"enemies":"2 Fungi Beasts","floor":7.0,"turns":6.0},{"damage":9.0,"enemies":"Red Slaver","floor":11.0,"turns":3.0},{"damage":12.0,"enemies":"Looter","floor":13.0,"turns":4.0},{"damage":32.0,"enemies":"The Guardian","floor":16.0,"turns":18.0},{"damage":45.0,"enemies":"Shell Parasite","floor":18.0,"turns":7.0},{"damage":39.0,"enemies":"Spheric Guardian","floor":21.0,"turns":6.0},{"damage":34.0,"enemies":"Snake Plant","floor":22.0,"turns":5.0},{"damage":0,"enemies":"Slavers","floor":24,"turns":1}],"seed_played":"9019791924022943570","potions_obtained":[{"floor":7.0,"key":"Fire Potion"},{"floor":11.0,"key":"Dexterity Potion"},{"floor":13.0,"key":"ColorlessPotion"}],"is_trial":false,"path_per_floor":["M","M","?","?","M","R","M","R","T","?","M","$","M","?","R","B",null,"M","$","?","M","M","R","E"],"character_chosen":"DOCTOR_CLASS","items_purchased":["ats:Closed Bolt Burst Fire","ats:Calcification","ats:Curse Doll","ats:Cat Scratch+1"],"campfire_rested":1,"item_purchase_floors":[12,12,12,19],"current_hp_per_floor":[65,65,54,54,54,54,45,45,45,52,51,51,52,40,40,72,72,57,57,57,36,18,39,39,39],"gold":50,"neow_bonus":"THREE_ENEMY_KILL","is_daily":false,"chose_seed":false,"campfire_upgraded":3,"win_rate":0.0,"timestamp":1613313487,"path_taken":["M","M","?","?","M","R","?","R","T","?","M","$","?","?","R","BOSS","M","$","?","?","M","R","E"],"items_purchased_type":["Card","Card","Card","Card"],"build_version":"2020-12-22","purchased_purges":1,"victory":false,"max_hp_per_floor":[72,72,72,72,72,72,72,72,72,72,72,72,72,72,72,72,72,72,72,72,72,72,72,72,72],"card_choices":[{"not_picked":["ats:Revitalization","ats:Curse Doll"],"picked":"ats:Apocalypse","floor":1.0},{"not_picked":["ats:Revitalization","ats:Leaping Hammer"],"picked":"ats:Hammer On","floor":2.0},{"not_picked":["ats:Soul Absorption","ats:Absolute Focus"],"picked":"ats:Shell Defense","floor":5.0},{"not_picked":["ats:Powerful Strike","ats:Thermite Blade"],"picked":"ats:Roar Of Ursus","floor":7.0},{"not_picked":["ats:Ignite","ats:Guard Mode"],"picked":"ats:Neurotoxin","floor":11.0},{"not_picked":["ats:Shadow Raid","ats:Powerful Strike"],"picked":"ats:Sashimi Platter","floor":13.0},{"not_picked":["ats:Shadow Assault+1","ats:Volcano+1"],"picked":"ats:Soul Rend","floor":16.0},{"not_picked":["ats:Shell Defense","ats:Song Of Battle"],"picked":"ats:Cat Scratch+1","floor":18.0},{"not_picked":["ats:Magnetic Hammer+1","ats:Hook Shot"],"picked":"ats:Closed Bolt Burst Fire+1","floor":21.0},{"not_picked":["ats:Literary Storm","ats:Powerful Strike+1"],"picked":"ats:Sashimi Platter+1","floor":22.0}],"player_experience":767725,"relics_obtained":[{"floor":9.0,"key":"Whetstone"}],"event_choices":[{"damage_healed":0.0,"max_hp_gain":0.0,"max_hp_loss":0.0,"gold_gain":75.0,"event_name":"World of Goop","player_choice":"Gather Gold","floor":3.0,"gold_loss":0.0,"damage_taken":11.0},{"cards_removed":["ats:Strike C"],"damage_healed":0.0,"max_hp_gain":0.0,"max_hp_loss":0.0,"gold_gain":0.0,"event_name":"Bonfire Elementals","player_choice":"Offered Basic","floor":4.0,"gold_loss":0.0,"damage_taken":0.0},{"damage_healed":0.0,"max_hp_gain":0.0,"max_hp_loss":0.0,"gold_gain":0.0,"event_name":"Scrap Ooze","player_choice":"Success","floor":14.0,"gold_loss":0.0,"damage_taken":12.0,"relics_obtained":["Molten Egg 2"]},{"damage_healed":0.0,"max_hp_gain":0.0,"max_hp_loss":0.0,"gold_gain":0.0,"event_name":"WeMeetAgain","player_choice":"Paid Gold","floor":20.0,"gold_loss":56.0,"damage_taken":0.0,"relics_obtained":["Kunai"]}],"is_beta":false,"boss_relics":[{"not_picked":["Runic Dome","Velvet Choker"],"picked":"Philosopher\u0027s Stone"}],"items_purged_floors":[12],"is_endless":false,"potions_floor_spawned":[7,11,13],"killed_by":"Slavers","ascension_level":10}}