{"host":"7yyoe0ei0fseceei","time":1613322026,"event":{"mods":["BaseMod","Colored Map","Highlight Path","Minty Spire (QoL Compilation)","Quick Restart"],"gold_per_floor":[113,162,174,274,292,329,357,36,36,36,75,101,101,126,126,211,211,238,258,282,6,15,15,50,50,77,106,31,81,117,162,174,273,294,306,70,79,90,145,186,195,222,222,222,243,243,268,302,302,302],"floor_reached":51,"language":"ENG","playtime":2907,"items_purged":["Writhe"],"score":1533,"play_id":"a1342e55-66b4-4c85-b598-825d20c4f5c2","local_time":"20210214180026","is_ascension_mode":true,"campfire_choices":[{"floor":13.0,"key":"REST"},{"data":"Crescendo","floor":15.0,"key":"SMITH"},{"data":"Blasphemy","floor":23.0,"key":"SMITH"},{"floor":25.0,"key":"REST"},{"floor":32.0,"key":"REST"},{"data":"Vault","floor":44.0,"key":"SMITH"},{"floor":46.0,"key":"REST"},{"floor":49,"key":"REST"}],"circlet_count":0,"master_deck":["AscendersBane","Strike_P","Strike_P+1","Strike_P+1","Strike_P+1","Defend_P+1","Defend_P+1","Eruption+1","Vigilance+1","ForeignInfluence+1","Halt+1","Crescendo+1","Vengeance","CrushJoints","LessonLearned","WheelKick","Crescendo+1","Blasphemy+1","Conclude","FollowUp","ClearTheMind","Consecrate+1","ReachHeaven+1","DevaForm","CurseOfTheBell","Dramatic Entrance","FlyingSleeves","Vault+1","Evaluate","EmptyBody+1","InnerPeace"],"relics":["PureWater","NeowsBlessing","PreservedInsect","CeramicFish","Lantern","Anchor","Pantograph","War Paint","Philosopher\u0027s Stone","Singing Bowl","Bag of Marbles","Regal Pillow","Nunchaku","Turnip","MawBank","Red Mask","Calling Bell","Happy Flower","HornCleat","TungstenRod","Lee\u0027s Waffle","Dead Branch","Oddly Smooth Stone","The Courier","FossilizedHelix","Toy Ornithopter"],"acts_visited":["Exordium","TheCity","TheBeyond"],"potions_floor_usage":[47,47],"damage_taken":[{"damage":0.0,"enemies":"Cultist","floor":1.0,"turns":1.0},{"damage":0.0,"enemies":"Jaw Worm","floor":3.0,"turns":1.0},{"damage":0.0,"enemies":"Small Slimes","floor":5.0,"turns":1.0},{"damage":31.0,"enemies":"Gremlin Nob","floor":6.0,"turns":4.0},{"damage":13.0,"enemies":"3 Louse","floor":7.0,"turns":2.0},{"damage":0.0,"enemies":"Lagavulin","floor":11.0,"turns":4.0},{"damage":0.0,"enemies":"Blue Slaver","floor":12.0,"turns":2.0},{"damage":0.0,"enemies":"2 Fungi Beasts","floor":14.0,"turns":2.0},{"damage":60.0,"enemies":"The Guardian","floor":16.0,"turns":9.0},{"damage":0.0,"enemies":"Chosen","floor":18.0,"turns":3.0},{"damage":0.0,"enemies":"Spheric Guardian","floor":19.0,"turns":2.0},{"damage":19.0,"enemies":"Snake Plant","floor":20.0,"turns":3.0},{"damage":27.0,"enemies":"Slavers","floor":24.0,"turns":4.0},{"damage":24.0,"enemies":"Book of Stabbing","floor":27.0,"turns":3.0},{"damage":0.0,"enemies":"Gremlin Leader","floor":30.0,"turns":2.0},{"damage":22.0,"enemies":"Masked Bandits","floor":31.0,"turns":4.0},{"damage":46.0,"enemies":"Champ","floor":33.0,"turns":7.0},{"damage":0.0,"enemies":"Orb Walker","floor":35.0,"turns":3.0},{"damage":0.0,"enemies":"3 Darklings","floor":38.0,"turns":1.0},{"damage":5.0,"enemies":"2 Orb Walkers","floor":39.0,"turns":3.0},{"damage":20.0,"enemies":"Giant Head","floor":40.0,"turns":4.0},{"damage":4.0,"enemies":"4 Shapes","floor":42.0,"turns":1.0},{"damage":18.0,"enemies":"Writhing Mass","floor":45.0,"turns":3.0},{"damage":38,"enemies":"Mind Bloom Boss Battle","floor":47,"turns":5},{"damage":0,"enemies":"Reptomancer","floor":48,"turns":2},{"damage":65,"enemies":"Awakened One","floor":50,"turns":14}],"seed_played":"-2851670604422697988","potions_obtained":[{"floor":1.0,"key":"PowerPotion"},{"floor":5.0,"key":"CultistPotion"},{"floor":6.0,"key":"AttackPotion"},{"floor":12.0,"key":"DistilledChaos"},{"floor":18.0,"key":"Fire Potion"},{"floor":19.0,"key":"Ambrosia"},{"floor":20.0,"key":"FairyPotion"},{"floor":24.0,"key":"BlessingOfTheForge"},{"floor":40.0,"key":"PowerPotion"},{"floor":45.0,"key":"EssenceOfSteel"}],"is_trial":false,"path_per_floor":["M","T","M","?","M","E","M","$","T","?","E","M","R","M","R","B",null,"M","M","M","$","?","R","E","R","T","E","$","?","E","?","R","B",null,"M","$","?","M","?","E","?","M","T","R","M","R","?","E","R","B",null],"character_chosen":"WATCHER","items_purchased":["Lantern","Anchor","Singing Bowl","Lee\u0027s Waffle","DistilledChaos"],"campfire_rested":5,"item_purchase_floors":[8,8,21,36,36],"current_hp_per_floor":[61,61,61,61,61,30,17,17,17,17,17,17,37,37,37,2,52,52,52,33,33,33,33,6,41,41,19,19,19,19,23,59,26,61,61,79,79,81,76,56,56,52,52,52,34,73,45,47,85,20],"gold":302,"neow_bonus":"THREE_ENEMY_KILL","is_daily":false,"chose_seed":false,"campfire_upgraded":3,"win_rate":0.0,"timestamp":1613322026,"path_taken":["M","?","M","?","?","E","M","$","T","?","E","M","R","M","R","BOSS","M","?","M","$","?","R","E","R","T","E","$","?","E","?","R","BOSS","M","$","?","M","?","E","?","M","T","R","?","R","?","E","R","BOSS"],"items_purchased_type":["Relic","Relic","Relic","Relic","Potion"],"build_version":"2020-12-22","purchased_purges":1,"victory":true,"max_hp_per_floor":[68,68,68,68,68,68,68,68,68,68,68,68,68,68,68,68,68,68,68,68,68,68,68,68,68,68,70,70,70,70,72,72,72,72,72,79,79,81,81,81,81,81,81,81,81,81,83,85,85,85],"card_choices":[{"not_picked":["EmptyMind","FlurryOfBlows"],"picked":"ForeignInfluence","floor":1.0},{"not_picked":["EmptyBody","EmptyMind"],"picked":"Halt","floor":3.0},{"not_picked":["Pray","WheelKick"],"picked":"Crescendo","floor":5.0},{"not_picked":["EmptyMind","SignatureMove"],"picked":"Vengeance","floor":6.0},{"not_picked":["Crescendo","ThirdEye"],"picked":"CrushJoints","floor":7.0},{"not_picked":["Collect","Scrawl"],"picked":"LessonLearned","floor":11.0},{"not_picked":["SignatureMove","CutThroughFate"],"picked":"WheelKick","floor":12.0},{"not_picked":["Halt","EmptyFist"],"picked":"Crescendo","floor":14.0},{"not_picked":["SpiritShield","LessonLearned"],"picked":"Blasphemy","floor":16.0},{"not_picked":["BowlingBash","Study"],"picked":"Conclude","floor":18.0},{"not_picked":["PathToVictory","JustLucky"],"picked":"FollowUp","floor":19.0},{"not_picked":["FlurryOfBlows+1","EmptyBody","ClearTheMind"],"picked":"SKIP","floor":20.0},{"not_picked":["FlurryOfBlows+1","EmptyBody"],"picked":"ClearTheMind","floor":20.0},{"not_picked":["ClearTheMind","Nirvana+1"],"picked":"Consecrate+1","floor":24.0},{"not_picked":["CutThroughFate","Fasting2","ConjureBlade"],"picked":"Singing Bowl","floor":27.0},{"not_picked":["Protect","ClearTheMind"],"picked":"ReachHeaven+1","floor":30.0},{"not_picked":["InnerPeace","Consecrate","ReachHeaven"],"picked":"Singing Bowl","floor":31.0},{"not_picked":["Judgement","LessonLearned"],"picked":"DevaForm","floor":33.0},{"not_picked":["WheelKick","MentalFortress","Vengeance+1"],"picked":"SKIP","floor":35.0},{"not_picked":["Metamorphosis","Panacea"],"picked":"Dramatic Entrance","floor":37.0},{"not_picked":["WindmillStrike","Prostrate","CutThroughFate"],"picked":"Singing Bowl","floor":38.0},{"not_picked":["CutThroughFate","JustLucky"],"picked":"FlyingSleeves","floor":39.0},{"not_picked":["Sanctity","FearNoEvil"],"picked":"Vault","floor":40.0},{"not_picked":["TalkToTheHand","ThirdEye"],"picked":"EmptyBody+1","floor":42.0},{"not_picked":["WaveOfTheHand","Prostrate"],"picked":"InnerPeace","floor":45.0},{"not_picked":["PathToVictory","Fasting2","Protect"],"picked":"Singing Bowl","floor":47},{"not_picked":["Prostrate","Halt+1","SashWhip+1"],"picked":"Singing Bowl","floor":48}],"player_experience":926326,"relics_obtained":[{"floor":2.0,"key":"PreservedInsect"},{"floor":6.0,"key":"CeramicFish"},{"floor":9.0,"key":"Pantograph"},{"floor":11.0,"key":"War Paint"},{"floor":24.0,"key":"Regal Pillow"},{"floor":26.0,"key":"Nunchaku"},{"floor":27.0,"key":"Turnip"},{"floor":30.0,"key":"MawBank"},{"floor":31.0,"key":"Red Mask"},{"floor":34.0,"key":"Happy Flower"},{"floor":34.0,"key":"HornCleat"},{"floor":34.0,"key":"TungstenRod"},{"floor":39.0,"key":"Dead Branch"},{"floor":40.0,"key":"Oddly Smooth Stone"},{"floor":43.0,"key":"The Courier"},{"floor":47,"key":"FossilizedHelix"},{"floor":48,"key":"Toy Ornithopter"}],"event_choices":[{"damage_healed":0.0,"max_hp_gain":0.0,"max_hp_loss":0.0,"gold_gain":100.0,"event_name":"Wheel of Change","player_choice":"Gold","floor":4.0,"gold_loss":0.0,"damage_taken":0.0},{"cards_removed":["Defend_P"],"damage_healed":0.0,"max_hp_gain":0.0,"max_hp_loss":0.0,"gold_gain":0.0,"event_name":"Purifier","player_choice":"Purged","floor":10.0,"gold_loss":0.0,"damage_taken":0.0},{"damage_healed":0.0,"max_hp_gain":0.0,"max_hp_loss":0.0,"gold_gain":0.0,"event_name":"The Mausoleum","player_choice":"Opened","floor":22.0,"gold_loss":0.0,"damage_taken":0.0,"relics_obtained":["Bag of Marbles"],"cards_obtained":["Writhe"]},{"damage_healed":0.0,"max_hp_gain":0.0,"max_hp_loss":0.0,"gold_gain":50.0,"event_name":"Nest","player_choice":"Stole From Cult","floor":29.0,"gold_loss":0.0,"damage_taken":0.0},{"damage_healed":0.0,"max_hp_gain":0.0,"max_hp_loss":0.0,"gold_gain":0.0,"event_name":"Masked Bandits","player_choice":"Fought Bandits","floor":31.0,"gold_loss":0.0,"damage_taken":0.0},{"damage_healed":0.0,"max_hp_gain":0.0,"max_hp_loss":0.0,"gold_gain":0.0,"event_name":"SensoryStone","player_choice":"Memory 1","floor":37.0,"gold_loss":0.0,"damage_taken":0.0},{"damage_healed":0.0,"max_hp_gain":0.0,"max_hp_loss":0.0,"gold_gain":0.0,"event_name":"Mysterious Sphere","player_choice":"Fight","floor":39.0,"gold_loss":0.0,"damage_taken":0.0},{"damage_healed":0.0,"max_hp_gain":0.0,"max_hp_loss":0.0,"gold_gain":0.0,"cards_transformed":["Defend_P"],"event_name":"Transmorgrifier","player_choice":"Transformed","floor":41.0,"gold_loss":0.0,"damage_taken":0.0,"cards_obtained":["Evaluate"]},{"damage_healed":0,"gold_gain":0,"player_choice":"Fight","damage_taken":0,"max_hp_gain":0,"max_hp_loss":0,"event_name":"MindBloom","floor":47,"gold_loss":0}],"is_beta":false,"boss_relics":[{"not_picked":["Tiny House","Velvet Choker"],"picked":"Philosopher\u0027s Stone"},{"not_picked":["Busted Crown","Cursed Key"],"picked":"Calling Bell"}],"items_purged_floors":[28],"is_endless":false,"potions_floor_spawned":[1,5,6,12,18,19,20,24,35,40,45],"ascension_level":16}}