{"host":"0ma1l65sntb3rtgl","time":1613323151,"event":{"mods":["AchievementEnabler","BaseMod","Better Note","Better Third Choice","Colored Map","Colored Powertips","Curses Come First","Highlight Path","Minty Spire (QoL Compilation)","Rare Cards Sparkle","Relic Stats","StSLib"],"gold_per_floor":[109,109,27,44,44,74,86,86,86,119,134,149,182,34,34,130,130,144,94,75,91,16,42,42,67,67,67,92,110,120,20,20,119,119,119,119],"floor_reached":35,"language":"ENG","playtime":1577,"items_purged":["Strike_B","Strike_B"],"score":415,"play_id":"e4d97f87-9195-4fd2-96cd-240d6835328b","local_time":"20210214111911","is_ascension_mode":false,"campfire_choices":[{"data":"Chaos","floor":8.0,"key":"SMITH"},{"data":"Lockon","floor":15.0,"key":"SMITH"},{"floor":24.0,"key":"RECALL"},{"floor":27.0,"key":"REST"},{"floor":32.0,"key":"REST"}],"circlet_count":0,"master_deck":["Defend_B","Defend_B","Defend_B","Defend_B","Zap","Dualcast","Leap","Chaos+1","Ball Lightning","White Noise","Undo","Coolheaded","Capacitor","Multi-Cast","Go for the Eyes","Lockon+1","Capacitor","Seek","Tempest+1","Glacier","Barrage","Lockon+1","Rainbow"],"relics":["FrozenCore","DataDisk","Nunchaku","Orichalcum","Darkstone Periapt","Bronze Scales","Shuriken","Omamori","Gremlin Horn","Centennial Puzzle","Empty Cage"],"acts_visited":["Exordium","TheCity","TheBeyond"],"potions_floor_usage":[],"damage_taken":[{"damage":6.0,"enemies":"Jaw Worm","floor":1.0,"turns":4.0},{"damage":1.0,"enemies":"Cultist","floor":4.0,"turns":3.0},{"damage":8.0,"enemies":"Lagavulin","floor":6.0,"turns":7.0},{"damage":0.0,"enemies":"Small Slimes","floor":7.0,"turns":2.0},{"damage":2.0,"enemies":"3 Sentries","floor":10.0,"turns":5.0},{"damage":0.0,"enemies":"Looter","floor":11.0,"turns":3.0},{"damage":14.0,"enemies":"Exordium Wildlife","floor":12.0,"turns":5.0},{"damage":3.0,"enemies":"Gremlin Nob","floor":13.0,"turns":4.0},{"damage":6.0,"enemies":"Hexaghost","floor":16.0,"turns":8.0},{"damage":0.0,"enemies":"Chosen","floor":18.0,"turns":6.0},{"damage":7.0,"enemies":"2 Thieves","floor":20.0,"turns":4.0},{"damage":22.0,"enemies":"Centurion and Healer","floor":21.0,"turns":5.0},{"damage":6.0,"enemies":"Book of Stabbing","floor":23.0,"turns":4.0},{"damage":48.0,"enemies":"Slavers","floor":28.0,"turns":7.0},{"damage":2.0,"enemies":"Snake Plant","floor":29.0,"turns":3.0},{"damage":10.0,"enemies":"Cultist and Chosen","floor":30.0,"turns":6.0},{"damage":17.0,"enemies":"Champ","floor":33.0,"turns":11.0},{"damage":0,"enemies":"3 Darklings","floor":35,"turns":1}],"seed_played":"-5119741379437173756","potions_obtained":[{"floor":4.0,"key":"Swift Potion"},{"floor":7.0,"key":"Fire Potion"},{"floor":10.0,"key":"Dexterity Potion"},{"floor":16.0,"key":"EssenceOfDarkness"}],"is_trial":false,"path_per_floor":["M","?","$","M","$","E","M","R","T","E","M","M","E","$","R","B",null,"M","?","M","M","$","E","R","T","T","R","E","M","M","$","R","B",null,"M"],"character_chosen":"DEFECT","items_purchased":["Chaos","Ball Lightning","Lockon","Capacitor"],"campfire_rested":2,"item_purchase_floors":[3,3,14,14],"current_hp_per_floor":[69,69,69,68,68,60,60,60,60,58,58,44,41,41,41,35,75,75,75,68,46,46,40,40,40,40,62,14,12,2,2,24,7,75,75,75],"gold":119,"neow_bonus":"RANDOM_COMMON_RELIC","is_daily":false,"chose_seed":false,"campfire_upgraded":2,"win_rate":0.0,"timestamp":1613323151,"path_taken":["M","?","$","M","?","E","?","R","T","E","?","M","E","$","R","BOSS","M","?","M","M","$","E","R","?","T","R","E","?","M","$","R","BOSS","M"],"items_purchased_type":["Card","Card","Card","Card"],"build_version":"2020-12-22","purchased_purges":2,"victory":false,"max_hp_per_floor":[75,75,75,75,75,75,75,75,75,75,75,75,75,75,75,75,75,75,75,75,75,75,75,75,75,75,75,75,75,75,75,75,75,75,75,75],"relic_stats":{"Darkstone Periapt":0,"Nunchaku":[8],"Centennial Puzzle":[9],"Gremlin Horn":[3,3],"counters":[18,88],"Shuriken":[1],"Bronze Scales":[199],"Orichalcum":[108],"obtain_stats":[{"Darkstone Periapt":10,"DataDisk":0,"Nunchaku":2,"Centennial Puzzle":28,"Gremlin Horn":26,"Shuriken":23,"Bronze Scales":13,"Omamori":25,"Orichalcum":6,"Cracked Core":0,"Empty Cage":34,"FrozenCore":17},{"Darkstone Periapt":5,"DataDisk":0,"Nunchaku":1,"Centennial Puzzle":14,"Gremlin Horn":13,"Shuriken":13,"Bronze Scales":8,"Omamori":13,"Orichalcum":3,"Cracked Core":0,"Empty Cage":17,"FrozenCore":9},{"Darkstone Periapt":21,"DataDisk":0,"Nunchaku":4,"Centennial Puzzle":67,"Gremlin Horn":60,"Shuriken":60,"Bronze Scales":33,"Omamori":60,"Orichalcum":14,"Cracked Core":0,"Empty Cage":87,"FrozenCore":41}],"FrozenCore":[23]},"card_choices":[{"not_picked":["Beam Cell","Recycle"],"picked":"Leap","floor":1.0},{"not_picked":["Stack","Ball Lightning"],"picked":"White Noise","floor":4.0},{"not_picked":["Tempest","Scrape"],"picked":"Undo","floor":6.0},{"not_picked":["Beam Cell","Tempest"],"picked":"Coolheaded","floor":7.0},{"not_picked":["Coolheaded","Steam"],"picked":"Capacitor","floor":10.0},{"not_picked":["Blizzard","Coolheaded","Gash"],"picked":"SKIP","floor":11.0},{"not_picked":["Blizzard","Coolheaded","Gash"],"picked":"SKIP","floor":11.0},{"not_picked":["Leap","Ball Lightning"],"picked":"Multi-Cast","floor":12.0},{"not_picked":["Streamline","Cold Snap"],"picked":"Go for the Eyes","floor":13.0},{"not_picked":["Meteor Strike","Reboot"],"picked":"Seek","floor":16.0},{"not_picked":["Sunder","Reinforced Body"],"picked":"Tempest+1","floor":18.0},{"not_picked":["Steam","Sweeping Beam","Darkness"],"picked":"SKIP","floor":20.0},{"not_picked":["Rip and Tear+1","Cold Snap","Hologram"],"picked":"SKIP","floor":21.0},{"not_picked":["Chaos+1","Rebound"],"picked":"Glacier","floor":23.0},{"not_picked":["Fusion","Steam Power","Sweeping Beam"],"picked":"SKIP","floor":28.0},{"not_picked":["Recycle","Compile Driver"],"picked":"Barrage","floor":29.0},{"not_picked":["Conserve Battery","Hologram"],"picked":"Lockon+1","floor":30.0},{"not_picked":["Meteor Strike","Biased Cognition"],"picked":"Rainbow","floor":33.0}],"player_experience":390978,"relics_obtained":[{"floor":2.0,"key":"Nunchaku"},{"floor":6.0,"key":"Orichalcum"},{"floor":10.0,"key":"Darkstone Periapt"},{"floor":13.0,"key":"Bronze Scales"},{"floor":23.0,"key":"Shuriken"},{"floor":25.0,"key":"Omamori"},{"floor":26.0,"key":"Gremlin Horn"},{"floor":28.0,"key":"Centennial Puzzle"}],"event_choices":[{"damage_healed":0.0,"max_hp_gain":0.0,"max_hp_loss":0.0,"gold_gain":0.0,"event_name":"Wheel of Change","player_choice":"Relic","floor":2.0,"gold_loss":0.0,"damage_taken":0.0},{"damage_healed":0.0,"max_hp_gain":0.0,"max_hp_loss":0.0,"gold_gain":0.0,"event_name":"The Joust","player_choice":"Bet on Murderer","floor":19.0,"gold_loss":50.0,"damage_taken":0.0}],"is_beta":false,"boss_relics":[{"not_picked":["Nuclear Battery","Calling Bell"],"picked":"FrozenCore"},{"not_picked":["Runic Pyramid","Snecko Eye"],"picked":"Empty Cage"}],"items_purged_floors":[22,31],"is_endless":false,"potions_floor_spawned":[4,7,10,12,16,20,21],"killed_by":"3 Darklings","ascension_level":0}}