{"host":"sc0o2qwpf9j16a4i","time":1613328064,"event":{"mods":["AchievementEnabler","BaseMod","BetterRewards","Block Reminder","Colored Map","Colored Powertips","Custom Start","Highlight Path","Minty Spire (QoL Compilation)","Relic Stats"],"gold_per_floor":[111,111,129,7,7,35,35,35,35,69,91,91,91,91,91,196,196,217,247,262,312,90,90,15,49,73,100,134,22,147,180,180,283,283,307,35,58,58,76,76,119,119,119,119,147,147,147],"floor_reached":46,"language":"ENG","playtime":1671,"items_purged":["Strike_R"],"score":1002,"play_id":"ce8a0b43-2e2b-4040-9f42-ec330d723e76","local_time":"20210214204104","is_ascension_mode":true,"campfire_choices":[{"data":"Bash","floor":7.0,"key":"SMITH"},{"data":"Twin Strike","floor":12.0,"key":"SMITH"},{"floor":15.0,"key":"REST"},{"floor":23.0,"key":"REST"},{"floor":32.0,"key":"REST"},{"floor":40.0,"key":"REST"},{"floor":44,"key":"REST"}],"circlet_count":0,"master_deck":["AscendersBane","Strike_R","Strike_R","Strike_R","Defend_R","Defend_R","Defend_R","Bash+1","Shrug It Off","Twin Strike+1","Rampage","Flame Barrier","Offering","Heavy Blade","Feel No Pain","Dual Wield","Burning Pact","Flame Barrier","Pommel Strike+1","Demon Form","Evolve","Uppercut","Ghostly Armor+1","Disarm"],"relics":["Burning Blood","Pear","Oddly Smooth Stone","White Beast Statue","Potion Belt","CeramicFish","Golden Idol","Snecko Eye","StrikeDummy","Lantern","Unceasing Top","HornCleat","Mark of Pain","Mummified Hand","Toy Ornithopter","Paper Frog"],"acts_visited":["Exordium","TheCity","TheBeyond"],"potions_floor_usage":[41,41,41,45,46,46],"damage_taken":[{"damage":6.0,"enemies":"Cultist","floor":1.0,"turns":3.0},{"damage":7.0,"enemies":"Jaw Worm","floor":3.0,"turns":4.0},{"damage":47.0,"enemies":"3 Sentries","floor":6.0,"turns":12.0},{"damage":19.0,"enemies":"Lagavulin","floor":10.0,"turns":5.0},{"damage":1.0,"enemies":"2 Louse","floor":11.0,"turns":3.0},{"damage":46.0,"enemies":"Hexaghost","floor":16.0,"turns":11.0},{"damage":8.0,"enemies":"3 Byrds","floor":18.0,"turns":4.0},{"damage":25.0,"enemies":"Chosen","floor":19.0,"turns":5.0},{"damage":13.0,"enemies":"Centurion and Healer","floor":20.0,"turns":4.0},{"damage":31.0,"enemies":"Slavers","floor":25.0,"turns":7.0},{"damage":12.0,"enemies":"Shelled Parasite and Fungi","floor":27.0,"turns":3.0},{"damage":12.0,"enemies":"Snake Plant","floor":28.0,"turns":3.0},{"damage":0.0,"enemies":"Colosseum Slavers","floor":30.0,"turns":3.0},{"damage":36.0,"enemies":"Colosseum Nobs","floor":30.0,"turns":5.0},{"damage":6.0,"enemies":"Centurion and Healer","floor":31.0,"turns":5.0},{"damage":16.0,"enemies":"Champ","floor":33.0,"turns":9.0},{"damage":5.0,"enemies":"3 Darklings","floor":35.0,"turns":4.0},{"damage":36.0,"enemies":"3 Shapes","floor":37.0,"turns":3.0},{"damage":16.0,"enemies":"Maw","floor":39.0,"turns":6.0},{"damage":40,"enemies":"Giant Head","floor":41,"turns":5},{"damage":23,"enemies":"Jaw Worm Horde","floor":45,"turns":6},{"damage":60,"enemies":"Reptomancer","floor":46,"turns":6}],"seed_played":"2054989046123701272","potions_obtained":[{"floor":6.0,"key":"Swift Potion"},{"floor":10.0,"key":"Dexterity Potion"},{"floor":11.0,"key":"Strength Potion"},{"floor":16.0,"key":"Fire Potion"},{"floor":18.0,"key":"GamblersBrew"},{"floor":19.0,"key":"Fire Potion"},{"floor":20.0,"key":"DistilledChaos"},{"floor":25.0,"key":"Ancient Potion"},{"floor":27.0,"key":"Block Potion"},{"floor":28.0,"key":"Dexterity Potion"},{"floor":30.0,"key":"BlessingOfTheForge"},{"floor":31.0,"key":"Strength Potion"},{"floor":33.0,"key":"Fire Potion"},{"floor":35.0,"key":"PowerPotion"},{"floor":37.0,"key":"LiquidMemories"},{"floor":39.0,"key":"Regen Potion"},{"floor":41,"key":"ElixirPotion"},{"floor":45,"key":"SkillPotion"}],"is_trial":false,"path_per_floor":["M","?","M","$","?","E","R","?","T","E","M","R","?","?","R","B",null,"M","M","M","?","$","R","?","E","T","M","M","$","?","M","R","B",null,"M","$","M","?","M","R","E","?","T","R","M","E"],"character_chosen":"IRONCLAD","items_purchased":["Rampage","DuplicationPotion","Feel No Pain","Dual Wield","FairyPotion","Mummified Hand"],"campfire_rested":5,"item_purchase_floors":[4,4,22,22,29,36],"current_hp_per_floor":[75,80,79,79,72,31,31,31,31,18,23,23,23,23,47,7,64,62,43,36,36,36,60,60,35,35,29,23,23,24,24,48,38,72,73,73,43,43,33,57,37,37,37,60,48,0,0],"gold":147,"neow_bonus":"TEN_PERCENT_HP_BONUS","is_daily":false,"chose_seed":false,"campfire_upgraded":2,"win_rate":0.0,"timestamp":1613328064,"path_taken":["M","?","M","$","?","E","R","?","T","E","?","R","?","?","R","BOSS","M","M","M","?","$","R","?","E","T","M","M","$","?","M","R","BOSS","M","$","M","?","M","R","E","?","T","R","?","E"],"items_purchased_type":["Card","Potion","Card","Card","Potion","Relic"],"build_version":"2020-12-22","purchased_purges":1,"victory":false,"max_hp_per_floor":[82,92,92,92,92,92,92,92,92,92,92,92,83,83,83,83,83,83,83,83,83,83,83,83,83,83,83,83,83,83,83,83,83,83,83,83,83,83,83,83,83,79,79,79,79,79,79],"relic_stats":{"counters":[22,116],"Golden Idol":116,"Mummified Hand":[33],"CeramicFish":117,"Snecko Eye":[158,155,127,156],"obtain_stats":[{"Potion Belt":9,"Lantern":26,"Pear":2,"Golden Idol":13,"CeramicFish":10,"Oddly Smooth Stone":6,"Burning Blood":0,"White Beast Statue":8,"HornCleat":30,"Mummified Hand":36,"Snecko Eye":17,"Mark of Pain":34,"StrikeDummy":25,"Unceasing Top":30,"Toy Ornithopter":41,"Paper Frog":43},{"Potion Belt":3,"Lantern":10,"Pear":1,"Golden Idol":5,"CeramicFish":4,"Oddly Smooth Stone":3,"Burning Blood":0,"White Beast Statue":3,"HornCleat":14,"Mummified Hand":17,"Snecko Eye":6,"Mark of Pain":16,"StrikeDummy":10,"Unceasing Top":14,"Toy Ornithopter":20,"Paper Frog":20},{"Potion Belt":19,"Lantern":58,"Pear":3,"Golden Idol":27,"CeramicFish":24,"Oddly Smooth Stone":19,"Burning Blood":0,"White Beast Statue":19,"HornCleat":72,"Mummified Hand":90,"Snecko Eye":38,"Mark of Pain":86,"StrikeDummy":58,"Unceasing Top":72,"Toy Ornithopter":104,"Paper Frog":104}],"Burning Blood":126,"Unceasing Top":[2],"Toy Ornithopter":15},"card_choices":[{"not_picked":["Clash","Iron Wave"],"picked":"Shrug It Off","floor":1.0},{"not_picked":["True Grit","Fire Breathing"],"picked":"Twin Strike","floor":3.0},{"not_picked":["Searing Blow","Heavy Blade","Clash"],"picked":"SKIP","floor":6.0},{"not_picked":["Anger","Brutality","Perfected Strike"],"picked":"SKIP","floor":10.0},{"not_picked":["Perfected Strike","True Grit"],"picked":"Flame Barrier","floor":11.0},{"not_picked":["Fiend Fire","Demon Form"],"picked":"Offering","floor":16.0},{"not_picked":["Twin Strike","True Grit","Headbutt"],"picked":"SKIP","floor":18.0},{"not_picked":["Armaments","Wild Strike"],"picked":"Heavy Blade","floor":19.0},{"not_picked":["Heavy Blade","Flex","Wild Strike"],"picked":"SKIP","floor":20.0},{"not_picked":["Perfected Strike","Clash","Iron Wave+1"],"picked":"SKIP","floor":25.0},{"not_picked":["True Grit","Warcry+1"],"picked":"Burning Pact","floor":27.0},{"not_picked":["Bludgeon","Anger"],"picked":"Flame Barrier","floor":28.0},{"not_picked":["Cleave","Havoc+1"],"picked":"Pommel Strike+1","floor":31.0},{"not_picked":["Exhume","Fiend Fire"],"picked":"Demon Form","floor":33.0},{"not_picked":["Perfected Strike","True Grit+1"],"picked":"Evolve","floor":35.0},{"not_picked":["Evolve+1","Clothesline"],"picked":"Uppercut","floor":37.0},{"not_picked":["Searing Blow","Anger+1","Reckless Charge"],"picked":"SKIP","floor":39.0},{"not_picked":["Perfected Strike","Evolve"],"picked":"Ghostly Armor+1","floor":41},{"not_picked":["Second Wind","Body Slam+1"],"picked":"Disarm","floor":45}],"player_experience":1429308,"relics_obtained":[{"floor":6.0,"key":"Oddly Smooth Stone"},{"floor":9.0,"key":"Potion Belt"},{"floor":10.0,"key":"CeramicFish"},{"floor":25.0,"key":"StrikeDummy"},{"floor":26.0,"key":"Lantern"},{"floor":30.0,"key":"Unceasing Top"},{"floor":30.0,"key":"HornCleat"},{"floor":41,"key":"Toy Ornithopter"},{"floor":43,"key":"Paper Frog"}],"event_choices":[{"damage_healed":0.0,"max_hp_gain":0.0,"max_hp_loss":0.0,"gold_gain":0.0,"event_name":"Scrap Ooze","player_choice":"Success","floor":2.0,"gold_loss":0.0,"damage_taken":5.0,"relics_obtained":["Pear"]},{"cards_removed":["Strike_R"],"damage_healed":0.0,"max_hp_gain":0.0,"max_hp_loss":0.0,"gold_gain":0.0,"event_name":"Golden Wing","player_choice":"Card Removal","floor":5.0,"gold_loss":0.0,"damage_taken":7.0},{"damage_healed":0.0,"max_hp_gain":0.0,"max_hp_loss":0.0,"gold_gain":0.0,"event_name":"WeMeetAgain","player_choice":"Gave Potion","floor":8.0,"gold_loss":0.0,"damage_taken":0.0,"relics_obtained":["White Beast Statue"]},{"damage_healed":0.0,"max_hp_gain":0.0,"max_hp_loss":9.0,"gold_gain":0.0,"event_name":"Golden Idol","player_choice":"Lose Max HP","floor":13.0,"gold_loss":0.0,"damage_taken":0.0,"relics_obtained":["Golden Idol"]},{"damage_healed":0.0,"max_hp_gain":0.0,"max_hp_loss":0.0,"gold_gain":0.0,"event_name":"Dead Adventurer","player_choice":"Searched \u00270\u0027 times","floor":14.0,"gold_loss":0.0,"damage_taken":0.0},{"damage_healed":0.0,"max_hp_gain":0.0,"max_hp_loss":0.0,"gold_gain":50.0,"event_name":"Nest","player_choice":"Stole From Cult","floor":21.0,"gold_loss":0.0,"damage_taken":0.0},{"cards_removed":["Defend_R"],"damage_healed":0.0,"max_hp_gain":0.0,"max_hp_loss":0.0,"gold_gain":0.0,"event_name":"Beggar","player_choice":"Gave Gold","floor":24.0,"gold_loss":75.0,"damage_taken":0.0},{"damage_healed":0.0,"max_hp_gain":0.0,"max_hp_loss":0.0,"gold_gain":0.0,"event_name":"Colosseum","player_choice":"Fight","floor":30.0,"gold_loss":0.0,"damage_taken":0.0},{"damage_healed":0.0,"max_hp_gain":0.0,"max_hp_loss":0.0,"gold_gain":0.0,"event_name":"Colosseum","player_choice":"Fought Nobs","floor":30.0,"gold_loss":0.0,"damage_taken":0.0},{"damage_healed":0.0,"max_hp_gain":0.0,"max_hp_loss":0.0,"gold_gain":0.0,"event_name":"Mysterious Sphere","player_choice":"Ignored","floor":38.0,"gold_loss":0.0,"damage_taken":0.0},{"damage_healed":0,"gold_gain":0,"player_choice":"Max HP","damage_taken":0,"max_hp_gain":0,"max_hp_loss":4,"event_name":"Winding Halls","floor":42,"gold_loss":0}],"is_beta":false,"boss_relics":[{"not_picked":["Astrolabe","Calling Bell"],"picked":"Snecko Eye"},{"not_picked":["Black Blood","Coffee Dripper"],"picked":"Mark of Pain"}],"items_purged_floors":[22],"is_endless":false,"potions_floor_spawned":[6,10,11,16,18,19,20,25,27,28,30,30,31,33,35,37,39,41,45],"killed_by":"Reptomancer","ascension_level":20}}