{"host":"5raohst9sk3kvp5v","time":1613324780,"event":{"mods":["BaseMod","Colored Powertips","Highlight Path","Minty Spire (QoL Compilation)","Quick Restart","Relic Stats","StSLib"],"gold_per_floor":[210,210,42,53,3,34,46,46,97,97,111,111,111],"floor_reached":12,"language":"ENG","playtime":406,"items_purged":[],"score":152,"play_id":"4d53ad00-369a-4636-976f-dafcb141ed87","local_time":"20210214114620","is_ascension_mode":true,"campfire_choices":[{"data":"Limit Break","floor":8,"key":"SMITH"},{"floor":10,"key":"REST"}],"circlet_count":0,"master_deck":["AscendersBane","Strike_R","Strike_R","Strike_R","Strike_R","Strike_R","Defend_R","Defend_R","Defend_R","Defend_R","Bash","Armaments+1","Clothesline","Evolve","Limit Break+1","Feel No Pain"],"relics":["Burning Blood","Happy Flower","Anchor","Nunchaku"],"acts_visited":["Exordium"],"potions_floor_usage":[6],"damage_taken":[{"damage":11,"enemies":"Small Slimes","floor":1,"turns":5},{"damage":9,"enemies":"Jaw Worm","floor":4,"turns":4},{"damage":47,"enemies":"3 Sentries","floor":6,"turns":11},{"damage":1,"enemies":"2 Louse","floor":7,"turns":3},{"damage":24,"enemies":"Large Slime","floor":11,"turns":6},{"damage":25,"enemies":"Lagavulin","floor":12,"turns":6}],"seed_played":"-8366477949620445038","potions_obtained":[{"floor":1,"key":"Explosive Potion"},{"floor":11,"key":"EssenceOfSteel"}],"is_trial":false,"path_per_floor":["M","?","$","M","$","E","M","R","T","R","M","E"],"character_chosen":"IRONCLAD","items_purchased":["Happy Flower","Clothesline"],"campfire_rested":1,"item_purchase_floors":[3,5],"current_hp_per_floor":[63,63,63,60,60,19,24,24,24,46,28,3,3],"gold":111,"neow_bonus":"HUNDRED_GOLD","is_daily":false,"chose_seed":false,"campfire_upgraded":1,"win_rate":0.0,"timestamp":1613324780,"path_taken":["M","?","$","M","$","E","M","R","T","R","M","E"],"items_purchased_type":["Relic","Card"],"build_version":"2020-12-22","purchased_purges":0,"victory":false,"max_hp_per_floor":[75,75,75,75,75,75,75,75,75,75,75,75,75],"relic_stats":{"Nunchaku":[1],"Happy Flower":[10],"counters":[6,35],"obtain_stats":[{"Anchor":6,"Nunchaku":9,"Happy Flower":3,"Burning Blood":0},{"Anchor":3,"Nunchaku":4,"Happy Flower":1,"Burning Blood":0},{"Anchor":20,"Nunchaku":23,"Happy Flower":5,"Burning Blood":0}],"Burning Blood":30},"card_choices":[{"not_picked":["Combust","Iron Wave"],"picked":"Armaments","floor":1},{"not_picked":["Clash","Iron Wave","Sentinel"],"picked":"SKIP","floor":4},{"not_picked":["Combust","Rage"],"picked":"Evolve","floor":6},{"not_picked":["Armaments","Evolve"],"picked":"Limit Break","floor":7},{"not_picked":["Anger","Headbutt"],"picked":"Feel No Pain","floor":11}],"player_experience":1733066,"relics_obtained":[{"floor":6,"key":"Anchor"},{"floor":9,"key":"Nunchaku"}],"event_choices":[{"damage_healed":0,"gold_gain":0,"player_choice":"Grow","damage_taken":0,"max_hp_gain":0,"max_hp_loss":0,"event_name":"Living Wall","floor":2,"gold_loss":0,"cards_upgraded":["Armaments"]}],"is_beta":false,"boss_relics":[],"items_purged_floors":[],"is_endless":false,"potions_floor_spawned":[1,11],"killed_by":"Lagavulin","ascension_level":19}}