{"host":"eeb412nj2w7f9cz8","time":1613287523,"event":{"mods":["ATMod(°¢èªMod)","Act Like it!","BaseMod","Minty Spire (QoL Compilation)","StSLib"],"gold_per_floor":[111,61,61,61,76,76,138,138,163,229,240,240,253,49,49,254,254,346,391,482,532,582,26,26,181,181,255,404,119,183,251,251,483,483,633,674,724,813,938,1078,358,358,382,382,459,553,665,717,717,842,842,842,83,161,186],"floor_reached":56,"language":"ZHS","playtime":3744,"items_purged":["Fiend Fire","Strike_R","Strike_R"],"score":1337,"play_id":"2cd20af1-e2b9-42a7-8095-d1024a5abdc0","local_time":"20210214152523","is_ascension_mode":false,"campfire_choices":[{"data":"Entrench","floor":6.0,"key":"SMITH"},{"data":"Entrench","floor":8.0,"key":"SMITH"},{"data":"AT_BodySlamDance","floor":12.0,"key":"SMITH"},{"data":"Armaments","floor":15.0,"key":"SMITH"},{"data":"Armaments","floor":24,"key":"SMITH"},{"data":"AT_Dispersion","floor":32,"key":"SMITH"},{"data":"Barricade","floor":42,"key":"SMITH"},{"data":"AT_ShrugMaster","floor":44,"key":"SMITH"},{"floor":49,"key":"RECALL"},{"data":"AT_FamilyPortrait","floor":52,"key":"SMITH"}],"circlet_count":0,"master_deck":["Defend_R","Defend_R","Defend_R","AT_FamilyPortrait+1","Entrench+1","AT_BodySlamDance+1","Entrench+1","Ghostly Armor","AT_BodySlamDance","Armaments+1","AT_Dispersion+1","Body Slam+1","Feel No Pain+1","Iron Wave","Armaments+1","AT_BodySlamDance","Iron Wave","AT_CaressingTears","Dark Embrace+1","Offering","AT_ShrugMaster+1","Barricade+1","AT_BreakingExtremeWeapon","Finesse","Impatience","Panache+1","Madness"],"relics":["Black Blood","AT_ATBox","AT_RabadonDeathcap","SsserpentHead","AT_MibuBalloonWealth","Paper Frog","Lizard Tail","CeramicFish","Blood Vial","Orichalcum","StrikeDummy","Coffee Dripper","Ice Cream","Bag of Preparation","Lee\u0027s Waffle","Bag of Marbles","Pen Nib","AT_SunfireAegis","Anchor","AT_SilvercatRing","Champion Belt","Bottled Tornado"],"acts_visited":["Exordium","TheCity","TheBeyond","TheEnding"],"potions_floor_usage":[25,30,33,48,55],"damage_taken":[{"damage":0.0,"enemies":"2 Louse","floor":1.0,"turns":3.0},{"damage":0.0,"enemies":"Jaw Worm","floor":5.0,"turns":7.0},{"damage":0.0,"enemies":"Small Slimes","floor":7.0,"turns":4.0},{"damage":0.0,"enemies":"Exordium Thugs","floor":10.0,"turns":5.0},{"damage":0.0,"enemies":"Gremlin Gang","floor":11.0,"turns":6.0},{"damage":0.0,"enemies":"Blue Slaver","floor":13.0,"turns":1.0},{"damage":0.0,"enemies":"Slime Boss","floor":16.0,"turns":6.0},{"damage":0.0,"enemies":"3 Byrds","floor":18.0,"turns":6.0},{"damage":0.0,"enemies":"Spheric Guardian","floor":19.0,"turns":2.0},{"damage":15.0,"enemies":"Centurion and Healer","floor":20.0,"turns":4.0},{"damage":22,"enemies":"Gremlin Leader","floor":25,"turns":6},{"damage":0,"enemies":"Sentry and Sphere","floor":27,"turns":3},{"damage":0,"enemies":"Cultist and Chosen","floor":30,"turns":4},{"damage":7,"enemies":"Book of Stabbing","floor":31,"turns":5},{"damage":39,"enemies":"Collector","floor":33,"turns":7},{"damage":6,"enemies":"3 Darklings","floor":35,"turns":2},{"damage":6,"enemies":"Orb Walker","floor":36,"turns":2},{"damage":6,"enemies":"Sphere and 2 Shapes","floor":38,"turns":2},{"damage":6,"enemies":"Mind Bloom Boss Battle","floor":39,"turns":1},{"damage":29,"enemies":"Reptomancer","floor":40,"turns":5},{"damage":12,"enemies":"Jaw Worm Horde","floor":46,"turns":2},{"damage":12,"enemies":"4 Shapes","floor":47,"turns":2},{"damage":12,"enemies":"Nemesis","floor":48,"turns":5},{"damage":8,"enemies":"Awakened One","floor":50,"turns":7},{"damage":6,"enemies":"Shield and Spear","floor":54,"turns":2},{"damage":43,"enemies":"The Heart","floor":55,"turns":6}],"seed_played":"1854965699663343864","potions_obtained":[{"floor":1.0,"key":"DistilledChaos"},{"floor":10.0,"key":"Ancient Potion"},{"floor":11.0,"key":"Ancient Potion"},{"floor":16.0,"key":"ColorlessPotion"},{"floor":19.0,"key":"BloodPotion"},{"floor":27,"key":"SkillPotion"},{"floor":30,"key":"ColorlessPotion"},{"floor":35,"key":"ElixirPotion"},{"floor":38,"key":"FearPotion"},{"floor":46,"key":"DuplicationPotion"},{"floor":54,"key":"SteroidPotion"}],"is_trial":false,"path_per_floor":["M","?","?","?","M","R","M","R","T","M","M","R","M","$","R","B",null,"M","M","M","?","?","$","R","E","T","M","?","$","M","E","R","B",null,"M","M","?","M","?","E","$","R","T","R","?","M","M","E","R","B",null,"R","$","E","B",null],"character_chosen":"IRONCLAD","items_purchased":["AT_MibuBalloonWealth","Armaments","Paper Frog","Lizard Tail","AT_BodySlamDance","Orichalcum","AT_CaressingTears","Lee\u0027s Waffle","Bag of Marbles","Pen Nib","AT_BreakingExtremeWeapon","AT_SilvercatRing","Champion Belt","Madness"],"campfire_rested":0,"item_purchase_floors":[14,14,23,23,23,29,29,41,41,41,41,53,53,53],"current_hp_per_floor":[72,72,65,65,71,71,72,72,72,72,72,72,72,72,72,72,72,72,72,69,69,69,69,69,59,59,72,72,72,72,72,72,45,72,72,72,72,72,72,55,79,79,79,79,69,71,73,75,75,79,79,79,79,79,50],"gold":186,"neow_bonus":"ONE_RARE_RELIC","is_daily":false,"chose_seed":false,"campfire_upgraded":9,"win_rate":0.0,"timestamp":1613287523,"path_taken":["M","?","?","?","M","R","?","R","T","?","M","R","M","$","R","BOSS","M","M","M","?","?","$","R","E","T","M","?","$","M","E","R","BOSS","M","M","?","M","?","E","$","R","T","R","?","M","M","E","R","BOSS","R","$","E","BOSS"],"items_purchased_type":["Relic","Card","Relic","Relic","Card","Relic","Card","Relic","Relic","Relic","Card","Relic","Relic","Card"],"build_version":"2020-12-22","purchased_purges":3,"victory":true,"max_hp_per_floor":[72,72,72,72,72,72,72,72,72,72,72,72,72,72,72,72,72,72,72,72,72,72,72,72,72,72,72,72,72,72,72,72,72,72,72,72,72,72,72,72,79,79,79,79,79,79,79,79,79,79,79,79,79,79,79],"card_choices":[{"not_picked":["Rupture","AT_IchimonjiDouble"],"picked":"Entrench","floor":1.0},{"not_picked":["Iron Wave","Body Slam"],"picked":"AT_BodySlamDance","floor":5.0},{"not_picked":["Inflame","Combust"],"picked":"Entrench","floor":7.0},{"not_picked":["Pommel Strike","Entrench"],"picked":"Ghostly Armor","floor":10.0},{"not_picked":["Fiend Fire","Entrench"],"picked":"AT_BodySlamDance","floor":11.0},{"not_picked":["Sword Boomerang","Burning Pact","AT_IchimonjiDouble"],"picked":"SKIP","floor":13.0},{"not_picked":["Double Tap","Feed"],"picked":"AT_Dispersion","floor":16.0},{"not_picked":["AT_DiedThrough+1","Anger"],"picked":"Body Slam+1","floor":18.0},{"not_picked":["Twin Strike+1","Power Through"],"picked":"Feel No Pain+1","floor":19.0},{"not_picked":["Havoc","Wild Strike"],"picked":"Iron Wave","floor":20.0},{"not_picked":["Flex","Rupture","True Grit+1"],"picked":"SKIP","floor":25},{"not_picked":["Perfected Strike","Cleave+1"],"picked":"Iron Wave","floor":27},{"not_picked":["Heavy Blade","Cleave","Double Tap"],"picked":"SKIP","floor":30},{"not_picked":["Armaments","Pommel Strike"],"picked":"Dark Embrace+1","floor":31},{"not_picked":["Double Tap","Immolate"],"picked":"Offering","floor":33},{"not_picked":["Flex+1","Heavy Blade+1"],"picked":"AT_ShrugMaster","floor":35},{"not_picked":["Thunderclap+1","True Grit+1","Wild Strike+1"],"picked":"SKIP","floor":36},{"not_picked":["Wild Strike","AT_DrawKnifeCut+1","Headbutt+1"],"picked":"SKIP","floor":38},{"not_picked":["Warcry","Offering"],"picked":"Barricade","floor":40},{"not_picked":["Secret Weapon","Panacea"],"picked":"Finesse","floor":45},{"not_picked":["Mayhem","AT_PowerWithin"],"picked":"Impatience","floor":45},{"not_picked":["Impatience","AT_BreakingExtremeWeapon"],"picked":"Panache","floor":45},{"not_picked":["Intimidate","Heavy Blade+1","Perfected Strike+1"],"picked":"SKIP","floor":46},{"not_picked":["Armaments+1","Rage+1","True Grit"],"picked":"SKIP","floor":47},{"not_picked":["Flex","Shrug It Off+1","Sentinel"],"picked":"SKIP","floor":48},{"not_picked":["Seeing Red","Wild Strike+1","Entrench"],"picked":"SKIP","floor":54}],"player_experience":99817,"relics_obtained":[{"floor":25,"key":"CeramicFish"},{"floor":26,"key":"Blood Vial"},{"floor":31,"key":"StrikeDummy"},{"floor":39,"key":"Ice Cream"},{"floor":40,"key":"Bag of Preparation"},{"floor":43,"key":"AT_SunfireAegis"},{"floor":48,"key":"Anchor"},{"floor":54,"key":"Bottled Tornado"}],"event_choices":[{"cards_removed":["Bash"],"damage_healed":0.0,"max_hp_gain":0.0,"max_hp_loss":0.0,"gold_gain":0.0,"event_name":"The Cleric","player_choice":"Card Removal","floor":2.0,"gold_loss":50.0,"damage_taken":0.0},{"cards_removed":["Strike_R"],"damage_healed":0.0,"max_hp_gain":0.0,"max_hp_loss":0.0,"gold_gain":0.0,"event_name":"Golden Wing","player_choice":"Card Removal","floor":3.0,"gold_loss":0.0,"damage_taken":7.0},{"damage_healed":0.0,"max_hp_gain":0.0,"max_hp_loss":0.0,"gold_gain":0.0,"event_name":"FaceTrader","player_choice":"Trade","floor":4.0,"gold_loss":0.0,"damage_taken":0.0,"relics_obtained":["SsserpentHead"]},{"damage_healed":0,"gold_gain":0,"player_choice":"Ignored","damage_taken":0,"max_hp_gain":0,"max_hp_loss":0,"event_name":"Cursed Tome","floor":21,"gold_loss":0},{"damage_healed":0,"gold_gain":0,"cards_transformed":["Strike_R","Strike_R"],"player_choice":"Became Test Subject","damage_taken":0,"max_hp_gain":0,"max_hp_loss":0,"event_name":"Drug Dealer","floor":22,"gold_loss":0,"cards_obtained":["Armaments","Fiend Fire"]},{"damage_healed":0,"gold_gain":99,"player_choice":"Stole From Cult","damage_taken":0,"max_hp_gain":0,"max_hp_loss":0,"event_name":"Nest","floor":28,"gold_loss":0},{"cards_removed":["Defend_R"],"damage_healed":0,"gold_gain":0,"player_choice":"Removed Skill","damage_taken":0,"max_hp_gain":0,"max_hp_loss":0,"event_name":"Falling","floor":37,"gold_loss":0},{"damage_healed":0,"gold_gain":0,"player_choice":"Fight","damage_taken":0,"max_hp_gain":0,"max_hp_loss":0,"event_name":"MindBloom","floor":39,"gold_loss":0},{"damage_healed":0,"gold_gain":0,"player_choice":"Memory 3","damage_taken":10,"max_hp_gain":0,"max_hp_loss":0,"event_name":"SensoryStone","floor":45,"gold_loss":0}],"is_beta":false,"boss_relics":[{"not_picked":["SacredBark","Ectoplasm"],"picked":"Black Blood"},{"not_picked":["Sozu","Mark of Pain"],"picked":"Coffee Dripper"}],"items_purged_floors":[29,41,53],"is_endless":false,"potions_floor_spawned":[1,10,11,16,19,20,27,30,35,38,46,47,54],"ascension_level":0}}