{"host":"x52zk6e1f2bye2h7","time":1613316910,"event":{"mods":["AchievementEnabler","BaseMod","Highlight Path","Minty Spire (QoL Compilation)","everything is the same but u backflip on backflip"],"gold_per_floor":[367,240,259,259,159,159,178,53,122,122,122,136,169,182,182,278,278,288,275,125,125,215,230,230,55,133,232,232,250,266,66,66,162,162,173,125,135,135,150,150,150,150,150,166,186,286,321,332,332,332,332],"floor_reached":50,"language":"ENG","playtime":1115,"items_purged":["Strike_P","Strike_P","Strike_P","Defend_P","Eruption","Strike_P"],"score":628,"play_id":"44a8a5de-bf4d-484e-a6d4-5756f7ba17b6","local_time":"20210214153510","is_ascension_mode":true,"campfire_choices":[{"data":"Defend_P","floor":6,"key":"SMITH"},{"data":"PathToVictory","floor":11,"key":"SMITH"},{"floor":15,"key":"REST"},{"floor":28,"key":"REST"},{"floor":32,"key":"REST"},{"floor":40,"key":"REST"},{"floor":49,"key":"REST"}],"circlet_count":0,"master_deck":["Defend_P+1","Defend_P+1","Defend_P+1","Vigilance+1","PathToVictory+1","PathToVictory+1"],"relics":["HolyWater","Mark of the Bloom","Blood Vial"],"acts_visited":["Exordium","TheCity","TheBeyond"],"potions_floor_usage":[12,13,18,24,33,45,47,48,50],"damage_taken":[{"damage":0,"enemies":"Cultist","floor":1,"turns":3},{"damage":2,"enemies":"2 Louse","floor":3,"turns":2},{"damage":2,"enemies":"Small Slimes","floor":7,"turns":3},{"damage":0,"enemies":"3 Louse","floor":12,"turns":2},{"damage":15,"enemies":"Gremlin Nob","floor":13,"turns":5},{"damage":0,"enemies":"2 Fungi Beasts","floor":14,"turns":4},{"damage":38,"enemies":"Hexaghost","floor":16,"turns":8},{"damage":7,"enemies":"3 Byrds","floor":18,"turns":4},{"damage":9,"enemies":"2 Thieves","floor":19,"turns":5},{"damage":6,"enemies":"Snecko","floor":23,"turns":5},{"damage":0,"enemies":"Snake Plant","floor":24,"turns":1},{"damage":34,"enemies":"Centurion and Healer","floor":29,"turns":7},{"damage":0,"enemies":"Snecko","floor":30,"turns":3},{"damage":0,"enemies":"Champ","floor":33,"turns":4},{"damage":0,"enemies":"3 Shapes","floor":35,"turns":3},{"damage":2,"enemies":"Orb Walker","floor":37,"turns":2},{"damage":11,"enemies":"Sphere and 2 Shapes","floor":39,"turns":4},{"damage":7,"enemies":"Jaw Worm Horde","floor":44,"turns":3},{"damage":31,"enemies":"4 Shapes","floor":45,"turns":7},{"damage":0,"enemies":"Giant Head","floor":47,"turns":5},{"damage":4,"enemies":"Spire Growth","floor":48,"turns":3},{"damage":20,"enemies":"Time Eater","floor":50,"turns":3}],"seed_played":"-5584585175399638480","potions_obtained":[{"floor":3,"key":"PowerPotion"},{"floor":13,"key":"SmokeBomb"},{"floor":14,"key":"Explosive Potion"},{"floor":16,"key":"CultistPotion"},{"floor":19,"key":"Dexterity Potion"},{"floor":29,"key":"FearPotion"},{"floor":44,"key":"SkillPotion"},{"floor":45,"key":"Swift Potion"},{"floor":47,"key":"Block Potion"}],"is_trial":false,"path_per_floor":["M","$","M","?","$","R","M","$","T","$","R","M","E","M","R","B",null,"M","M","$","?","?","M","M","$","T","?","R","M","M","$","R","B",null,"M","$","M","?","M","R","?","$","T","M","M","?","E","M","R","B"],"character_chosen":"WATCHER","items_purchased":["Explosive Potion","Explosive Potion"],"campfire_rested":5,"item_purchase_floors":[2,36],"current_hp_per_floor":[65,65,63,63,63,63,61,61,61,61,61,61,46,46,65,27,65,58,49,49,49,37,31,31,31,31,31,50,16,16,16,35,35,65,65,65,63,63,52,52,52,52,52,45,14,14,14,10,10,0,0],"gold":332,"neow_bonus":"TWO_FIFTY_GOLD","is_daily":false,"chose_seed":false,"campfire_upgraded":2,"win_rate":0.0,"timestamp":1613316910,"path_taken":["M","$","M","?","?","R","M","$","T","$","R","?","E","M","R","BOSS","M","M","$","?","?","M","?","$","T","?","R","M","M","$","R","BOSS","M","$","M","?","M","R","?","$","T","M","M","?","E","?","R","BOSS"],"items_purchased_type":["Potion","Potion"],"build_version":"2020-12-22","purchased_purges":6,"victory":false,"max_hp_per_floor":[65,65,65,65,65,65,65,65,65,65,65,65,65,65,65,65,65,65,65,65,65,65,65,65,65,65,65,65,65,65,65,65,65,65,65,65,65,65,65,65,65,65,65,65,65,65,65,65,65,65,65],"card_choices":[{"not_picked":["JustLucky","TalkToTheHand","WaveOfTheHand"],"picked":"SKIP","floor":1},{"not_picked":["JustLucky","BowlingBash","ThirdEye"],"picked":"SKIP","floor":3},{"not_picked":["Collect","EmptyFist"],"picked":"PathToVictory","floor":7},{"not_picked":["Tantrum","Evaluate","Establishment"],"picked":"SKIP","floor":12},{"not_picked":["BowlingBash","Crescendo","JustLucky"],"picked":"SKIP","floor":13},{"not_picked":["InnerPeace","WreathOfFlame","EmptyFist"],"picked":"SKIP","floor":14},{"not_picked":["EmptyFist","Halt+1","BattleHymn"],"picked":"SKIP","floor":18},{"not_picked":["CrushJoints","JustLucky","FlyingSleeves"],"picked":"SKIP","floor":19},{"not_picked":["Devotion","SignatureMove","Indignation+1"],"picked":"SKIP","floor":23},{"not_picked":["ClearTheMind+1","Worship"],"picked":"PathToVictory+1","floor":29},{"not_picked":["Fasting2","JustLucky"],"picked":"PathToVictory","floor":30},{"not_picked":["FollowUp+1","SignatureMove+1","FlurryOfBlows"],"picked":"SKIP","floor":35},{"not_picked":["ClearTheMind","FlurryOfBlows","LikeWater"],"picked":"SKIP","floor":37},{"not_picked":["Evaluate+1","JustLucky","FollowUp"],"picked":"SKIP","floor":39},{"not_picked":["Prostrate","FearNoEvil+1","Adaptation"],"picked":"SKIP","floor":44},{"not_picked":["Prostrate","FearNoEvil+1","Adaptation"],"picked":"SKIP","floor":44},{"not_picked":["FlyingSleeves+1","EmptyFist","Nirvana"],"picked":"SKIP","floor":45},{"not_picked":["Collect","MasterReality","BowlingBash"],"picked":"SKIP","floor":47},{"not_picked":["ClearTheMind+1","CrushJoints","Study"],"picked":"SKIP","floor":48}],"player_experience":120215,"relics_obtained":[{"floor":47,"key":"Blood Vial"}],"event_choices":[{"damage_healed":0,"gold_gain":0,"player_choice":"Upgraded","damage_taken":0,"max_hp_gain":0,"max_hp_loss":0,"event_name":"Upgrade Shrine","floor":4,"gold_loss":0,"cards_upgraded":["Defend_P"]},{"damage_healed":0,"gold_gain":0,"player_choice":"Ignored","damage_taken":0,"max_hp_gain":0,"max_hp_loss":0,"event_name":"Cursed Tome","floor":21,"gold_loss":0},{"damage_healed":0,"gold_gain":90,"player_choice":"GOLD ","damage_taken":12,"max_hp_gain":0,"max_hp_loss":0,"event_name":"Knowing Skull","floor":22,"potions_obtained":[],"gold_loss":0,"cards_obtained":[]},{"damage_healed":0,"gold_gain":99,"player_choice":"Stole From Cult","damage_taken":0,"max_hp_gain":0,"max_hp_loss":0,"event_name":"Nest","floor":27,"gold_loss":0},{"damage_healed":0,"gold_gain":0,"player_choice":"Upgrade","damage_taken":0,"relics_obtained":["Mark of the Bloom"],"max_hp_gain":0,"max_hp_loss":0,"event_name":"MindBloom","floor":38,"gold_loss":0,"cards_upgraded":["Defend_P","Vigilance","PathToVictory"]},{"cards_removed":["PathToVictory"],"damage_healed":0,"gold_gain":0,"player_choice":"Removed Skill","damage_taken":0,"max_hp_gain":0,"max_hp_loss":0,"event_name":"Falling","floor":41,"gold_loss":0},{"damage_healed":0,"gold_gain":100,"player_choice":"Pray","damage_taken":0,"max_hp_gain":0,"max_hp_loss":0,"event_name":"Golden Shrine","floor":46,"gold_loss":0}],"is_beta":false,"boss_relics":[{"not_picked":["SacredBark","Busted Crown","Empty Cage"]},{"not_picked":["SlaversCollar","Black Star"],"picked":"HolyWater"}],"items_purged_floors":[2,5,8,20,25,31],"is_endless":false,"potions_floor_spawned":[3,13,14,16,19,29,39,44,45,47],"killed_by":"Time Eater","ascension_level":1}}