{"host":"i8x3uekhioq8aaet","time":1613291172,"event":{"mods":["AchievementEnabler","BaseMod","Colored Map","Colored Powertips","DeckTracker","Minty Spire (QoL Compilation)","Relic Sorter","StSLib"],"gold_per_floor":[109,109,162,162,178,178,190,190,245,245,278,340,32,46,46,146,196,209,229,429,445,445,445],"floor_reached":22,"language":"ZHT","playtime":757,"items_purged":[],"score":227,"play_id":"58a90e18-4353-42c7-856f-a7325a22cbf9","local_time":"20210214162612","is_ascension_mode":true,"campfire_choices":[{"floor":6.0,"key":"REST"},{"data":"Bouncing Flask","floor":10.0,"key":"SMITH"},{"floor":15.0,"key":"REST"}],"circlet_count":0,"master_deck":["Survivor","Neutralize","Quick Slash","Storm of Steel","Noxious Fumes+1","Bouncing Flask+1","Caltrops","Distraction","Underhanded Strike","Dagger Spray","Escape Plan+1","Escape Plan","Sucker Punch","Cloak And Dagger","Deadly Poison+1","Cloak And Dagger","Infinite Blades","Bane","Venomology","Crippling Poison","Blade Dance","Cloak And Dagger"],"relics":["Pandora\u0027s Box","Strawberry","Shuriken","Ginger","Strange Spoon","Tiny House"],"acts_visited":["Exordium","TheCity"],"potions_floor_usage":[22],"damage_taken":[{"damage":8.0,"enemies":"Small Slimes","floor":1.0,"turns":3.0},{"damage":0.0,"enemies":"2 Louse","floor":5.0,"turns":2.0},{"damage":0.0,"enemies":"Cultist","floor":7.0,"turns":3.0},{"damage":15.0,"enemies":"3 Sentries","floor":11.0,"turns":5.0},{"damage":10.0,"enemies":"Lagavulin Event","floor":12.0,"turns":4.0},{"damage":15.0,"enemies":"Blue Slaver","floor":14.0,"turns":3.0},{"damage":15.0,"enemies":"The Guardian","floor":16.0,"turns":7.0},{"damage":22.0,"enemies":"Shell Parasite","floor":18.0,"turns":4.0},{"damage":26.0,"enemies":"2 Thieves","floor":19.0,"turns":3.0},{"damage":25.0,"enemies":"3 Cultists","floor":21.0,"turns":5.0},{"damage":33,"enemies":"Shelled Parasite and Fungi","floor":22,"turns":3}],"seed_played":"9011848872770722943","potions_obtained":[{"floor":5.0,"key":"Energy Potion"},{"floor":7.0,"key":"Regen Potion"},{"floor":12.0,"key":"DuplicationPotion"},{"floor":14.0,"key":"EssenceOfSteel"},{"floor":17.0,"key":"Block Potion"},{"floor":18.0,"key":"SkillPotion"},{"floor":21.0,"key":"BlessingOfTheForge"}],"is_trial":false,"path_per_floor":["M","?","?","?","M","R","M","?","T","R","E","?","$","M","R","B",null,"M","M","?","M","M"],"character_chosen":"THE_SILENT","items_purchased":["Infinite Blades","Strange Spoon","Regen Potion"],"campfire_rested":2,"item_purchase_floors":[13,13,13],"current_hp_per_floor":[62,48,48,48,48,69,69,74,81,81,66,70,70,55,79,64,87,65,39,39,28,0,0],"gold":445,"neow_bonus":"BOSS_RELIC","is_daily":false,"chose_seed":false,"campfire_upgraded":1,"win_rate":0.0,"timestamp":1613291172,"path_taken":["M","?","?","?","M","R","M","?","T","R","E","?","$","M","R","BOSS","M","M","?","M","?"],"items_purchased_type":["Card","Relic","Potion"],"build_version":"2020-12-22","purchased_purges":0,"victory":false,"max_hp_per_floor":[70,70,70,70,70,70,70,75,82,82,82,82,82,82,82,82,87,87,87,87,87,87,87],"card_choices":[{"not_picked":["Bane","Well Laid Plans"],"picked":"Sucker Punch","floor":1.0},{"not_picked":["Blade Dance","Quick Slash"],"picked":"Cloak And Dagger","floor":5.0},{"not_picked":["Dodge and Roll","Blade Dance"],"picked":"Deadly Poison","floor":7.0},{"not_picked":["Dodge and Roll","Quick Slash","Flying Knee"],"picked":"SKIP","floor":11.0},{"not_picked":["Leg Sweep","Deflect"],"picked":"Cloak And Dagger","floor":12.0},{"not_picked":["Leg Sweep","Malaise"],"picked":"Bane","floor":14.0},{"not_picked":["Tools of the Trade","Night Terror"],"picked":"Venomology","floor":16.0},{"not_picked":["Noxious Fumes","Dash"],"picked":"Crippling Poison","floor":17.0},{"not_picked":["Cloak And Dagger","Blur"],"picked":"Blade Dance","floor":18.0},{"not_picked":["Reflex+1","Noxious Fumes","Flying Knee"],"picked":"SKIP","floor":19.0},{"not_picked":["Crippling Poison","Riddle With Holes"],"picked":"Cloak And Dagger","floor":21.0}],"player_experience":331672,"relics_obtained":[{"floor":9.0,"key":"Strawberry"},{"floor":11.0,"key":"Shuriken"},{"floor":12.0,"key":"Ginger"}],"event_choices":[{"damage_healed":0.0,"max_hp_gain":0.0,"max_hp_loss":0.0,"gold_gain":0.0,"event_name":"Shining Light","player_choice":"Entered Light","floor":2.0,"gold_loss":0.0,"damage_taken":14.0,"cards_upgraded":["Noxious Fumes","Escape Plan"]},{"damage_healed":0.0,"max_hp_gain":0.0,"max_hp_loss":0.0,"gold_gain":53.0,"event_name":"Golden Wing","player_choice":"Gained Gold","floor":3.0,"gold_loss":0.0,"damage_taken":0.0},{"damage_healed":0.0,"max_hp_gain":0.0,"max_hp_loss":0.0,"gold_gain":0.0,"event_name":"Golden Idol","player_choice":"Ignored","floor":4.0,"gold_loss":0.0,"damage_taken":0.0},{"damage_healed":0.0,"max_hp_gain":5.0,"max_hp_loss":0.0,"gold_gain":0.0,"event_name":"Big Fish","player_choice":"Donut","floor":8.0,"gold_loss":0.0,"damage_taken":0.0},{"damage_healed":0.0,"max_hp_gain":0.0,"max_hp_loss":0.0,"gold_gain":0.0,"event_name":"Dead Adventurer","player_choice":"Searched \u00272\u0027 times","floor":12.0,"gold_loss":0.0,"damage_taken":0.0},{"damage_healed":0.0,"max_hp_gain":0.0,"max_hp_loss":0.0,"gold_gain":250.0,"event_name":"The Joust","player_choice":"Bet on Owner","floor":20.0,"gold_loss":50.0,"damage_taken":0.0}],"is_beta":false,"boss_relics":[{"not_picked":["Ectoplasm","Cursed Key"],"picked":"Tiny House"}],"items_purged_floors":[],"is_endless":false,"potions_floor_spawned":[5,7,12,14,18,21],"killed_by":"Shelled Parasite and Fungi","ascension_level":2}}