{"host":"4lch21uqe3ag08cj","time":1613268888,"event":{"mods":["AchievementEnabler","BaseMod","Block Reminder","Colored Map","Colored Powertips","Minty Spire (QoL Compilation)","Permanent Neow","Relic Stats"],"gold_per_floor":[115,128,128,53,53,88,107,107,107],"floor_reached":8,"language":"ENG","playtime":395,"items_purged":["Strike_R"],"score":67,"play_id":"74aa2360-3de0-4721-bb31-01b7a7b6de44","local_time":"20210213231448","is_ascension_mode":true,"campfire_choices":[],"circlet_count":0,"master_deck":["Strike_R","Strike_R","Strike_R","Strike_R","Defend_R","Defend_R","Defend_R","Defend_R","Bash","Reaper","Disarm+1","Clothesline","Disarm"],"relics":["Burning Blood","Pear","InkBottle"],"acts_visited":["Exordium"],"potions_floor_usage":[6],"damage_taken":[{"damage":4,"enemies":"2 Louse","floor":1,"turns":4},{"damage":1,"enemies":"Cultist","floor":2,"turns":3},{"damage":39,"enemies":"Lagavulin","floor":6,"turns":7},{"damage":8,"enemies":"Small Slimes","floor":7,"turns":5},{"damage":63,"enemies":"3 Sentries","floor":8,"turns":10}],"seed_played":"2539085504288770143","potions_obtained":[{"floor":1,"key":"Weak Potion"}],"is_trial":false,"path_per_floor":["M","M","?","$","T","E","M","E"],"character_chosen":"IRONCLAD","items_purchased":[],"campfire_rested":0,"item_purchase_floors":[],"current_hp_per_floor":[72,72,72,72,82,49,51,0,0],"gold":107,"neow_bonus":"THREE_RARE_CARDS","is_daily":false,"chose_seed":false,"campfire_upgraded":0,"win_rate":0.0,"timestamp":1613268888,"path_taken":["M","M","?","$","?","E","M","E"],"items_purchased_type":[],"build_version":"2020-12-22","purchased_purges":1,"victory":false,"max_hp_per_floor":[72,72,72,72,82,82,82,82,82],"relic_stats":{"counters":[5,29],"obtain_stats":[{"Pear":5,"Burning Blood":0,"InkBottle":6},{"Pear":2,"Burning Blood":0,"InkBottle":3},{"Pear":7,"Burning Blood":0,"InkBottle":14}],"Burning Blood":14,"InkBottle":[3]},"card_choices":[{"not_picked":["Immolate","Brutality"],"picked":"Reaper","floor":0},{"not_picked":["Body Slam","Sentinel"],"picked":"Disarm","floor":1},{"not_picked":["Shockwave","Sentinel"],"picked":"Clothesline","floor":2},{"not_picked":["True Grit","Armaments"],"picked":"Disarm","floor":6},{"not_picked":["Anger","Sword Boomerang","Twin Strike"],"picked":"SKIP","floor":7},{"not_picked":["Anger","Sword Boomerang","Twin Strike"],"picked":"SKIP","floor":7}],"player_experience":73815,"relics_obtained":[{"floor":5,"key":"Pear"},{"floor":6,"key":"InkBottle"}],"event_choices":[{"damage_healed":0,"gold_gain":0,"player_choice":"Upgraded","damage_taken":0,"max_hp_gain":0,"max_hp_loss":0,"event_name":"Upgrade Shrine","floor":3,"gold_loss":0,"cards_upgraded":["Disarm"]}],"is_beta":false,"boss_relics":[],"items_purged_floors":[4],"is_endless":false,"potions_floor_spawned":[1],"killed_by":"3 Sentries","ascension_level":4}}