{"host":"Ringo","time":1613321107,"event":{"mods":["BaseMod","Colored Map","Conspire","Dota2Spire","Hubris","Minty Spire (QoL Compilation)","Replay The Spire","StSLib","The Construct","[IsaacMod]ÒÔÈö¼âËþ","¡¾ÒÅÎï¿¨ÅÆ¡¿REMEMod"],"gold_per_floor":[116,129,145,159,259,287,322,355,409,438,471,621,650,685,685,759,759,779,90,135,135,85,170,225,225],"floor_reached":24,"language":"ZHS","playtime":652,"items_purged":["Doubt"],"score":1094,"play_id":"49f1391f-397d-4059-b47e-c6b3cf2acd9e","local_time":"20210215004507","daily_mods":["SealedDeck","Vintage","Red Cards","Blue Cards","Colorless Cards","Heirloom","Time Dilation","Flight","DeadlyEvents","Elite Swarm","Lethality","Binary"],"is_ascension_mode":true,"campfire_choices":[{"data":"REME_Scribble","floor":15.0,"key":"SMITH"}],"circlet_count":0,"master_deck":["AscendersBane","EpicFetus","Coolheaded","Sunder","Blind","Madness","Melter","Dramatic Entrance","Cleave","Sword Boomerang","Thunderclap","Replay:Undeath\u0027s Touch","REME_Scribble+1","Panacea","Poisoned Strike"],"relics":["Burning Blood","Busted Crown","HushsDoor","REME_ComplimentaryCards","replay:Trail_Library","CaptainsWheel","GuppysPaw","Nunchaku","hubris:OldNail","Dota2Spire:BattleFury","hubris:MedicalManual","Bottled Tornado","Sundial","BookOfRevelations","BelialBook","ReplayTheSpireMod:TigerMarble","Dota2Spire:ArmletOfMordiggian","Singing Bowl","Torii","hubris:HollowSoul","ReplayTheSpireMod:Lightbulb","Replay:Bandana","HandDrill","Dota2Spire:ShadowBlade","hubris:ToyBattleship"],"acts_visited":["Exordium","TheCity"],"potions_floor_usage":[],"damage_taken":[{"damage":0.0,"enemies":"Small Slimes","floor":1.0,"turns":3.0},{"damage":0.0,"enemies":"conspire:RoseBush","floor":2.0,"turns":1.0},{"damage":0.0,"enemies":"Cultist","floor":3.0,"turns":2.0},{"damage":0.0,"enemies":"3 Louse","floor":4.0,"turns":1.0},{"damage":0.0,"enemies":"Gremlin Nob","floor":6.0,"turns":2.0},{"damage":0.0,"enemies":"3 Sentries","floor":7.0,"turns":2.0},{"damage":0.0,"enemies":"Replay:BlueRogue","floor":8.0,"turns":2.0},{"damage":0.0,"enemies":"3 Sentries","floor":10.0,"turns":1.0},{"damage":0.0,"enemies":"Gremlin Nob","floor":11.0,"turns":1.0},{"damage":0.0,"enemies":"3 Sentries","floor":13.0,"turns":2.0},{"damage":0.0,"enemies":"Lagavulin","floor":14.0,"turns":2.0},{"damage":0.0,"enemies":"Hexaghost","floor":16.0,"turns":3.0},{"damage":0.0,"enemies":"Shell Parasite","floor":18.0,"turns":2.0},{"damage":0.0,"enemies":"Spheric Guardian","floor":20.0,"turns":2.0},{"damage":0,"enemies":"Replay:Snechameleon","floor":23,"turns":2},{"damage":10,"enemies":"conspire:SneckoGhost","floor":24,"turns":4}],"seed_played":"6022854665003929700","potions_obtained":[{"floor":2.0,"key":"AttackPotion"},{"floor":6.0,"key":"AttackPotion"},{"floor":7.0,"key":"Elixir"},{"floor":10.0,"key":"BlessingOfTheForge"},{"floor":20.0,"key":"SpeedPotion"}],"is_trial":true,"path_per_floor":["M","M","M","M","?","E","E","E","T","E","E","?","E","E","R","B",null,"M","$","M","?","?","E","E"],"character_chosen":"IRONCLAD","items_purchased":["Replay:Bandana","Panacea","Poisoned Strike","HandDrill"],"campfire_rested":0,"item_purchase_floors":[19,19,19,19],"current_hp_per_floor":[60,62,64,66,66,66,68,70,70,70,72,72,74,76,76,64,64,67,67,67,67,67,67,60,60],"gold":225,"neow_bonus":"","is_daily":false,"chose_seed":false,"campfire_upgraded":1,"win_rate":0.0,"timestamp":1613321107,"path_taken":["M","M","M","M","?","E","E","E","T","E","E","?","E","?","R","BOSS","M","$","M","?","?","E","E"],"items_purchased_type":["Relic","Card","Card","Relic"],"build_version":"2020-12-18","purchased_purges":1,"victory":false,"max_hp_per_floor":[60,62,64,66,66,66,68,70,70,70,72,72,74,76,76,64,64,67,67,67,67,67,67,70,70],"card_choices":[{"not_picked":[],"picked":"EpicFetus","floor":0.0}],"player_experience":697162,"relics_obtained":[{"floor":1.0,"key":"Nunchaku"},{"floor":2.0,"key":"hubris:OldNail"},{"floor":3.0,"key":"Dota2Spire:BattleFury"},{"floor":4.0,"key":"hubris:MedicalManual"},{"floor":6.0,"key":"Bottled Tornado"},{"floor":7.0,"key":"Sundial"},{"floor":8.0,"key":"BookOfRevelations"},{"floor":9.0,"key":"BelialBook"},{"floor":10.0,"key":"ReplayTheSpireMod:TigerMarble"},{"floor":11.0,"key":"Dota2Spire:ArmletOfMordiggian"},{"floor":13.0,"key":"Singing Bowl"},{"floor":14.0,"key":"Torii"},{"floor":18.0,"key":"ReplayTheSpireMod:Lightbulb"},{"floor":20.0,"key":"Dota2Spire:ShadowBlade"},{"floor":23,"key":"hubris:ToyBattleship"}],"event_choices":[{"damage_healed":0.0,"max_hp_gain":0.0,"max_hp_loss":0.0,"gold_gain":150.0,"event_name":"Liars Game","player_choice":"AGREE","floor":12.0,"gold_loss":0.0,"damage_taken":0.0,"cards_obtained":["Doubt"]},{"damage_healed":0,"gold_gain":0,"player_choice":"Bet on Murderer","damage_taken":0,"max_hp_gain":0,"max_hp_loss":0,"event_name":"The Joust","floor":22,"gold_loss":50}],"is_beta":true,"boss_relics":[{"not_picked":["conspire:SlowCooker","Kintsugi"],"picked":"hubris:HollowSoul"},{"not_picked":[]}],"items_purged_floors":[19],"is_endless":false,"potions_floor_spawned":[2,6,7,10,14,20],"killed_by":"conspire:SneckoGhost","ascension_level":20}}