{"host":"s509oin3ptw7n5v1","time":1613336852,"event":{"mods":["2.2 Compatiblity","AchievementEnabler","BaseMod","Colored Map","Colored Powertips","Highlight Path","Minty Spire (QoL Compilation)","Rare Cards Sparkle","Relic Stats","Spicy Shops","StSLib"],"gold_per_floor":[115,127,147,147,7,40,40,54,80,80,95,124,143,143,143,239,239,252,252,252,252,269,269,0,0,0,20,20,20],"floor_reached":28,"language":"ENG","playtime":2089,"items_purged":[],"score":357,"play_id":"7c9a14bd-9cb6-402b-a30b-9326fd5138ab","local_time":"20210214160732","is_ascension_mode":true,"campfire_choices":[{"floor":7.0,"key":"REST"},{"data":"White Noise","floor":10.0,"key":"SMITH"},{"floor":15.0,"key":"REST"},{"floor":23.0,"key":"RECALL"},{"floor":25.0,"key":"REST"}],"circlet_count":0,"master_deck":["AscendersBane","Strike_B","Strike_B","Strike_B","Defend_B","Defend_B","Defend_B","Zap","Dualcast","Consume","Streamline","White Noise+1","Defragment","Genetic Algorithm","Buffer","Glacier","Lockon","Hologram","Amplify","Rebound","Seek","Melter","Injury","Redo+1"],"relics":["Cracked Core","Centennial Puzzle","Anchor","Bronze Scales","Cursed Key","Oddly Smooth Stone","Darkstone Periapt"],"acts_visited":["Exordium","TheCity"],"potions_floor_usage":[28],"damage_taken":[{"damage":0.0,"enemies":"Small Slimes","floor":1.0,"turns":3.0},{"damage":1.0,"enemies":"Cultist","floor":2.0,"turns":4.0},{"damage":3.0,"enemies":"Jaw Worm","floor":3.0,"turns":4.0},{"damage":35.0,"enemies":"Lagavulin","floor":6.0,"turns":7.0},{"damage":9.0,"enemies":"Gremlin Gang","floor":8.0,"turns":6.0},{"damage":2.0,"enemies":"3 Louse","floor":11.0,"turns":5.0},{"damage":16.0,"enemies":"3 Sentries","floor":12.0,"turns":9.0},{"damage":10.0,"enemies":"Lots of Slimes","floor":13.0,"turns":4.0},{"damage":10.0,"enemies":"The Guardian","floor":16.0,"turns":14.0},{"damage":10.0,"enemies":"3 Byrds","floor":18.0,"turns":3.0},{"damage":0.0,"enemies":"2 Thieves","floor":20.0,"turns":1.0},{"damage":13.0,"enemies":"Snake Plant","floor":22.0,"turns":3.0},{"damage":14.0,"enemies":"Centurion and Healer","floor":27.0,"turns":6.0},{"damage":70,"enemies":"Gremlin Leader","floor":28,"turns":4}],"seed_played":"-5165836030598295182","potions_obtained":[{"floor":3.0,"key":"LiquidMemories"},{"floor":6.0,"key":"SneckoOil"},{"floor":8.0,"key":"Weak Potion"},{"floor":12.0,"key":"SmokeBomb"},{"floor":16.0,"key":"EssenceOfSteel"},{"floor":18.0,"key":"SkillPotion"},{"floor":27.0,"key":"Strength Potion"}],"is_trial":false,"path_per_floor":["M","M","M","?","$","E","R","M","T","R","M","E","M","$","R","B",null,"M","?","M","?","M","R","$","R","T","M","E"],"character_chosen":"DEFECT","items_purchased":["Defragment","Centennial Puzzle","Melter","Oddly Smooth Stone"],"campfire_rested":3,"item_purchase_floors":[5,5,24,24],"current_hp_per_floor":[75,74,71,71,71,36,60,51,51,51,49,33,23,23,47,37,71,61,61,61,61,48,48,48,72,72,58,0,0],"gold":20,"neow_bonus":"TEN_PERCENT_HP_BONUS","is_daily":false,"chose_seed":false,"campfire_upgraded":1,"win_rate":0.0,"timestamp":1613336852,"path_taken":["M","M","M","?","$","E","R","M","T","R","?","E","M","?","R","BOSS","M","?","?","?","M","R","$","R","T","M","E"],"items_purchased_type":["Card","Relic","Card","Relic"],"build_version":"2020-12-22","purchased_purges":0,"victory":false,"max_hp_per_floor":[82,82,82,82,82,82,82,82,82,82,82,82,82,82,82,82,82,82,82,82,82,82,82,82,82,82,82,82,82],"relic_stats":{"Darkstone Periapt":0,"Centennial Puzzle":[30],"counters":[14,73],"Bronze Scales":[186],"Cursed Key":1,"obtain_stats":[{"Darkstone Periapt":26,"Centennial Puzzle":5,"Anchor":6,"Bronze Scales":12,"Oddly Smooth Stone":24,"Cracked Core":0,"Cursed Key":17},{"Darkstone Periapt":12,"Centennial Puzzle":3,"Anchor":4,"Bronze Scales":7,"Oddly Smooth Stone":12,"Cracked Core":0,"Cursed Key":9},{"Darkstone Periapt":63,"Centennial Puzzle":11,"Anchor":18,"Bronze Scales":38,"Oddly Smooth Stone":63,"Cracked Core":0,"Cursed Key":56}]},"card_choices":[{"not_picked":["Streamline","Redo"],"picked":"Consume","floor":1.0},{"not_picked":["Scrape","Reprogram"],"picked":"Streamline","floor":2.0},{"not_picked":["Sunder","Gash"],"picked":"White Noise","floor":3.0},{"not_picked":["Barrage","Gash"],"picked":"Genetic Algorithm","floor":6.0},{"not_picked":["Cold Snap","Sweeping Beam"],"picked":"Buffer","floor":8.0},{"not_picked":["Aggregate","Gash"],"picked":"Glacier","floor":11.0},{"not_picked":["Chaos","Glacier"],"picked":"Lockon","floor":12.0},{"not_picked":["Consume","FTL"],"picked":"Hologram","floor":13.0},{"not_picked":["Core Surge","Thunder Strike"],"picked":"Amplify","floor":16.0},{"not_picked":["Gash","Barrage+1","Genetic Algorithm"],"picked":"SKIP","floor":18.0},{"not_picked":["Scrape","Stack","Barrage"],"picked":"SKIP","floor":22.0},{"not_picked":["Ball Lightning+1","Beam Cell"],"picked":"Redo+1","floor":27.0}],"player_experience":1168326,"relics_obtained":[{"floor":6.0,"key":"Anchor"},{"floor":12.0,"key":"Bronze Scales"},{"floor":26.0,"key":"Darkstone Periapt"}],"event_choices":[{"cards_removed":["Strike_B"],"damage_healed":0.0,"max_hp_gain":0.0,"max_hp_loss":0.0,"gold_gain":0.0,"event_name":"Bonfire Elementals","player_choice":"Offered Basic","floor":4.0,"gold_loss":0.0,"damage_taken":0.0},{"damage_healed":0.0,"max_hp_gain":0.0,"max_hp_loss":0.0,"gold_gain":0.0,"cards_transformed":["Defend_B"],"event_name":"Transmorgrifier","player_choice":"Transformed","floor":19.0,"gold_loss":0.0,"damage_taken":0.0,"cards_obtained":["Rebound"]},{"damage_healed":0.0,"max_hp_gain":0.0,"max_hp_loss":0.0,"gold_gain":0.0,"event_name":"Match and Keep!","player_choice":"1 cards matched","floor":21.0,"gold_loss":0.0,"damage_taken":0.0,"cards_obtained":["Seek"]},{"damage_healed":0.0,"max_hp_gain":0.0,"max_hp_loss":0.0,"gold_gain":0.0,"event_name":"Match and Keep!","player_choice":"1 cards matched","floor":21.0,"gold_loss":0.0,"damage_taken":0.0,"cards_obtained":["Seek"]}],"is_beta":false,"boss_relics":[{"not_picked":["FrozenCore","Coffee Dripper"],"picked":"Cursed Key"}],"items_purged_floors":[],"is_endless":false,"potions_floor_spawned":[3,6,8,12,16,18,27],"killed_by":"Gremlin Leader","ascension_level":11}}