{"host":"8f5cu9y0fpol72qs","time":1613290900,"event":{"mods":["AlwaysNeverKeys","BaseMod","Colored Map","Colored Powertips","Curses Come First","Highlight Path","Key Reminder","Minty Spire (QoL Compilation)","StSLib"],"gold_per_floor":[115,129,143,143,58,87,87,115,188,188,188,23,23,62,62,153,153,169,188,188,9,33,66,66,40,40,73,85,97,109,156,168,269,281,307,332,375,387,399,411,447,495,507,563,23,23,39,60,60,60,60,60,32,73,73,73],"floor_reached":55,"language":"ENG","playtime":3859,"items_purged":["Strike_G","Strike_G","Shame"],"score":1546,"play_id":"99fcfd5d-80ca-4053-ab8a-16624253ea49","local_time":"20210214002140","is_ascension_mode":true,"campfire_choices":[{"data":"Noxious Fumes","floor":7.0,"key":"SMITH"},{"data":"Venomology","floor":10.0,"key":"SMITH"},{"data":"Footwork","floor":15,"key":"SMITH"},{"data":"Footwork","floor":24,"key":"SMITH"},{"data":"Malaise","floor":29,"key":"SMITH"},{"floor":32,"key":"DIG"},{"floor":40,"key":"DIG"},{"floor":46,"key":"RECALL"},{"floor":49,"key":"DIG"},{"floor":52,"key":"DIG"}],"circlet_count":0,"master_deck":["AscendersBane","Strike_G","Defend_G","Defend_G","Defend_G","Defend_G","Defend_G","Survivor","Neutralize","Venomology+1","Noxious Fumes+1","Backstab+1","Adrenaline","Dagger Spray+1","Glass Knife","Footwork+1","Blade Dance","Malaise+1","Deflect","Catalyst","Footwork+1","Slice+1","Dodge and Roll","Envenom+1","Wraith Form v2+1","PiercingWail+1"],"relics":["Ring of the Snake","Dead Branch","Whetstone","Pear","Golden Idol","Toy Ornithopter","Cursed Key","Bottled Tornado","MawBank","Shovel","Frozen Egg 2","Busted Crown","The Specimen","Ornamental Fan","Snake Skull","Strawberry","Toxic Egg 2","Boot","Sundial","Art of War"],"acts_visited":["Exordium","TheCity","TheBeyond","TheEnding"],"potions_floor_usage":[14,16,18,19,22,23,23,27,31,31,33,35,35,37,37,41,42,44,44,47,48,48,54,54,55],"damage_taken":[{"damage":0.0,"enemies":"2 Louse","floor":1.0,"turns":4.0},{"damage":1.0,"enemies":"Small Slimes","floor":2.0,"turns":4.0},{"damage":0.0,"enemies":"Jaw Worm","floor":3.0,"turns":1.0},{"damage":30.0,"enemies":"Gremlin Nob","floor":6.0,"turns":4.0},{"damage":7.0,"enemies":"3 Sentries","floor":8.0,"turns":5.0},{"damage":7,"enemies":"Lagavulin","floor":14,"turns":6},{"damage":0,"enemies":"The Guardian","floor":16,"turns":6},{"damage":0,"enemies":"Chosen","floor":18,"turns":3},{"damage":6,"enemies":"Shell Parasite","floor":19,"turns":5},{"damage":7,"enemies":"Snecko","floor":22,"turns":6},{"damage":10,"enemies":"Slavers","floor":23,"turns":5},{"damage":12,"enemies":"Book of Stabbing","floor":27,"turns":6},{"damage":6,"enemies":"Slavers","floor":31,"turns":5},{"damage":2,"enemies":"Champ","floor":33,"turns":15},{"damage":22,"enemies":"3 Darklings","floor":35,"turns":6},{"damage":0,"enemies":"3 Shapes","floor":36,"turns":5},{"damage":0,"enemies":"Mind Bloom Boss Battle","floor":37,"turns":3},{"damage":13,"enemies":"Spire Growth","floor":41,"turns":6},{"damage":7,"enemies":"Nemesis","floor":42,"turns":7},{"damage":12,"enemies":"Reptomancer","floor":44,"turns":5},{"damage":1,"enemies":"3 Darklings","floor":47,"turns":5},{"damage":1,"enemies":"Writhing Mass","floor":48,"turns":6},{"damage":19,"enemies":"Awakened One","floor":50,"turns":14},{"damage":63,"enemies":"Shield and Spear","floor":54,"turns":7},{"damage":61,"enemies":"The Heart","floor":55,"turns":2}],"seed_played":"1258025489312290012","potions_obtained":[{"floor":1.0,"key":"BlessingOfTheForge"},{"floor":3.0,"key":"Poison Potion"},{"floor":6.0,"key":"Ancient Potion"},{"floor":16,"key":"DuplicationPotion"},{"floor":18,"key":"Dexterity Potion"},{"floor":19,"key":"Energy Potion"},{"floor":31,"key":"PowerPotion"},{"floor":35,"key":"LiquidMemories"},{"floor":37,"key":"Regen Potion"},{"floor":44,"key":"GamblersBrew"}],"is_trial":false,"path_per_floor":["M","M","M","?","$","E","R","E","T","R","?","$","?","E","R","B",null,"M","M","?","$","M","E","R","$","T","E","?","R","T","E","R","B",null,"M","M","?","?","?","R","M","E","T","E","$","R","M","M","R","B",null,"R","$","E","B"],"character_chosen":"THE_SILENT","items_purchased":["Adrenaline","Footwork","Footwork","Dodge and Roll","Toxic Egg 2","Wraith Form v2+1","PiercingWail+1"],"campfire_rested":0,"item_purchase_floors":[5,12,21,25,45,45,53],"current_hp_per_floor":[59,58,58,58,58,28,28,21,31,31,31,31,24,17,17,22,57,62,61,69,69,63,63,63,63,63,56,56,56,56,60,60,63,68,56,56,66,66,66,66,56,68,68,64,64,64,68,75,75,56,71,71,71,13,0,0],"gold":73,"neow_bonus":"ONE_RANDOM_RARE_CARD","is_daily":false,"chose_seed":false,"campfire_upgraded":5,"win_rate":0.0,"timestamp":1613290900,"path_taken":["M","M","M","?","$","E","R","E","T","R","?","$","?","E","R","BOSS","M","M","?","?","M","E","R","$","T","E","?","R","?","E","R","BOSS","M","M","?","?","?","R","?","E","T","E","$","R","M","M","R","BOSS","R","$","E","BOSS"],"items_purchased_type":["Card","Card","Card","Card","Relic","Card","Card"],"build_version":"2020-12-22","purchased_purges":3,"victory":false,"max_hp_per_floor":[66,66,66,66,66,66,66,66,76,76,69,69,69,69,69,69,69,69,69,69,69,69,69,69,69,69,69,69,69,69,69,69,69,69,69,69,69,69,69,69,69,69,69,76,76,76,76,76,76,76,76,76,76,76,76,76],"card_choices":[{"not_picked":["Dagger Spray","Expertise"],"picked":"Noxious Fumes","floor":1.0},{"not_picked":["Masterful Stab","Underhanded Strike"],"picked":"Backstab","floor":2.0},{"not_picked":["Dagger Throw","Reflex"],"picked":"Blade Dance","floor":3.0},{"not_picked":["Dodge and Roll","Infinite Blades"],"picked":"Dagger Spray","floor":6.0},{"not_picked":["Blade Dance","Dodge and Roll"],"picked":"Glass Knife","floor":8.0},{"not_picked":["Reflex","Infinite Blades"],"picked":"Blade Dance","floor":14},{"not_picked":["Venomology","A Thousand Cuts"],"picked":"Malaise","floor":16},{"not_picked":["Backstab","Cloak And Dagger"],"picked":"Deflect","floor":18},{"not_picked":["Crippling Poison","Flechettes+1"],"picked":"Catalyst","floor":19},{"not_picked":["Skewer","Cloak And Dagger"],"picked":"Slice+1","floor":22},{"not_picked":["Acrobatics","Deflect","Slice"],"picked":"SKIP","floor":23},{"not_picked":["Masterful Stab","Glass Knife","Flying Knee"],"picked":"SKIP","floor":27},{"not_picked":["Eviscerate","Dagger Throw","All Out Attack"],"picked":"SKIP","floor":31},{"not_picked":["Corpse Explosion","Grand Finale"],"picked":"Envenom+1","floor":33},{"not_picked":["Dagger Spray"],"picked":"SKIP","floor":35},{"not_picked":["Reflex+1"],"picked":"SKIP","floor":36},{"not_picked":["Acrobatics"],"picked":"SKIP","floor":41},{"not_picked":["Tactician"],"picked":"SKIP","floor":42},{"not_picked":["Backstab"],"picked":"SKIP","floor":44},{"not_picked":["Infinite Blades+1"],"picked":"SKIP","floor":47},{"not_picked":["Quick Slash+1"],"picked":"SKIP","floor":48},{"not_picked":["Deadly Poison+1"],"picked":"SKIP","floor":54}],"player_experience":1078575,"relics_obtained":[{"floor":6.0,"key":"Dead Branch"},{"floor":8.0,"key":"Whetstone"},{"floor":9.0,"key":"Pear"},{"floor":14,"key":"Toy Ornithopter"},{"floor":23,"key":"Bottled Tornado"},{"floor":27,"key":"MawBank"},{"floor":31,"key":"Shovel"},{"floor":32,"key":"Frozen Egg 2"},{"floor":37,"key":"The Specimen"},{"floor":40,"key":"Ornamental Fan"},{"floor":42,"key":"Snake Skull"},{"floor":44,"key":"Strawberry"},{"floor":49,"key":"Boot"},{"floor":52,"key":"Sundial"},{"floor":54,"key":"Art of War"}],"event_choices":[{"cards_removed":["Strike_G"],"damage_healed":0.0,"max_hp_gain":0.0,"max_hp_loss":0.0,"gold_gain":0.0,"event_name":"Living Wall","player_choice":"Forget","floor":4.0,"gold_loss":0.0,"damage_taken":0.0},{"damage_healed":0.0,"max_hp_gain":0.0,"max_hp_loss":7.0,"gold_gain":0.0,"event_name":"Golden Idol","player_choice":"Lose Max HP","floor":11.0,"gold_loss":0.0,"damage_taken":0.0,"relics_obtained":["Golden Idol"]},{"cards_removed":["Strike_G"],"damage_healed":0.0,"max_hp_gain":0.0,"max_hp_loss":0.0,"gold_gain":0.0,"event_name":"Golden Wing","player_choice":"Card Removal","floor":13.0,"gold_loss":0.0,"damage_taken":7.0},{"damage_healed":8,"gold_gain":0,"player_choice":"Full Heal","damage_taken":0,"max_hp_gain":0,"max_hp_loss":0,"event_name":"Wheel of Change","floor":20,"gold_loss":0},{"damage_healed":0,"gold_gain":0,"player_choice":"Ignored","damage_taken":0,"max_hp_gain":0,"max_hp_loss":0,"event_name":"The Mausoleum","floor":28,"gold_loss":0},{"damage_healed":0,"gold_gain":0,"player_choice":"Fight","damage_taken":0,"max_hp_gain":0,"max_hp_loss":0,"event_name":"MindBloom","floor":37,"gold_loss":0},{"cards_removed":["Blade Dance"],"damage_healed":0,"gold_gain":0,"player_choice":"Removed Skill","damage_taken":0,"max_hp_gain":0,"max_hp_loss":0,"event_name":"Falling","floor":38,"gold_loss":0},{"damage_healed":0,"gold_gain":0,"player_choice":"Got Potions","damage_taken":0,"max_hp_gain":0,"max_hp_loss":0,"event_name":"Lab","floor":39,"gold_loss":0}],"is_beta":false,"boss_relics":[{"not_picked":["Philosopher\u0027s Stone","Fusion Hammer"],"picked":"Cursed Key"},{"not_picked":["SlaversCollar","Empty Cage"],"picked":"Busted Crown"}],"items_purged_floors":[12,21,45],"is_endless":false,"potions_floor_spawned":[1,3,6,16,18,19,31,35,36,37,44],"killed_by":"The Heart","ascension_level":17}}