{"host":"52m1o8iwwagurbjs","time":1613266626,"event":{"mods":["AchievementEnabler","BaseMod","Bestiary","Challenge The Spire","Colored Powertips","GifTheSpireLib","Minty Spire (QoL Compilation)","Quick Restart","Relic Stats","StSLib"],"gold_per_floor":[113,127,139,156,174,212,212,243,266,4,15,43,66,77,77,186,186,211,126,137,37,37,78,96,109,136,136,176,192,234,255,255,369,369,387,387,48,77,103,147,147,177,230,255,255,286,296,346,346,346,346],"floor_reached":50,"language":"ENG","playtime":2772,"items_purged":["Strike_B","Strike_B","Strike_B"],"score":987,"play_id":"bfb2e6c7-b059-4d21-9f26-0d8579e1f1d4","local_time":"20210213203705","is_ascension_mode":true,"campfire_choices":[{"floor":7.0,"key":"REST"},{"data":"Electrodynamics","floor":15.0,"key":"SMITH"},{"floor":27.0,"key":"REST"},{"data":"Double Energy","floor":32.0,"key":"SMITH"},{"floor":41.0,"key":"RECALL"},{"data":"Turbo","floor":49.0,"key":"SMITH"}],"circlet_count":0,"master_deck":["Defend_B","Defend_B","Defend_B","Zap","Dualcast","Barrage","Coolheaded","BootSequence","Electrodynamics+1","Ball Lightning","Coolheaded","Reinforced Body","Creative AI","Glacier","Machine Learning","Core Surge","Redo","Turbo+1","Glacier","Double Energy+1","Core Surge","Heatsinks","White Noise+1","Echo Form","Capacitor+1","Loop"],"relics":["Nuclear Battery","CeramicFish","Ice Cream","Ancient Tea Set","DollysMirror","Bag of Marbles","SacredBark","Toy Ornithopter","Dead Branch","Lantern","Oddly Smooth Stone","Question Card","Runic Pyramid","ClockworkSouvenir","Eternal Feather","Orichalcum","Smiling Mask","Gambling Chip"],"acts_visited":["Exordium","TheCity","TheBeyond"],"potions_floor_usage":[],"damage_taken":[{"damage":0.0,"enemies":"Cultist","floor":1.0,"turns":4.0},{"damage":2.0,"enemies":"2 Louse","floor":2.0,"turns":2.0},{"damage":8.0,"enemies":"Small Slimes","floor":3.0,"turns":3.0},{"damage":0.0,"enemies":"Looter","floor":4.0,"turns":3.0},{"damage":0.0,"enemies":"2 Fungi Beasts","floor":5.0,"turns":3.0},{"damage":36.0,"enemies":"Lagavulin","floor":6.0,"turns":8.0},{"damage":4.0,"enemies":"3 Sentries","floor":8.0,"turns":3.0},{"damage":3.0,"enemies":"3 Louse","floor":11.0,"turns":2.0},{"damage":6.0,"enemies":"Gremlin Nob","floor":12.0,"turns":3.0},{"damage":0.0,"enemies":"Lots of Slimes","floor":13.0,"turns":3.0},{"damage":0.0,"enemies":"Large Slime","floor":14.0,"turns":4.0},{"damage":0.0,"enemies":"Slime Boss","floor":16.0,"turns":8.0},{"damage":0.0,"enemies":"Spheric Guardian","floor":18.0,"turns":3.0},{"damage":0.0,"enemies":"3 Byrds","floor":20.0,"turns":4.0},{"damage":38.0,"enemies":"Slavers","floor":23.0,"turns":4.0},{"damage":8.0,"enemies":"Shelled Parasite and Fungi","floor":25.0,"turns":10.0},{"damage":0.0,"enemies":"Gremlin Leader","floor":28.0,"turns":9.0},{"damage":4.0,"enemies":"Cultist and Chosen","floor":29.0,"turns":6.0},{"damage":18.0,"enemies":"Slavers","floor":30.0,"turns":4.0},{"damage":0.0,"enemies":"Snecko","floor":31.0,"turns":6.0},{"damage":0.0,"enemies":"Champ","floor":33.0,"turns":16.0},{"damage":0.0,"enemies":"3 Shapes","floor":35.0,"turns":5.0},{"damage":0.0,"enemies":"Orb Walker","floor":38.0,"turns":4.0},{"damage":0.0,"enemies":"4 Shapes","floor":39.0,"turns":3.0},{"damage":2.0,"enemies":"Nemesis","floor":40.0,"turns":13.0},{"damage":51.0,"enemies":"Reptomancer","floor":42.0,"turns":8.0},{"damage":10.0,"enemies":"3 Darklings","floor":44.0,"turns":5.0},{"damage":0.0,"enemies":"Giant Head","floor":46.0,"turns":10.0},{"damage":7.0,"enemies":"Sphere and 2 Shapes","floor":47.0,"turns":3.0},{"damage":0.0,"enemies":"Mind Bloom Boss Battle","floor":48.0,"turns":8.0},{"damage":49,"enemies":"Awakened One","floor":50,"turns":6}],"seed_played":"-5015753064158248077","potions_obtained":[{"floor":2.0,"key":"Explosive Potion"},{"floor":3.0,"key":"AttackPotion"},{"floor":6.0,"key":"PowerPotion"},{"floor":8.0,"key":"SpeedPotion"},{"floor":12.0,"key":"FocusPotion"},{"floor":16.0,"key":"Explosive Potion"},{"floor":18.0,"key":"ColorlessPotion"},{"floor":23.0,"key":"Energy Potion"},{"floor":30.0,"key":"Explosive Potion"},{"floor":31.0,"key":"EssenceOfSteel"},{"floor":39.0,"key":"BlessingOfTheForge"},{"floor":42.0,"key":"AttackPotion"},{"floor":44.0,"key":"FocusPotion"}],"is_trial":false,"path_per_floor":["M","M","M","M","M","E","R","E","T","$","M","E","M","M","R","B",null,"M","?","M","$","?","E","?","M","T","R","E","M","E","M","R","B",null,"M","?","$","M","M","E","R","E","T","M","?","E","M","?","R","B"],"character_chosen":"DEFECT","items_purchased":["DollysMirror","ColorlessPotion","ClockworkSouvenir","Heatsinks"],"campfire_rested":2,"item_purchase_floors":[10,10,37,37],"current_hp_per_floor":[75,73,65,65,65,29,51,47,47,47,44,38,38,38,38,38,75,75,75,75,75,61,28,28,20,20,44,49,45,32,32,32,37,80,80,80,80,80,80,78,80,29,29,19,70,70,63,68,70,21,21],"gold":346,"neow_bonus":"BOSS_RELIC","is_daily":false,"chose_seed":false,"campfire_upgraded":3,"win_rate":0.0,"timestamp":1613266625,"path_taken":["M","M","?","M","M","E","R","E","T","$","M","E","?","M","R","BOSS","M","?","M","$","?","E","?","M","T","R","E","M","E","M","R","BOSS","M","?","$","M","M","E","R","E","T","M","?","E","M","?","R","BOSS"],"items_purchased_type":["Relic","Potion","Relic","Card"],"build_version":"2020-12-22","purchased_purges":3,"victory":false,"max_hp_per_floor":[75,75,75,75,75,75,75,75,75,75,75,75,75,75,75,75,75,75,75,75,75,80,80,80,80,80,80,80,80,80,80,80,80,80,80,80,80,80,80,80,80,80,80,80,70,70,70,70,70,70,70],"relic_stats":{"counters":[31,173],"CeramicFish":153,"Dead Branch":[76],"Gambling Chip":[3],"Eternal Feather":4,"Orichalcum":[42],"Question Card":11,"Smiling Mask":0,"obtain_stats":[{"Ice Cream":8,"Lantern":26,"CeramicFish":6,"SacredBark":17,"Dead Branch":23,"Oddly Smooth Stone":28,"Eternal Feather":40,"Orichalcum":42,"Ancient Tea Set":9,"Question Card":30,"Smiling Mask":46,"Nuclear Battery":0,"ClockworkSouvenir":37,"DollysMirror":10,"Gambling Chip":48,"Bag of Marbles":12,"Cracked Core":0,"Toy Ornithopter":19,"Runic Pyramid":34},{"Ice Cream":7,"Lantern":16,"CeramicFish":6,"SacredBark":12,"Dead Branch":15,"Oddly Smooth Stone":17,"Eternal Feather":25,"Orichalcum":26,"Ancient Tea Set":7,"Question Card":19,"Smiling Mask":28,"Nuclear Battery":0,"ClockworkSouvenir":22,"DollysMirror":7,"Gambling Chip":30,"Bag of Marbles":9,"Cracked Core":0,"Toy Ornithopter":13,"Runic Pyramid":21},{"Ice Cream":26,"Lantern":67,"CeramicFish":23,"SacredBark":46,"Dead Branch":57,"Oddly Smooth Stone":76,"Eternal Feather":133,"Orichalcum":141,"Ancient Tea Set":26,"Question Card":86,"Smiling Mask":156,"Nuclear Battery":0,"ClockworkSouvenir":113,"DollysMirror":26,"Gambling Chip":167,"Bag of Marbles":31,"Cracked Core":0,"Toy Ornithopter":49,"Runic Pyramid":108}],"Toy Ornithopter":25},"card_choices":[{"not_picked":["Conserve Battery","Darkness"],"picked":"Barrage","floor":1.0},{"not_picked":["Stack","Tempest"],"picked":"Coolheaded","floor":2.0},{"not_picked":["Rip and Tear","Scrape"],"picked":"BootSequence","floor":3.0},{"not_picked":["Cold Snap","Redo"],"picked":"Electrodynamics","floor":4.0},{"not_picked":["Blizzard","Barrage","Beam Cell"],"picked":"SKIP","floor":5.0},{"not_picked":["Stack","Coolheaded"],"picked":"Ball Lightning","floor":6.0},{"not_picked":["Storm","Hologram","Hyperbeam"],"picked":"SKIP","floor":8.0},{"not_picked":["Coolheaded","Streamline","Beam Cell"],"picked":"SKIP","floor":11.0},{"not_picked":["Cold Snap","Hologram","Go for the Eyes"],"picked":"SKIP","floor":12.0},{"not_picked":["Rebound","Coolheaded"],"picked":"Reinforced Body","floor":13.0},{"not_picked":["Coolheaded","Stack","Barrage"],"picked":"SKIP","floor":14.0},{"not_picked":["All For One","Hyperbeam"],"picked":"Creative AI","floor":16.0},{"not_picked":["Conserve Battery","FTL"],"picked":"Glacier","floor":18.0},{"not_picked":["Go for the Eyes","Rebound","Beam Cell"],"picked":"SKIP","floor":20.0},{"not_picked":["Stack","Ball Lightning"],"picked":"Machine Learning","floor":23.0},{"not_picked":["Melter","Chill","Barrage"],"picked":"SKIP","floor":25.0},{"not_picked":["Darkness+1","Steam"],"picked":"Turbo","floor":28.0},{"not_picked":["Force Field","Cold Snap","Go for the Eyes"],"picked":"SKIP","floor":29.0},{"not_picked":["Gash","Conserve Battery"],"picked":"Glacier","floor":30.0},{"not_picked":["Conserve Battery","Doom and Gloom+1","Sunder"],"picked":"Double Energy","floor":31.0},{"not_picked":["Amplify","Machine Learning","All For One"],"picked":"Core Surge","floor":33.0},{"not_picked":["Gash","Auto Shields","Conserve Battery+1","Beam Cell"],"picked":"SKIP","floor":35.0},{"not_picked":["Redo+1","Compile Driver","Ball Lightning"],"picked":"White Noise+1","floor":38.0},{"not_picked":["Ball Lightning+1","Barrage","Coolheaded"],"picked":"Echo Form","floor":39.0},{"not_picked":["Sunder+1","Gash","Stack+1"],"picked":"Capacitor+1","floor":40.0},{"not_picked":["Reprogram","Doom and Gloom+1","Steam+1","Redo+1"],"picked":"SKIP","floor":42.0},{"not_picked":["Rebound","Rip and Tear+1","Ball Lightning+1"],"picked":"Loop","floor":44.0},{"not_picked":["Compile Driver+1","Core Surge","Hologram","Chill"],"picked":"SKIP","floor":46.0},{"not_picked":["Hologram","Sweeping Beam","Steam Power","Rebound"],"picked":"SKIP","floor":47.0}],"player_experience":1350982,"relics_obtained":[{"floor":6.0,"key":"CeramicFish"},{"floor":8.0,"key":"Ice Cream"},{"floor":9.0,"key":"Ancient Tea Set"},{"floor":12.0,"key":"Bag of Marbles"},{"floor":23.0,"key":"Dead Branch"},{"floor":26.0,"key":"Lantern"},{"floor":28.0,"key":"Oddly Smooth Stone"},{"floor":30.0,"key":"Question Card"},{"floor":40.0,"key":"Eternal Feather"},{"floor":42.0,"key":"Orichalcum"},{"floor":46.0,"key":"Smiling Mask"},{"floor":48.0,"key":"Gambling Chip"}],"event_choices":[{"damage_healed":0.0,"max_hp_gain":0.0,"max_hp_loss":0.0,"gold_gain":0.0,"event_name":"Addict","player_choice":"Obtained Relic","floor":19.0,"gold_loss":85.0,"damage_taken":0.0,"relics_obtained":["Toy Ornithopter"]},{"damage_healed":0.0,"max_hp_gain":5.0,"max_hp_loss":0.0,"gold_gain":0.0,"event_name":"Forgotten Altar","player_choice":"Shed Blood","floor":22.0,"gold_loss":0.0,"damage_taken":19.0},{"damage_healed":0.0,"max_hp_gain":0.0,"max_hp_loss":0.0,"gold_gain":0.0,"cards_transformed":["Strike_B","Defend_B"],"event_name":"Drug Dealer","player_choice":"Became Test Subject","floor":24.0,"gold_loss":0.0,"damage_taken":0.0,"cards_obtained":["Core Surge","Redo"]},{"damage_healed":0.0,"max_hp_gain":0.0,"max_hp_loss":0.0,"gold_gain":0.0,"event_name":"Tomb of Lord Red Mask","player_choice":"Ignored","floor":36.0,"gold_loss":0.0,"damage_taken":0.0},{"damage_healed":70.0,"max_hp_gain":0.0,"max_hp_loss":10.0,"gold_gain":0.0,"event_name":"The Moai Head","player_choice":"Heal","floor":45.0,"gold_loss":0.0,"damage_taken":0.0},{"damage_healed":0.0,"max_hp_gain":0.0,"max_hp_loss":0.0,"gold_gain":0.0,"event_name":"MindBloom","player_choice":"Fight","floor":48.0,"gold_loss":0.0,"damage_taken":0.0}],"is_beta":false,"boss_relics":[{"not_picked":["Sozu","Coffee Dripper"],"picked":"SacredBark"},{"not_picked":["Philosopher\u0027s Stone","Pandora\u0027s Box"],"picked":"Runic Pyramid"}],"items_purged_floors":[10,21,37],"is_endless":false,"potions_floor_spawned":[2,3,6,8,12,16,18,23,30,31,39,42,44],"killed_by":"Awakened One","ascension_level":1}}