{"host":"egwexuw5uvnxf11j","time":1613283154,"event":{"mods":["2.2 Compatiblity","Aspiration","BaseMod","Better Note","Better Sensory Stone","Better Third Choice","Displayed Cursed Tome","Downfall","Hermit","Key Reminder","Koishi","Marisa????????","Minty Spire (QoL Compilation)","Quick Restart","Shade Mod","Spicy Shops","StSLib","The Construct","The Cursed","The Runesmith","The Senshi","The Servant 0.9.4","Transform Curses"],"gold_per_floor":[119,137,137,62,77,77,118,133,159,159,173,173,196,276,276,399,399,423,61,61,108,127,127,161,161,161,161,201,201,201],"floor_reached":29,"language":"ENG","playtime":1177,"items_purged":["Injury"],"score":277,"play_id":"1ea6093c-638b-4839-8f0e-33472ca21b2d","local_time":"20210214011234","is_ascension_mode":true,"campfire_choices":[{"floor":6,"key":"REST"},{"floor":10,"key":"REST"},{"floor":15,"key":"REST"},{"floor":27,"key":"REST"}],"circlet_count":0,"master_deck":["Strike_B","Strike_B","Strike_B","Strike_B","Defend_B","Defend_B","Defend_B","Defend_B","Zap","Dualcast","Genetic Algorithm","Doom and Gloom","Conserve Battery","Cold Snap","Melter","Darkness","Ball Lightning","Rainbow","Capacitor+1","Ball Lightning","Glacier","Streamline","Redo","Writhe","Barrage"],"relics":["Cracked Core","Golden Idol","Frozen Egg 2","keyreminder:keyreminder","Tiny Chest","aspiration:MobileForge","aspiration:ChemicalBlood","Art of War","Runesmith:AutoHammer","Bag of Preparation","Omamori","Red Mask"],"acts_visited":["Exordium","TheCity"],"potions_floor_usage":[7,7,16,16,24,24,28,28,29],"damage_taken":[{"damage":9,"enemies":"Jaw Worm","floor":1,"turns":5},{"damage":0,"enemies":"2 Louse","floor":2,"turns":2},{"damage":7,"enemies":"Small Slimes","floor":5,"turns":3},{"damage":23,"enemies":"Lagavulin","floor":7,"turns":4},{"damage":22,"enemies":"3 Louse","floor":8,"turns":2},{"damage":5,"enemies":"Looter","floor":11,"turns":3},{"damage":18,"enemies":"Lots of Slimes","floor":13,"turns":4},{"damage":47,"enemies":"Hexaghost","floor":16,"turns":8},{"damage":7,"enemies":"Chosen","floor":18,"turns":5},{"damage":21,"enemies":"2 Thieves","floor":22,"turns":4},{"damage":46,"enemies":"Slavers","floor":24,"turns":4},{"damage":23,"enemies":"Masked Bandits","floor":28,"turns":3},{"damage":12,"enemies":"3 Cultists","floor":29,"turns":2}],"seed_played":"2869300597315872339","potions_obtained":[{"floor":1,"key":"champ:CounterPotion"},{"floor":2,"key":"FocusPotion"},{"floor":7,"key":"GamblersBrew"},{"floor":11,"key":"bronze:BurnAndBuffPotion"},{"floor":28,"key":"FocusPotion"}],"is_trial":false,"path_per_floor":["M","M","?","$","M","R","E","M","T","R","M","?","M","?","R","B",null,"M","$","?","T","M","R","E","?","T","R","?","M"],"character_chosen":"DEFECT","items_purchased":["aspiration:ChemicalBlood","Art of War","Ball Lightning"],"campfire_rested":4,"item_purchase_floors":[19,19,19],"current_hp_per_floor":[73,73,73,73,66,82,59,37,37,61,56,56,38,38,62,15,82,75,75,75,75,54,54,8,8,8,32,9,0,0],"gold":201,"neow_bonus":"TEN_PERCENT_HP_BONUS","is_daily":false,"chose_seed":false,"campfire_upgraded":0,"win_rate":0.0,"timestamp":1613283154,"path_taken":["M","M","?","$","M","R","E","M","T","R","M","?","M","?","R","BOSS","M","$","?","?","M","R","E","?","T","R","?","M"],"items_purchased_type":["Relic","Relic","Card"],"build_version":"2020-12-22","purchased_purges":1,"victory":false,"max_hp_per_floor":[82,82,82,82,82,82,82,82,82,82,82,82,82,82,82,82,82,82,82,82,82,82,82,82,82,82,82,82,82,82],"card_choices":[{"not_picked":["FTL","Barrage"],"picked":"Genetic Algorithm","floor":1},{"not_picked":["Compile Driver","Sweeping Beam"],"picked":"Doom and Gloom","floor":2},{"not_picked":["Gash","Cold Snap"],"picked":"Conserve Battery","floor":5},{"not_picked":["Barrage","Undo"],"picked":"Cold Snap","floor":7},{"not_picked":["Compile Driver","Capacitor+1"],"picked":"Melter","floor":8},{"not_picked":["Genetic Algorithm","Coolheaded"],"picked":"Darkness","floor":11},{"not_picked":["Sweeping Beam","Meteor Strike"],"picked":"Ball Lightning","floor":13},{"not_picked":["All For One","Seek"],"picked":"Rainbow","floor":16},{"not_picked":["Genetic Algorithm","Go for the Eyes"],"picked":"Capacitor+1","floor":18},{"not_picked":["Stack","Go for the Eyes"],"picked":"Streamline","floor":22},{"not_picked":["Streamline","Scrape+1"],"picked":"Redo","floor":24},{"not_picked":["Ball Lightning","Hello World+1"],"picked":"Barrage","floor":28}],"player_experience":2074539,"relics_obtained":[{"floor":7,"key":"Frozen Egg 2"},{"floor":9,"key":"Tiny Chest"},{"floor":24,"key":"Runesmith:AutoHammer"},{"floor":26,"key":"Omamori"},{"floor":28,"key":"Red Mask"}],"event_choices":[{"damage_healed":0,"gold_gain":0,"player_choice":"Take Wound","damage_taken":0,"relics_obtained":["Golden Idol"],"max_hp_gain":0,"max_hp_loss":0,"event_name":"Golden Idol","floor":3,"gold_loss":0,"cards_obtained":["Injury"]},{"damage_healed":0,"gold_gain":0,"player_choice":"Leave","damage_taken":0,"max_hp_gain":0,"max_hp_loss":0,"event_name":"The Cleric","floor":12,"gold_loss":0},{"damage_healed":0,"gold_gain":80,"player_choice":"Gained Gold","damage_taken":0,"max_hp_gain":0,"max_hp_loss":0,"event_name":"Golden Wing","floor":14,"gold_loss":0},{"damage_healed":0,"gold_gain":0,"player_choice":"Read","damage_taken":0,"max_hp_gain":0,"max_hp_loss":0,"event_name":"The Library","floor":20,"gold_loss":0,"cards_obtained":["Glacier"]},{"damage_healed":0,"gold_gain":0,"player_choice":"Opened","damage_taken":0,"relics_obtained":["Bag of Preparation"],"max_hp_gain":0,"max_hp_loss":0,"event_name":"The Mausoleum","floor":25,"gold_loss":0,"cards_obtained":["Writhe"]},{"damage_healed":0,"gold_gain":0,"player_choice":"Fought Bandits","damage_taken":0,"max_hp_gain":0,"max_hp_loss":0,"event_name":"Masked Bandits","floor":28,"gold_loss":0}],"is_beta":false,"boss_relics":[{"not_picked":["aspiration:RitualDagger","Runesmith:UraniumAnvil"],"picked":"aspiration:MobileForge"}],"items_purged_floors":[4],"is_endless":false,"potions_floor_spawned":[1,2,7,11,28],"killed_by":"3 Cultists","ascension_level":3}}