{"host":"vz6qv7tthcp8jtis","time":1613335271,"event":{"mods":["BaseMod","Block Reminder","Colored Map","Highlight Path","Keyboard Shortcuts","Minty Spire (QoL Compilation)","Relic Stats"],"gold_per_floor":[109,126,126,126,144,144,188,188,188,224,245,288,288,288,288,418,418,436,218,258,168,182,182,182],"floor_reached":23,"language":"ENG","playtime":1144,"items_purged":["Strike_P"],"score":240,"play_id":"c4cd1fcf-ad63-4ad9-a328-878c65144766","local_time":"20210214214111","is_ascension_mode":true,"campfire_choices":[{"data":"Eruption","floor":6,"key":"SMITH"},{"floor":8,"key":"REST"},{"floor":13,"key":"REST"},{"data":"Alpha","floor":15,"key":"SMITH"}],"circlet_count":0,"master_deck":["Strike_P","Strike_P","Defend_P","Defend_P","Defend_P","Eruption+1","Vigilance","Dramatic Entrance","Sanctity+1","Alpha+1","EmptyFist","FollowUp","FearNoEvil","DeceiveReality","Wish","LikeWater","Meditate+1"],"relics":["HolyWater","Golden Idol","Blue Candle","The Courier","Mercury Hourglass","Pear","Blood Vial","Membership Card"],"acts_visited":["Exordium","TheCity"],"potions_floor_usage":[7,12,23],"damage_taken":[{"damage":0,"enemies":"Small Slimes","floor":1,"turns":2},{"damage":0,"enemies":"2 Louse","floor":2,"turns":2},{"damage":2,"enemies":"Jaw Worm","floor":5,"turns":2},{"damage":20,"enemies":"Gremlin Nob","floor":7,"turns":4},{"damage":19,"enemies":"3 Sentries","floor":10,"turns":6},{"damage":0,"enemies":"Gremlin Gang","floor":11,"turns":2},{"damage":26,"enemies":"Lagavulin","floor":12,"turns":6},{"damage":19,"enemies":"Hexaghost","floor":16,"turns":6},{"damage":21,"enemies":"Shell Parasite","floor":18,"turns":4},{"damage":16,"enemies":"Spheric Guardian","floor":20,"turns":5},{"damage":6,"enemies":"Centurion and Healer","floor":22,"turns":5},{"damage":47,"enemies":"Gremlin Leader","floor":23,"turns":8}],"seed_played":"6398890899711599751","potions_obtained":[{"floor":2,"key":"SpeedPotion"},{"floor":11,"key":"ColorlessPotion"},{"floor":16,"key":"SteroidPotion"},{"floor":18,"key":"Explosive Potion"}],"is_trial":false,"path_per_floor":["M","M","?","?","M","R","E","R","T","E","M","E","R","T","R","B",null,"M","$","M","?","M","E"],"character_chosen":"WATCHER","items_purchased":["Membership Card","Wish"],"campfire_rested":2,"item_purchase_floors":[19,19],"current_hp_per_floor":[72,72,54,47,45,45,25,46,46,27,27,11,35,35,35,18,82,61,61,47,47,43,0,0],"gold":182,"neow_bonus":"RANDOM_COLORLESS","is_daily":false,"chose_seed":false,"campfire_upgraded":2,"win_rate":0.0,"timestamp":1613335271,"path_taken":["M","M","?","?","M","R","E","R","T","E","M","E","R","?","R","BOSS","M","$","?","?","M","E"],"items_purchased_type":["Relic","Card"],"build_version":"2020-12-22","purchased_purges":1,"victory":false,"max_hp_per_floor":[72,72,72,72,72,72,72,72,72,72,72,82,82,82,82,82,82,82,82,82,82,82,82,82],"relic_stats":{"Blood Vial":8,"counters":[12,51],"Golden Idol":69,"Blue Candle":[0],"obtain_stats":[{"Blood Vial":14,"Pear":12,"Golden Idol":3,"Blue Candle":7,"HolyWater":17,"The Courier":9,"Membership Card":19,"PureWater":0,"Mercury Hourglass":10},{"Blood Vial":7,"Pear":7,"Golden Idol":2,"Blue Candle":4,"HolyWater":8,"The Courier":4,"Membership Card":9,"PureWater":0,"Mercury Hourglass":5},{"Blood Vial":23,"Pear":23,"Golden Idol":4,"Blue Candle":10,"HolyWater":29,"The Courier":10,"Membership Card":33,"PureWater":0,"Mercury Hourglass":16}],"Mercury Hourglass":[107]},"card_choices":[{"not_picked":["Deep Breath","Mind Blast"],"picked":"Dramatic Entrance","floor":0},{"not_picked":["FlyingSleeves","Consecrate"],"picked":"Sanctity","floor":1},{"not_picked":["Halt","Weave"],"picked":"Alpha","floor":2},{"not_picked":["EmptyBody","Worship"],"picked":"EmptyFist","floor":5},{"not_picked":["BowlingBash","EmptyFist","Blasphemy"],"picked":"SKIP","floor":7},{"not_picked":["SignatureMove","CutThroughFate","SashWhip"],"picked":"SKIP","floor":10},{"not_picked":["CutThroughFate","JustLucky"],"picked":"FollowUp","floor":11},{"not_picked":["Crescendo","FlurryOfBlows"],"picked":"FearNoEvil","floor":12},{"not_picked":["Study","FlyingSleeves"],"picked":"DeceiveReality","floor":18},{"not_picked":["DeceiveReality","ClearTheMind"],"picked":"LikeWater","floor":20},{"not_picked":["EmptyMind+1","ReachHeaven+1"],"picked":"Meditate+1","floor":22}],"player_experience":151245,"relics_obtained":[{"floor":7,"key":"Blue Candle"},{"floor":9,"key":"The Courier"},{"floor":10,"key":"Mercury Hourglass"},{"floor":12,"key":"Pear"},{"floor":14,"key":"Blood Vial"}],"event_choices":[{"damage_healed":0,"gold_gain":0,"player_choice":"Take Damage","damage_taken":18,"relics_obtained":["Golden Idol"],"max_hp_gain":0,"max_hp_loss":0,"event_name":"Golden Idol","floor":3,"gold_loss":0},{"cards_removed":["Defend_P"],"damage_healed":0,"gold_gain":0,"player_choice":"Card Removal","damage_taken":7,"max_hp_gain":0,"max_hp_loss":0,"event_name":"Golden Wing","floor":4,"gold_loss":0},{"cards_removed":["Strike_P"],"damage_healed":0,"gold_gain":0,"player_choice":"Upgrade and Remove","damage_taken":0,"max_hp_gain":0,"max_hp_loss":0,"event_name":"Designer","floor":21,"gold_loss":90,"cards_upgraded":["Sanctity"]}],"is_beta":false,"boss_relics":[{"not_picked":["Empty Cage","VioletLotus"],"picked":"HolyWater"}],"items_purged_floors":[19],"is_endless":false,"potions_floor_spawned":[2,11,16,18],"killed_by":"Gremlin Leader","ascension_level":3}}