{"host":"gzsdmyo07u314vug","time":1613322698,"event":{"mods":["2.2 Compatiblity","Astrologer","BaseMod","Colored Powertips","GifTheSpireLib","Gremlin Mod","Hermit","Jorbs\u0027s Wanderer Trilogy","Minty Spire (QoL Compilation)","Quick Restart","Rare Cards Sparkle","Relic Stats","Replay The Spire","Robot Space Explorer","Shop Mod","StSLib","The Bladedancer","The Bug Knight","The Construct","The Cursed","The Elementalist","The Hierophant","The IronCluck","The Marked","The Necromancer","The Runesmith","The Servant 0.9.4","Unceasing Turn Reminder","everything is the same but u backflip on backflip","slay the spire mod where everything is the same but ironclad has a cowboy hat"],"gold_per_floor":[116,41,141,2,2,2,13,39,121,121,137,157,184,33,33,137,137,152,166,186,107,117,117,117,143,221,221,239,250,283,283,283,379,379,399,399,418,97,113,113,126,158,158,158,508,518,551,561,561,561],"floor_reached":51,"language":"ENG","playtime":2388,"items_purged":["Defend_P","Defend_P","Strike_P"],"score":1079,"play_id":"bb934975-9667-4f57-8ffe-7027607b16a7","local_time":"20210214141138","is_ascension_mode":true,"campfire_choices":[{"data":"MentalFortress","floor":6.0,"key":"SMITH"},{"data":"Meditate","floor":10.0,"key":"SMITH"},{"data":"Ragnarok","floor":15.0,"key":"SMITH"},{"data":"Apotheosis","floor":23.0,"key":"SMITH"},{"floor":27.0,"key":"REST"},{"data":"Eruption","floor":32.0,"key":"SMITH"},{"data":"Establishment","floor":40,"key":"SMITH"},{"floor":44,"key":"REST"},{"data":"LikeWater","floor":49,"key":"SMITH"},{"data":"LikeWater","floor":49,"key":"SMITH"}],"circlet_count":0,"master_deck":["Strike_P","Strike_P+1","Defend_P","Defend_P","Eruption+1","Vigilance","MentalFortress+1","Meditate+1","InnerPeace","SashWhip","ThirdEye","Consecrate+1","CutThroughFate","Ragnarok+1","Replay:Hum","Blasphemy","Apotheosis+1","Conclude","FearNoEvil","Establishment+1","Finesse","Vengeance+1","LikeWater+1","LikeWater+1","JustLucky","WreathOfFlame+1"],"relics":["PureWater","NlothsMask","Blue Doll","Odd Mushroom","Black Star","MutagenicStrength","Whetstone","CaptainsWheel","Question Card","Juzu Bracelet","Bird Faced Urn","Pantograph","Runic Pyramid","Replay:Rubber Ducky","Toy Ornithopter","Replay:Mystery Machine","StrikeDummy","Old Coin","Orichalcum","Replay:Arrowhead"],"acts_visited":["Exordium","TheCity","TheBeyond"],"potions_floor_usage":[47,50],"damage_taken":[{"damage":0.0,"enemies":"Cultist","floor":1.0,"turns":3.0},{"damage":0.0,"enemies":"Jaw Worm","floor":7.0,"turns":3.0},{"damage":17.0,"enemies":"Gremlin Nob","floor":8.0,"turns":4.0},{"damage":0.0,"enemies":"Small Slimes","floor":11.0,"turns":4.0},{"damage":0.0,"enemies":"2 Fungi Beasts","floor":12.0,"turns":3.0},{"damage":2.0,"enemies":"The Mushroom Lair","floor":13.0,"turns":3.0},{"damage":0.0,"enemies":"Slime Boss","floor":16.0,"turns":7.0},{"damage":7.0,"enemies":"Shell Parasite","floor":18.0,"turns":3.0},{"damage":0.0,"enemies":"3 Byrds","floor":19.0,"turns":3.0},{"damage":12.0,"enemies":"Centurion and Healer","floor":20.0,"turns":5.0},{"damage":3.0,"enemies":"Cultist and Chosen","floor":22.0,"turns":4.0},{"damage":21.0,"enemies":"Gremlin Leader","floor":25.0,"turns":5.0},{"damage":0.0,"enemies":"Sentry and Sphere","floor":28.0,"turns":3.0},{"damage":0.0,"enemies":"Centurion and Healer","floor":29.0,"turns":3.0},{"damage":9.0,"enemies":"Book of Stabbing","floor":30.0,"turns":3.0},{"damage":37.0,"enemies":"Pondfish","floor":33.0,"turns":7.0},{"damage":26.0,"enemies":"3 Shapes","floor":35.0,"turns":3.0},{"damage":2,"enemies":"Orb Walker","floor":37,"turns":3},{"damage":10,"enemies":"Maw","floor":39,"turns":6},{"damage":44,"enemies":"Transient","floor":41,"turns":5},{"damage":0,"enemies":"Nemesis","floor":42,"turns":3},{"damage":5,"enemies":"Mind Bloom Boss Battle","floor":45,"turns":4},{"damage":0,"enemies":"Sphere and 2 Shapes","floor":46,"turns":3},{"damage":6,"enemies":"Reptomancer","floor":47,"turns":4},{"damage":15,"enemies":"Jaw Worm Horde","floor":48,"turns":2},{"damage":71,"enemies":"Awakened One","floor":50,"turns":12}],"seed_played":"-639801948938274914","potions_obtained":[{"floor":1.0,"key":"SpeedPotion"},{"floor":8.0,"key":"Fire Potion"},{"floor":11.0,"key":"CultistPotion"},{"floor":13.0,"key":"SteroidPotion"},{"floor":18.0,"key":"DuplicationPotion"},{"floor":25.0,"key":"Block Potion"},{"floor":33.0,"key":"FairyPotion"},{"floor":39,"key":"SteroidPotion"},{"floor":41,"key":"SteroidPotion"},{"floor":46,"key":"LiquidMemories"}],"is_trial":false,"path_per_floor":["M","$","?","$","?","R","M","E","T","R","M","M","?","$","R","B",null,"M","M","M","$","M","R","?","E","T","R","M","M","E","T","R","B",null,"M","?","M","$","M","R","M","E","T","R","?","M","E","M","R","B",null],"character_chosen":"WATCHER","items_purchased":["Meditate","Ragnarok","Apotheosis","Replay:Rubber Ducky","LikeWater"],"campfire_rested":2,"item_purchase_floors":[4,14,21,38,38],"current_hp_per_floor":[65,65,65,65,65,65,65,48,48,48,48,48,46,46,46,46,66,59,59,47,47,44,44,44,23,23,44,44,44,35,35,35,25,60,36,36,34,34,32,32,21,25,25,46,67,71,66,51,51,10],"gold":561,"neow_bonus":"REMOVE_CARD","is_daily":false,"chose_seed":false,"campfire_upgraded":8,"win_rate":0.0,"timestamp":1613322698,"path_taken":["M","$","?","?","?","R","?","E","T","R","M","M","?","$","R","BOSS","M","M","M","$","M","R","?","E","T","R","M","M","E","?","R","BOSS","M","?","M","$","M","R","M","E","T","R","?","M","E","M","R","BOSS"],"items_purchased_type":["Card","Card","Card","Relic","Card"],"build_version":"2020-12-22","purchased_purges":3,"victory":true,"max_hp_per_floor":[72,72,72,72,72,72,72,72,72,72,72,72,72,72,72,72,72,72,72,72,72,72,72,72,72,72,72,72,72,72,72,72,72,72,72,72,72,72,72,72,72,72,72,72,72,72,72,72,72,72],"relic_stats":{"counters":[26,108],"Bird Faced Urn":[34],"Pantograph":71,"Black Star":4,"Juzu Bracelet":0,"Whetstone":["Consecrate","Strike_P"],"Orichalcum":[6],"Question Card":14,"obtain_stats":[{"Blue Doll":8,"Juzu Bracelet":30,"Whetstone":25,"Odd Mushroom":13,"Replay:Mystery Machine":42,"Orichalcum":47,"Question Card":26,"Replay:Arrowhead":47,"Replay:Rubber Ducky":38,"Old Coin":45,"CaptainsWheel":25,"MutagenicStrength":24,"Bird Faced Urn":30,"Pantograph":31,"Black Star":17,"PureWater":0,"StrikeDummy":43,"Toy Ornithopter":42,"NlothsMask":5,"Runic Pyramid":34},{"Blue Doll":3,"Juzu Bracelet":15,"Whetstone":12,"Odd Mushroom":6,"Replay:Mystery Machine":21,"Orichalcum":24,"Question Card":12,"Replay:Arrowhead":24,"Replay:Rubber Ducky":18,"Old Coin":22,"CaptainsWheel":12,"MutagenicStrength":11,"Bird Faced Urn":15,"Pantograph":15,"Black Star":7,"PureWater":0,"StrikeDummy":21,"Toy Ornithopter":21,"NlothsMask":1,"Runic Pyramid":16},{"Blue Doll":10,"Juzu Bracelet":56,"Whetstone":47,"Odd Mushroom":20,"Replay:Mystery Machine":83,"Orichalcum":94,"Question Card":47,"Replay:Arrowhead":94,"Replay:Rubber Ducky":69,"Old Coin":87,"CaptainsWheel":47,"MutagenicStrength":42,"Bird Faced Urn":56,"Pantograph":56,"Black Star":27,"PureWater":0,"StrikeDummy":83,"Toy Ornithopter":83,"NlothsMask":3,"Runic Pyramid":63}],"Toy Ornithopter":5},"card_choices":[{"not_picked":["CarveReality","Crescendo"],"picked":"MentalFortress","floor":1.0},{"not_picked":["EmptyBody","Collect"],"picked":"InnerPeace","floor":7.0},{"not_picked":["ThirdEye","Replay:Vibes"],"picked":"SashWhip","floor":8.0},{"not_picked":["CarveReality","Prostrate"],"picked":"ThirdEye","floor":11.0},{"not_picked":["CutThroughFate","DeceiveReality"],"picked":"Consecrate","floor":12.0},{"not_picked":["Consecrate","CarveReality"],"picked":"CutThroughFate","floor":13.0},{"not_picked":["CrushJoints","SashWhip+1","Replay:AtTheReady"],"picked":"SKIP","floor":18.0},{"not_picked":["CrushJoints","ForeignInfluence"],"picked":"Replay:Hum","floor":19.0},{"not_picked":["ThirdEye","Evaluate+1"],"picked":"Blasphemy","floor":20.0},{"not_picked":["Tantrum","Replay:AtTheReady+1"],"picked":"Conclude","floor":22.0},{"not_picked":["Evaluate","FollowUp","PathToVictory"],"picked":"SKIP","floor":25.0},{"not_picked":["Consecrate","ThirdEye","Evaluate"],"picked":"FearNoEvil","floor":28.0},{"not_picked":["DeusExMachina","ClearTheMind+1","Replay:BluntJabs","EmptyBody"],"picked":"SKIP","floor":29.0},{"not_picked":["Halt+1","Omniscience","Wish","FlyingSleeves"],"picked":"SKIP","floor":30.0},{"not_picked":["Ragnarok","SpiritShield","DevaForm"],"picked":"Establishment","floor":33.0},{"not_picked":["Replay:BluntJabs+1","Collect+1","Fasting2+1","ClearTheMind+1"],"picked":"SKIP","floor":35.0},{"not_picked":["Mayhem","Swift Strike","Replay:Sssssssssshield"],"picked":"Finesse","floor":36.0},{"not_picked":["ThirdEye+1","SashWhip+1","Crescendo+1"],"picked":"Vengeance+1","floor":37},{"not_picked":["Replay:ManipulateFuture","Replay:AtTheReady","Tantrum","SashWhip"],"picked":"SKIP","floor":39},{"not_picked":["Protect","Evaluate+1","Study+1"],"picked":"JustLucky","floor":41},{"not_picked":["Blasphemy","Replay:Cycle","DevaForm"],"picked":"WreathOfFlame+1","floor":42},{"not_picked":["Halt","Protect","SashWhip+1","SignatureMove"],"picked":"SKIP","floor":46},{"not_picked":["FollowUp+1","FearNoEvil","CutThroughFate+1","EmptyFist"],"picked":"SKIP","floor":47},{"not_picked":["LikeWater","FlyingSleeves+1","SashWhip","Evaluate+1"],"picked":"SKIP","floor":48}],"player_experience":880880,"relics_obtained":[{"floor":8.0,"key":"Blue Doll"},{"floor":13.0,"key":"Odd Mushroom"},{"floor":25.0,"key":"Whetstone"},{"floor":25.0,"key":"CaptainsWheel"},{"floor":26.0,"key":"Question Card"},{"floor":30.0,"key":"Juzu Bracelet"},{"floor":30.0,"key":"Bird Faced Urn"},{"floor":31.0,"key":"Pantograph"},{"floor":42,"key":"Toy Ornithopter"},{"floor":42,"key":"Replay:Mystery Machine"},{"floor":43,"key":"StrikeDummy"},{"floor":45,"key":"Old Coin"},{"floor":47,"key":"Orichalcum"},{"floor":47,"key":"Replay:Arrowhead"}],"event_choices":[{"damage_healed":0.0,"max_hp_gain":0.0,"max_hp_loss":0.0,"gold_gain":100.0,"event_name":"Golden Shrine","player_choice":"Pray","floor":3.0,"gold_loss":0.0,"damage_taken":0.0},{"damage_healed":0.0,"max_hp_gain":0.0,"max_hp_loss":0.0,"gold_gain":0.0,"event_name":"FaceTrader","player_choice":"Trade","floor":5.0,"gold_loss":0.0,"damage_taken":0.0,"relics_obtained":["NlothsMask"]},{"damage_healed":0.0,"max_hp_gain":0.0,"max_hp_loss":0.0,"gold_gain":0.0,"event_name":"Mushrooms","player_choice":"Fought Mushrooms","floor":13.0,"gold_loss":0.0,"damage_taken":0.0},{"damage_healed":0.0,"max_hp_gain":0.0,"max_hp_loss":0.0,"gold_gain":0.0,"event_name":"Drug Dealer","player_choice":"Inject Mutagens","floor":24.0,"gold_loss":0.0,"damage_taken":0.0,"relics_obtained":["MutagenicStrength"]},{"damage_healed":0.0,"max_hp_gain":0.0,"max_hp_loss":0.0,"gold_gain":0.0,"event_name":"SensoryStone","player_choice":"Memory 1","floor":36.0,"gold_loss":0.0,"damage_taken":0.0},{"damage_healed":0,"gold_gain":0,"player_choice":"Fight","damage_taken":0,"max_hp_gain":0,"max_hp_loss":0,"event_name":"MindBloom","floor":45,"gold_loss":0}],"is_beta":false,"boss_relics":[{"not_picked":["Tiny House","Snecko Eye"],"picked":"Black Star"},{"not_picked":["Runesmith:UraniumAnvil","Cursed Key"],"picked":"Runic Pyramid"}],"items_purged_floors":[2,4,38],"is_endless":false,"potions_floor_spawned":[1,8,11,13,18,25,28,29,33,39,41,46],"ascension_level":6}}