{"host":"gh98ee7752e7cjcc","time":1613341889,"event":{"mods":["AchievementEnabler","Act Like it!","Arknights","BaseMod","Colored Powertips","Duelist Mod","Infinite Spire","Minty Spire (QoL Compilation)","Quick Restart","Reliquary","Replay The Spire","StSLib","SuperFastMode","The Hierophant"],"gold_per_floor":[142,142,170,170,186,186,186],"floor_reached":6,"language":"ENG","playtime":202,"items_purged":[],"score":36,"play_id":"f6c86388-3a02-4395-8410-b9dc900b8a2a","local_time":"20210214173129","is_ascension_mode":false,"campfire_choices":[],"circlet_count":0,"master_deck":["theDuelist:CosmoBrain+1","theDuelist:Doomdog+1","theDuelist:ExodiaRA+1","theDuelist:GhostrickYeti+1","theDuelist:GoldSarcophagus+1","theDuelist:JiraiGumo+1","theDuelist:NaturiaSunflower+1","theDuelist:PlatinumGadget+1","theDuelist:ReleaseFromStone+1","theDuelist:ReptiliannePoison+3","Regret","theDuelist:TimeWizard","theDuelist:OjamaDuo+1","theDuelist:Geargiauger"],"relics":["theDuelist:MillenniumPuzzle","theDuelist:CardPoolRelic","theDuelist:CardPoolBasicRelic","theDuelist:BoosterPackPoolRelic","theDuelist:CardPoolAddRelic","theDuelist:CardPoolMinusRelic","theDuelist:CardPoolSaveRelic","theDuelist:CardPoolOptionsRelic","infinitespire:Bottled Soul","theDuelist:BoosterPackSpellEgg"],"acts_visited":["Exordium"],"potions_floor_usage":[],"damage_taken":[{"damage":14,"enemies":"Jaw Worm","floor":1,"turns":3},{"damage":26,"enemies":"Cultist","floor":3,"turns":5},{"damage":9,"enemies":"2 Louse","floor":5,"turns":2},{"damage":20,"enemies":"Lagavulin","floor":6,"turns":3}],"seed_played":"6881846095499970623","potions_obtained":[],"is_trial":false,"path_per_floor":["M","?","M","?","M","E"],"character_chosen":"THE_DUELIST","items_purchased":[],"campfire_rested":0,"item_purchase_floors":[],"current_hp_per_floor":[66,54,28,28,19,0,0],"gold":186,"neow_bonus":"RANDOM_EVENT","is_daily":false,"chose_seed":false,"campfire_upgraded":0,"win_rate":0.0,"timestamp":1613341889,"path_taken":["M","?","M","?","?","E"],"items_purchased_type":[],"build_version":"2020-12-22","purchased_purges":0,"victory":false,"max_hp_per_floor":[80,80,80,80,80,80,80],"card_choices":[{"not_picked":["theDuelist:ElectromagneticShield","theDuelist:RockSunrise","theDuelist:MiraculousDescent"],"picked":"theDuelist:TimeWizard","floor":1},{"not_picked":["theDuelist:SpellShatteringArrow+1","theDuelist:AttackTheMoon+1","theDuelist:VampireDesire+1","theDuelist:RockSunrise+1"],"picked":"theDuelist:OjamaDuo+1","floor":3},{"not_picked":["theDuelist:SummonedSkull","theDuelist:SpellShatteringArrow+1","theDuelist:SuperheavyOgre","theDuelist:GearGigant"],"picked":"theDuelist:Geargiauger","floor":5}],"player_experience":178569,"relics_obtained":[],"event_choices":[{"damage_healed":0,"gold_gain":0,"player_choice":"Box","damage_taken":0,"relics_obtained":["infinitespire:Bottled Soul"],"max_hp_gain":0,"max_hp_loss":0,"event_name":"Big Fish","floor":0,"gold_loss":0,"cards_obtained":["Regret"]},{"damage_healed":0,"gold_gain":0,"player_choice":"Success","damage_taken":12,"relics_obtained":["theDuelist:BoosterPackSpellEgg"],"max_hp_gain":0,"max_hp_loss":0,"event_name":"Scrap Ooze","floor":2,"gold_loss":0},{"damage_healed":0,"gold_gain":0,"player_choice":"Leave","duelist":true,"damage_taken":0,"max_hp_gain":0,"max_hp_loss":0,"event_name":"Relic Duplicator","floor":4,"gold_loss":0}],"is_beta":false,"boss_relics":[],"items_purged_floors":[],"is_endless":false,"potions_floor_spawned":[],"killed_by":"Lagavulin","ascension_level":0}}