{"host":"5lhqv34qsybwndcz","time":1613308588,"event":{"mods":["AchievementEnabler","BaseMod","Colored Map","Colored Powertips","Downfall","Minty Spire (QoL Compilation)","Quick Restart","Replay The Spire","StSLib"],"gold_per_floor":[114,189,251,266,441,441,61,72,72,102,134,161,6,6,6,18,18],"floor_reached":16,"language":"ENG","playtime":488,"items_purged":["Doubt"],"score":92,"play_id":"bc305500-7843-45a2-b840-729fe69f5ace","local_time":"20210214151628","is_ascension_mode":false,"campfire_choices":[{"data":"Sucker Punch","floor":6,"key":"SMITH"},{"floor":15,"key":"REST"}],"circlet_count":0,"master_deck":["Strike_G","Strike_G","Strike_G","Strike_G","Strike_G","Defend_G","Defend_G","Defend_G","Defend_G","Defend_G","Survivor","Neutralize","Cloak And Dagger","Quick Slash","Sucker Punch+1","Prepared","Outmaneuver","Flying Knee","Reflex+1","Leg Sweep+1","PiercingWail"],"relics":["Ring of the Snake","Orichalcum","Singing Bowl","Paper Crane","Replay:Bandana","Guide Book"],"acts_visited":["Exordium"],"potions_floor_usage":[],"damage_taken":[{"damage":0,"enemies":"Cultist","floor":1,"turns":4},{"damage":2,"enemies":"Small Slimes","floor":4,"turns":3},{"damage":1,"enemies":"2 Louse","floor":8,"turns":3},{"damage":0,"enemies":"Looter","floor":10,"turns":3},{"damage":0,"enemies":"Exordium Wildlife","floor":11,"turns":3},{"damage":1,"enemies":"Blue Slaver","floor":12,"turns":4},{"damage":27,"enemies":"Slime Boss","floor":16,"turns":9}],"seed_played":"-5161539137583820530","potions_obtained":[{"floor":1,"key":"Adrenaline Potion"},{"floor":8,"key":"LifebloodPotion"},{"floor":11,"key":"Doom Potion"}],"is_trial":false,"path_per_floor":["M","?","?","M","?","R","$","M","T","M","M","M","$","?","R","B"],"character_chosen":"THE_SILENT","items_purchased":["Paper Crane","Outmaneuver","Guide Book"],"campfire_rested":1,"item_purchase_floors":[7,7,13],"current_hp_per_floor":[70,59,59,57,57,57,57,56,56,56,56,55,55,55,70,43,43],"gold":18,"neow_bonus":"RANDOM_COMMON_RELIC","is_daily":false,"chose_seed":false,"campfire_upgraded":1,"win_rate":0.0,"timestamp":1613308588,"path_taken":["M","?","?","M","?","R","$","M","T","M","?","M","$","?","R","BOSS"],"items_purchased_type":["Relic","Card","Relic"],"build_version":"2020-12-22","purchased_purges":1,"victory":false,"max_hp_per_floor":[70,70,70,70,70,70,70,70,70,70,70,70,70,70,70,70,70],"card_choices":[{"not_picked":["Acrobatics","Expertise"],"picked":"Cloak And Dagger","floor":1},{"not_picked":["Poisoned Stab","Sucker Punch"],"picked":"Quick Slash","floor":3},{"not_picked":["Deflect","Crippling Poison"],"picked":"Sucker Punch","floor":3},{"not_picked":["Calculated Gamble","ReplayTheSpireMod:Speed Training"],"picked":"Prepared","floor":4},{"not_picked":["Bouncing Flask","Glass Knife"],"picked":"Flying Knee","floor":8},{"not_picked":["Bane","Endless Agony"],"picked":"Reflex","floor":10},{"not_picked":["Cloak And Dagger","Replay:Poison Smokescreen"],"picked":"Leg Sweep","floor":11},{"not_picked":["Deflect","ReplayTheSpireMod:Tripwire"],"picked":"PiercingWail","floor":12}],"player_experience":70296,"relics_obtained":[{"floor":3,"key":"Singing Bowl"},{"floor":9,"key":"Replay:Bandana"}],"event_choices":[{"damage_healed":0,"gold_gain":75,"player_choice":"Gather Gold","damage_taken":11,"max_hp_gain":0,"max_hp_loss":0,"event_name":"World of Goop","floor":2,"gold_loss":0},{"damage_healed":0,"gold_gain":175,"player_choice":"AGREE","damage_taken":0,"max_hp_gain":0,"max_hp_loss":0,"event_name":"Liars Game","floor":5,"gold_loss":0,"cards_obtained":["Doubt"]},{"damage_healed":0,"gold_gain":0,"player_choice":"Ignored","damage_taken":0,"max_hp_gain":0,"max_hp_loss":0,"event_name":"Golden Wing","floor":14,"gold_loss":0}],"is_beta":false,"boss_relics":[],"items_purged_floors":[7],"is_endless":false,"potions_floor_spawned":[1,8,11],"killed_by":"Slime Boss","ascension_level":0}}