{"host":"rlwsj8oje50c4na7","time":1613320066,"event":{"mods":["2.2 Compatiblity","Act Like it!","Arknights","Aspiration","BaseMod","Beaked The Cultist","Bestiary","Better Altar","Better Match","Better Note","Better Sensory Stone","Better Skull","Better Third Choice","Better Vampires","BetterRewards","Bossed Relics","Colored Map","Colored Powertips","Conspire","Defuse TimeMaze Blight","Energized Spire","Friendly Minions","Gensokyo","GifTheSpireLib","GungeonMod","Halation","Hallownest","Hermit","Highlight Path","Hubris","Infinite Spire","Ironclad Rager","Jedi Mod","JesterMod","Jorbs\u0027s Wanderer Trilogy","Mad Scientist","Minty Spire (QoL Compilation)","Pale of the Ancients","Quick Restart","Random Character Button","Relic Filter","Relic Stats","Reliquary","Reorder Act Four","Replay The Spire","Retaliation","Shop Mod","Spicy Shops","StSLib","Stuff the Spire","The Administrix","The Bladedancer","The Blue Laboratory","The Bug Knight","The Construct","The Cursed","The Exalted","The Hierophant","The IronCluck","The Judge","The Kombatant","The Necromancer","The Runesmith","TheSwordswoman","Waifu the Spire","everything is the same but u backflip on backflip","slay the spire mod where everything is the same but ironclad has a cowboy hat"],"gold_per_floor":[119,194,194,16,32,37,37,68,68,80,5,24,24,24,24,24,24],"floor_reached":16,"language":"ENG","playtime":1397,"items_purged":["Pain"],"score":166,"play_id":"f4975df4-6c32-4482-b504-408f2d94d592","local_time":"20210214182746","is_ascension_mode":true,"campfire_choices":[{"floor":13,"key":"RECALL"},{"data":"MadScienceMod:ShrinkRay","floor":15,"key":"SMITH"}],"circlet_count":0,"master_deck":["MadScienceMod:Strike_MadScience","MadScienceMod:Strike_MadScience","MadScienceMod:Strike_MadScience","MadScienceMod:Defend_MadScience","MadScienceMod:Defend_MadScience","MadScienceMod:Defend_MadScience","MadScienceMod:Defend_MadScience","MadScienceMod:PoweredStrike","MadScienceMod:HideBehindJunk","MadScienceMod:FlammableWall","MadScienceMod:GoldenGun+1","MadScienceMod:Refuel","MadScienceMod:ShrinkRay+1"],"relics":["MadScienceMod:FuelTank","aspiration:Nostalgia","infinitespire:DarkRift","ClockworkSouvenir","hubris:BottledRain","WarpedTongs","DemoMod:ResourcefulSack"],"acts_visited":["Exordium"],"potions_floor_usage":[8,8],"damage_taken":[{"damage":0,"enemies":"Jaw Worm","floor":1,"turns":3},{"damage":4,"enemies":"Small Slimes","floor":5,"turns":5},{"damage":0,"enemies":"3 Sentries","floor":6,"turns":1},{"damage":15,"enemies":"Lagavulin","floor":8,"turns":13},{"damage":5,"enemies":"2 Louse","floor":10,"turns":3},{"damage":0,"enemies":"Red Slaver","floor":12,"turns":3},{"damage":49,"enemies":"Hexaghost","floor":16,"turns":15}],"seed_played":"-2580566501446207987","potions_obtained":[{"floor":1,"key":"Weak Potion"},{"floor":5,"key":"BlessingOfTheForge"},{"floor":6,"key":"MadScienceMod:FuelPotion"}],"is_trial":false,"path_per_floor":["M","?","?","$","M","E","?","E","T","M","$","M","R","$","R","B"],"character_chosen":"MAD_SCIENTIST","items_purchased":["ClockworkSouvenir","MadScienceMod:Refuel"],"campfire_rested":0,"item_purchase_floors":[4,4],"current_hp_per_floor":[75,64,64,64,60,60,60,50,50,45,45,45,45,45,45,0,0],"gold":24,"neow_bonus":"NOSTALGIA","is_daily":false,"chose_seed":false,"campfire_upgraded":1,"win_rate":0.0,"timestamp":1613320066,"path_taken":["M","?","?","$","M","E","?","E","T","?","$","M","R","?","R","BOSS"],"items_purchased_type":["Relic","Card"],"build_version":"2020-12-22","purchased_purges":1,"victory":false,"max_hp_per_floor":[75,75,75,75,75,75,75,75,75,75,75,75,75,75,75,75,75],"relic_stats":{"counters":[7,43],"obtain_stats":[{"MadScienceMod:FuelTank":0,"infinitespire:DarkRift":0,"aspiration:Nostalgia":0,"DemoMod:GlassGuonStoneRelic":1,"DemoMod:ResourcefulSack":8,"ClockworkSouvenir":4,"hubris:BottledRain":6,"WarpedTongs":7},{"MadScienceMod:FuelTank":0,"infinitespire:DarkRift":0,"aspiration:Nostalgia":0,"DemoMod:GlassGuonStoneRelic":1,"DemoMod:ResourcefulSack":4,"ClockworkSouvenir":1,"hubris:BottledRain":3,"WarpedTongs":3},{"MadScienceMod:FuelTank":0,"infinitespire:DarkRift":0,"aspiration:Nostalgia":0,"DemoMod:GlassGuonStoneRelic":3,"DemoMod:ResourcefulSack":22,"ClockworkSouvenir":3,"hubris:BottledRain":9,"WarpedTongs":9}],"WarpedTongs":[32]},"card_choices":[{"not_picked":["MadScienceMod:AntimatterBomb","MadScienceMod:RecyclingStation"],"picked":"MadScienceMod:FlammableWall","floor":1},{"not_picked":["MadScienceMod:MechanicalClaw","MadScienceMod:FlammableWall"],"picked":"MadScienceMod:ShrinkRay","floor":5},{"not_picked":["MadScienceMod:Poke","MadScienceMod:FumeBlast","MadScienceMod:Redesign"],"picked":"SKIP","floor":6},{"not_picked":["MadScienceMod:Postpone","MadScienceMod:EnergyBarrier","MadScienceMod:AutoStrike"],"picked":"SKIP","floor":8},{"not_picked":["MadScienceMod:FlameCannon","MadScienceMod:FragmentationGrenade","MadScienceMod:RadioactiveSword"],"picked":"SKIP","floor":10},{"not_picked":["MadScienceMod:GatherParts","MadScienceMod:FumeBlast","MadScienceMod:FragmentationGrenade"],"picked":"SKIP","floor":12}],"player_experience":1061692,"relics_obtained":[{"floor":6,"key":"hubris:BottledRain"},{"floor":8,"key":"DemoMod:ResourcefulSack"}],"event_choices":[{"damage_healed":0,"gold_gain":75,"player_choice":"Gold","damage_taken":11,"max_hp_gain":0,"max_hp_loss":0,"event_name":"betterThird:BetterGoop","floor":2,"gold_loss":0},{"damage_healed":0,"gold_gain":0,"player_choice":"Rummage","damage_taken":0,"relics_obtained":["WarpedTongs"],"max_hp_gain":0,"max_hp_loss":0,"event_name":"Accursed Blacksmith","floor":7,"gold_loss":0,"cards_obtained":["Pain"]}],"is_beta":false,"boss_relics":[],"items_purged_floors":[11],"is_endless":false,"potions_floor_spawned":[1,5,6],"killed_by":"Hexaghost","ascension_level":1}}