{"host":"zwydedqo0vxtlknl","time":1613296320,"event":{"mods":["BaseMod","Chen","HololiveMod","Marisa????????","Minty Spire (QoL Compilation)","Quick Restart","Reimu??????","Relic Filter","StSLib","Td1madao Mod","The Alterego","Uncapped"],"gold_per_floor":[77,92,92,17,37,65,65,81,107,142,42,42,52,12,12,109,109,125,125,144,19,19,48,8,33,85,97,97,117,152,152,152,248,248,265,313,328,341,361,396,396,198,198,198,217,18,18,35,35,32,32],"floor_reached":50,"language":"ENG","playtime":2646,"items_purged":["Poor:ReiMu","Pain","Shame","Hololive_Strike","Hololive_Trident"],"score":853,"play_id":"ce9c3909-951f-411e-a67a-c72a6729cbbe","local_time":"20210214105200","is_ascension_mode":true,"campfire_choices":[{"data":"Hololive_Drill","floor":12,"key":"SMITH"},{"data":"Hololive_Teleport","floor":15,"key":"SMITH"},{"floor":28,"key":"RECALL"},{"floor":32,"key":"REST"},{"floor":41,"key":"REST"},{"data":"Hololive_DDD","floor":49,"key":"SMITH"}],"circlet_count":0,"master_deck":["Hololive_Strike","Hololive_Defend+1","Hololive_Defend","Hololive_CallMurasakiShion","Hololive_CallAkaiHaato","Hololive_CallMurasakiShion","Hololive_CallShiroganeNoel","Hololive_CallTokoyamiTowa","Hololive_Drill+1","Hololive_Nanodesu","Hololive_CallHimemoriLuna","Hololive_CallHimemoriLuna","Hololive_FlyingPonyTail+1","Hololive_Teleport+1","Hololive_AWSL","Hololive_CallNatsuiroMatsuri","Hololive_CallTokoyamiTowa+1","Hololive_DurableLive","Hololive_ManjiGathering","Hololive_DDD+1","Hololive_ASMR","Hololive_CandyCastle","Hololive_CallHimemoriLuna+1","Hololive_Drill","Hololive_IdolExercise","Hololive_Drill+1","Hololive_Spy+1","Hololive_Teleport+1","Trip","Hololive_CallMurasakiShion","Writhe"],"relics":["Hololive_TheStar","YidongShenshe:ReiMu","Matryoshka","WarpedTongs","White Beast Statue","Prayer Wheel","Strawberry","Philosopher\u0027s Stone","War Paint","Meat on the Bone","ZunR:ReiMu","Orichalcum","Smiling Mask","Unceasing Top","SacredBark","Turnip","PreservedInsect","Sling","Tea:ReiMu","Medical Kit"],"acts_visited":["Exordium","TheCity","TheBeyond"],"potions_floor_usage":[10,16,16,20,20,25,27,29,30,30,33,35,36,38,38,39,40,48,50,50],"damage_taken":[{"damage":0.0,"enemies":"Jaw Worm","floor":1.0,"turns":2.0},{"damage":0.0,"enemies":"2 Louse","floor":2.0,"turns":3.0},{"damage":0,"enemies":"Cultist","floor":5,"turns":3},{"damage":0,"enemies":"Gremlin Nob","floor":6,"turns":3},{"damage":2,"enemies":"Red Slaver","floor":8,"turns":3},{"damage":1,"enemies":"Lagavulin","floor":10,"turns":4},{"damage":0,"enemies":"Looter","floor":13,"turns":2},{"damage":0,"enemies":"Hexaghost","floor":16,"turns":5},{"damage":0,"enemies":"Chosen","floor":18,"turns":4},{"damage":0,"enemies":"3 Byrds","floor":20,"turns":3},{"damage":0,"enemies":"Slavers","floor":23,"turns":4},{"damage":0,"enemies":"Book of Stabbing","floor":25,"turns":3},{"damage":0,"enemies":"Snake Plant","floor":27,"turns":2},{"damage":0,"enemies":"Centurion and Healer","floor":29,"turns":3},{"damage":0,"enemies":"Gremlin Leader","floor":30,"turns":5},{"damage":0,"enemies":"Collector","floor":33,"turns":7},{"damage":0,"enemies":"3 Shapes","floor":35,"turns":4},{"damage":6,"enemies":"2 Orb Walkers","floor":36,"turns":4},{"damage":0,"enemies":"Orb Walker","floor":37,"turns":3},{"damage":0,"enemies":"Spire Growth","floor":38,"turns":3},{"damage":8,"enemies":"Jaw Worm Horde","floor":39,"turns":4},{"damage":19,"enemies":"Nemesis","floor":40,"turns":7},{"damage":0,"enemies":"Transient","floor":45,"turns":5},{"damage":0,"enemies":"Maw","floor":48,"turns":6},{"damage":153,"enemies":"Awakened One","floor":50,"turns":9}],"seed_played":"4728684220436249025","potions_obtained":[{"floor":1.0,"key":"Explosive Potion"},{"floor":8,"key":"SkillPotion"},{"floor":10,"key":"FairyPotion"},{"floor":13,"key":"LiquidBronze"},{"floor":16,"key":"GamblersBrew"},{"floor":18,"key":"ColorlessPotion"},{"floor":20,"key":"Energy Potion"},{"floor":23,"key":"DistilledChaos"},{"floor":25,"key":"EssenceOfSteel"},{"floor":27,"key":"DistilledChaos"},{"floor":29,"key":"DuplicationPotion"},{"floor":30,"key":"Dexterity Potion"},{"floor":33,"key":"GamblersBrew"},{"floor":35,"key":"LiquidMemories"},{"floor":36,"key":"Swift Potion"},{"floor":37,"key":"DistilledChaos"},{"floor":38,"key":"SkillPotion"},{"floor":39,"key":"SkillPotion"},{"floor":40,"key":"PowerPotion"},{"floor":45,"key":"FearPotion"},{"floor":48,"key":"Swift Potion"}],"is_trial":false,"path_per_floor":["M","M","?","$","M","E","?","M","T","E","$","R","M","$","R","B",null,"M","?","M","$","?","E","?","E","T","M","R","M","E","$","R","B",null,"M","?","M","M","M","E","R","$","T","?","M","$","?","M","R","B"],"character_chosen":"Hololive_HololiveCharacter","items_purchased":["Hololive_Teleport","Sling","Medical Kit"],"campfire_rested":2,"item_purchase_floors":[14,42,46],"current_hp_per_floor":[32,32,32,32,32,32,32,30,30,36,36,36,36,36,36,36,48,49,49,50,50,42,43,43,44,44,45,45,46,47,47,60,61,61,62,57,58,59,52,34,54,54,54,54,55,55,68,69,69,0,0],"gold":32,"neow_bonus":"TWENTY_PERCENT_HP_BONUS","is_daily":false,"chose_seed":false,"campfire_upgraded":3,"win_rate":0.0,"timestamp":1613296320,"path_taken":["M","M","?","$","M","E","?","?","T","E","$","R","M","?","R","BOSS","M","?","M","$","?","E","?","E","T","M","R","M","E","$","R","BOSS","M","?","M","M","M","E","R","$","T","?","M","$","?","?","R","BOSS"],"items_purchased_type":["Card","Relic","Relic"],"build_version":"2020-12-22","purchased_purges":5,"victory":false,"max_hp_per_floor":[41,41,41,41,41,41,41,41,41,48,48,48,48,48,48,48,48,49,49,50,50,55,56,56,57,57,58,58,59,60,60,60,61,61,62,63,64,65,66,67,67,67,67,67,68,68,68,69,69,70,70],"card_choices":[{"not_picked":["Hololive_Sequa","Hololive_CallOmaruPolka","Hololive_HuntDinosaur"],"picked":"Hololive_Drill","floor":1.0},{"not_picked":["Hololive_StrengthChampion","Hololive_CallKiryuuCoco","Hololive_CallUruhaRushia"],"picked":"Hololive_Nanodesu","floor":2},{"not_picked":["Hololive_CallRoboco","Hololive_CallTokinoSora","Hololive_CallMoonaHoshinova"],"picked":"Hololive_CallHimemoriLuna","floor":5},{"not_picked":["Hololive_CallArtia","Hololive_Breathe","Hololive_CallSakuraMiko","Hololive_CallHoushouMarine"],"picked":"SKIP","floor":6},{"not_picked":["Hololive_RevenueBasedLive","Hololive_Sequa","Hololive_Drill"],"picked":"Hololive_CallHimemoriLuna","floor":8},{"not_picked":["Hololive_CallMoonaHoshinova","Hololive_CocoNews","Hololive_CallTokinoSora","Hololive_CallUsadaPekora"],"picked":"SKIP","floor":10},{"not_picked":["Hololive_BeCareful","Hololive_CallYukihanaLamy","Hololive_CocoNews"],"picked":"Hololive_FlyingPonyTail","floor":13},{"not_picked":["Hololive_CocoNews","Hololive_LuckPotion","Hololive_Sequa","Hololive_OvertimeWork"],"picked":"SKIP","floor":13},{"not_picked":["Hololive_OpenUp","Hololive_DiamondStrike","Hololive_Thief"],"picked":"Hololive_AWSL","floor":16},{"not_picked":["Hololive_CallYuzukiChoco","Hololive_HuntDinosaur","Hololive_FlyingPonyTail","Hololive_Sequa"],"picked":"SKIP","floor":18},{"not_picked":["Hololive_CallUsadaPekora","Hololive_CallUruhaRushia+1","Hololive_StrengthChampion","Hololive_ILoveYou"],"picked":"SKIP","floor":18},{"not_picked":["Hololive_Psychosis+1","Hololive_Rebound+1","Hololive_LuckPotion"],"picked":"Hololive_CallNatsuiroMatsuri","floor":20},{"not_picked":["Hololive_StrengthChampion+1","Hololive_Psychosis","Hololive_FlyingPonyTail","Hololive_DevilCharm"],"picked":"SKIP","floor":20},{"not_picked":["Hololive_Psychosis","Hololive_CocoNews","Hololive_Breathe+1"],"picked":"Hololive_CallTokoyamiTowa+1","floor":23},{"not_picked":["Hololive_CallSpadeEcho+1","Hololive_CallKiryuuCoco","Hololive_CallAmaneKanata"],"picked":"Hololive_DurableLive","floor":25},{"not_picked":["Hololive_Psychosis","Hololive_Rebound","Hololive_Breathe","Hololive_HuntDinosaur"],"picked":"SKIP","floor":27},{"not_picked":["Hololive_Sequa","Hololive_LuckPotion","Hololive_CocoNews+1","Hololive_WolfAndLamb"],"picked":"SKIP","floor":27},{"not_picked":["Hololive_Trident","Hololive_CallYozoraMel","Hololive_StrengthChampion"],"picked":"Hololive_ManjiGathering","floor":29},{"not_picked":["Hololive_CallCivia+1","Hololive_SoulCatcher","Hololive_CallMomosuzuNene","Hololive_Breathe"],"picked":"SKIP","floor":29},{"not_picked":["Hololive_LuckPotion","Hololive_CallNakiriAyame","Hololive_Drill+1"],"picked":"Hololive_DDD","floor":30},{"not_picked":["Hololive_Nanodesu","Hololive_BeCareful","Hololive_DiamondStrike"],"picked":"Hololive_ASMR","floor":33},{"not_picked":["Hololive_Psychosis","Hololive_CallHoushouMarine","Hololive_OvertimeWork"],"picked":"Hololive_CandyCastle","floor":35},{"not_picked":["Hololive_Breathe","Hololive_RevenueBasedLive+1","Hololive_CallMoonaHoshinova"],"picked":"Hololive_CallHimemoriLuna+1","floor":35},{"not_picked":["Hololive_CallYuzukiChoco","Hololive_CallHoshimachiSuisei+1","Hololive_CallAkaiHaato"],"picked":"Hololive_Drill","floor":36},{"not_picked":["Hololive_CandyCastle","Hololive_CallOmaruPolka+1","Hololive_HuntDinosaur+1"],"picked":"Hololive_IdolExercise","floor":37},{"not_picked":["Hololive_Psychosis","Hololive_CallFriendA","Hololive_CallOmaruPolka+1","Hololive_LuckPotion"],"picked":"SKIP","floor":37},{"not_picked":["Hololive_Sequa+1","Hololive_OvertimeWork+1","Hololive_HuntDinosaur"],"picked":"Hololive_Drill+1","floor":38},{"not_picked":["Hololive_Trident+1","Hololive_OvertimeWork+1","Hololive_RevenueBasedLive","Hololive_Rebound+1"],"picked":"SKIP","floor":38},{"not_picked":["Hololive_FlyingPonyTail+1","Hololive_CallAZKi+1","Hololive_CallHoshimachiSuisei+1"],"picked":"Hololive_Spy+1","floor":39},{"not_picked":["Hololive_BringToTrial+1","Hololive_RevenueBasedLive+1","Hololive_CallHoushouMarine"],"picked":"Hololive_Teleport+1","floor":39},{"not_picked":["Hololive_CallNakiriAyame","Hololive_CocoNews","Hololive_CallUsadaPekora","Hololive_CallArtia+1"],"picked":"SKIP","floor":40},{"not_picked":["PanicButton","Madness","Bandage Up"],"picked":"Trip","floor":44},{"not_picked":["Hololive_CallShiroganeNoel+1","Hololive_Psychosis","Hololive_ILoveYou"],"picked":"Hololive_CallMurasakiShion","floor":45},{"not_picked":["Hololive_HuntDinosaur+1","Hololive_CocoNews","Hololive_Drill","Hololive_FlyingPonyTail"],"picked":"SKIP","floor":45},{"not_picked":["Hololive_CallYuzukiChoco","Hololive_SummonFox","Hololive_CallYukihanaLamy+1","Hololive_FlyingPonyTail+1"],"picked":"SKIP","floor":48},{"not_picked":["Hololive_CallHoshimachiSuisei","Hololive_Breathe","Hololive_FlyingPonyTail","Hololive_CallMurasakiShion"],"picked":"SKIP","floor":48}],"player_experience":1281821,"relics_obtained":[{"floor":6,"key":"Matryoshka"},{"floor":9,"key":"White Beast Statue"},{"floor":9,"key":"Prayer Wheel"},{"floor":10,"key":"Strawberry"},{"floor":23,"key":"Meat on the Bone"},{"floor":25,"key":"Orichalcum"},{"floor":26,"key":"Smiling Mask"},{"floor":30,"key":"Unceasing Top"},{"floor":36,"key":"Turnip"},{"floor":40,"key":"PreservedInsect"},{"floor":43,"key":"Tea:ReiMu"}],"event_choices":[{"damage_healed":0,"gold_gain":0,"player_choice":"Take Tiny Shrine away","damage_taken":0,"relics_obtained":["YidongShenshe:ReiMu"],"max_hp_gain":0,"max_hp_loss":0,"event_name":"yidonshenshe","floor":3,"gold_loss":0,"cards_obtained":["Poor:ReiMu"]},{"damage_healed":0,"gold_gain":0,"player_choice":"Rummage","damage_taken":0,"relics_obtained":["WarpedTongs"],"max_hp_gain":0,"max_hp_loss":0,"event_name":"Accursed Blacksmith","floor":7,"gold_loss":0,"cards_obtained":["Pain"]},{"damage_healed":0,"gold_gain":0,"player_choice":"Stole Relic","damage_taken":0,"relics_obtained":["War Paint"],"max_hp_gain":0,"max_hp_loss":0,"event_name":"Addict","floor":19,"gold_loss":0,"cards_obtained":["Shame"]},{"damage_healed":0,"gold_gain":0,"player_choice":"Shed Blood","damage_taken":13,"max_hp_gain":5,"max_hp_loss":0,"event_name":"Forgotten Altar","floor":22,"gold_loss":0},{"damage_healed":0,"gold_gain":0,"player_choice":"Keep O-miki","damage_taken":0,"relics_obtained":["ZunR:ReiMu"],"max_hp_gain":0,"max_hp_loss":0,"event_name":"ZunEvent","floor":24,"gold_loss":40},{"damage_healed":0,"gold_gain":0,"player_choice":"Fight","damage_taken":0,"max_hp_gain":0,"max_hp_loss":0,"event_name":"Mysterious Sphere","floor":36,"gold_loss":0},{"damage_healed":0,"gold_gain":0,"player_choice":"Memory 1","damage_taken":0,"max_hp_gain":0,"max_hp_loss":0,"event_name":"SensoryStone","floor":44,"gold_loss":0},{"damage_healed":17,"gold_gain":0,"player_choice":"Writhe","damage_taken":0,"max_hp_gain":0,"max_hp_loss":0,"event_name":"Winding Halls","floor":47,"gold_loss":0,"cards_obtained":["Writhe"]}],"is_beta":false,"boss_relics":[{"not_picked":["Pandora\u0027s Box","Hololive_TopUpMoneyS"],"picked":"Philosopher\u0027s Stone"},{"not_picked":["SlaversCollar","Hololive_Finger"],"picked":"SacredBark"}],"items_purged_floors":[4,11,21,42,46],"is_endless":false,"potions_floor_spawned":[1,8,10,13,16,18,20,23,25,27,29,30,33,35,36,37,38,39,40,45,48],"killed_by":"Awakened One","ascension_level":1}}