{"host":"lw59ann91yhh6pk4","time":1613302200,"event":{"mods":["Act Like it!","BaseMod","Colored Map","Colored Powertips","Downfall","Duelist Mod","GifTheSpireLib","Hermit","MarisaÅiñ∂âJÅ@ñÇóùçπÅj","Minty Spire (QoL Compilation)","StSLib","The Animator","The Bug Knight","The Construct","The Cursed","The Disciple","The Hierophant","The Jungle","The Necromancer","The Runesmith","The Servant 0.9.4","slay the spire mod where everything is the same but ironclad has a cowboy hat"],"gold_per_floor":[110,129,204,304,304,336,336,183,254,273,273,548,562,265,265,366,366,378,378,389,23,36,36,36],"floor_reached":23,"language":"ENG","playtime":1898,"items_purged":["downfall:Malfunctioning","Normality","Regret"],"score":208,"play_id":"a333134e-6831-42c7-ab7a-07fc9e3d77ca","local_time":"20210214123000","is_ascension_mode":true,"campfire_choices":[{"data":"TheCursedMod:SmokeScreen","floor":7,"key":"SMITH"},{"data":"TheCursedMod:CleanUpWorkshop","floor":11,"key":"SMITH"},{"data":"TheCursedMod:Obscuration","floor":15,"key":"SMITH"}],"circlet_count":0,"master_deck":["TheCursedMod:Strike_TheCursed","TheCursedMod:Strike_TheCursed","TheCursedMod:Strike_TheCursed","TheCursedMod:Strike_TheCursed","TheCursedMod:Defend_TheCursed","TheCursedMod:Defend_TheCursed","TheCursedMod:Defend_TheCursed","TheCursedMod:Defend_TheCursed","TheCursedMod:CursedWand","TheCursedMod:CleanUpWorkshop+1","TheCursedMod:Dregs","TheCursedMod:SmokeScreen+1","TheCursedMod:ForbiddenAlchemy","TheCursedMod:SurpriseAttack","TheCursedMod:CursedStaff","Shame","TheCursedMod:Obscuration+1","Regret","TheCursedMod:SurpriseAttack","TheCursedMod:ReleasedStrength","TheCursedMod:RapidMovement","TheCursedMod:HellfireBreathing","TheCursedMod:VoidForm","TheCursedMod:RapidMovement","TheCursedMod:BlessingInDisguise+1","TheCursedMod:HellfireBreathing","TheCursedMod:DarkBarrier","TheCursedMod:Evocation"],"relics":["Runic Pyramid","downfall:ExtraCursedKey","InkBottle","Question Card","SacredBark"],"acts_visited":["Exordium","Exordium"],"potions_floor_usage":[6,6,6,6,6,10,13,16,16,16,16,16,16,16,18,18,18,18,18,18,18,20,20,22,23,23,23,23,23,23],"damage_taken":[{"damage":0,"enemies":"2 Louse","floor":1,"turns":3},{"damage":9,"enemies":"Small Slimes","floor":2,"turns":3},{"damage":5,"enemies":"3 Sentries","floor":6,"turns":10},{"damage":6,"enemies":"Cultist","floor":10,"turns":3},{"damage":7,"enemies":"3 Louse","floor":13,"turns":4},{"damage":2,"enemies":"Slime Boss","floor":16,"turns":9},{"damage":26,"enemies":"theJungle:MUSHROOMGANG","floor":18,"turns":6},{"damage":1,"enemies":"theJungle:Flameango_and_Byrd","floor":20,"turns":6},{"damage":24,"enemies":"theJungle:2_Snecko_Cultists","floor":22,"turns":5},{"damage":26,"enemies":"theJungle:Cassacara","floor":23,"turns":14}],"seed_played":"-1288405130255625748","potions_obtained":[{"floor":1,"key":"TheCursedMod:DregsPotion"},{"floor":10,"key":"hexamod:SoulburnPotion"},{"floor":16,"key":"FearPotion"},{"floor":20,"key":"Swift Potion"}],"is_trial":false,"path_per_floor":["M","M","?","?","?","E","R","$","T","M","R","?","M","$","R","B",null,"M","?","M","$","M","E"],"character_chosen":"THE_CURSED","items_purchased":["TheCursedMod:CursedStaff","TheCursedMod:ReleasedStrength","TheCursedMod:RapidMovement","TheCursedMod:HellfireBreathing","TheCursedMod:HellfireBreathing","TheCursedMod:DarkBarrier"],"campfire_rested":0,"item_purchase_floors":[8,14,14,14,21,21],"current_hp_per_floor":[75,66,55,55,75,70,70,70,70,64,64,64,57,57,57,55,75,49,49,48,48,24,0,0],"gold":36,"neow_bonus":"BOSS_RELIC","is_daily":false,"chose_seed":false,"campfire_upgraded":3,"win_rate":0.0,"timestamp":1613302200,"path_taken":["M","M","?","?","?","E","R","$","T","?","R","?","M","?","R","BOSS","M","?","M","$","M","E"],"items_purchased_type":["Card","Card","Card","Card","Card","Card"],"build_version":"2020-12-22","purchased_purges":3,"victory":false,"max_hp_per_floor":[75,75,75,75,75,75,75,75,75,75,75,75,75,75,75,75,75,75,75,75,75,75,75,75],"card_choices":[{"not_picked":["TheCursedMod:SaltUponWound","TheCursedMod:TroublousMinions","TheCursedMod:CircleOfFocus"],"picked":"SKIP","floor":1},{"not_picked":["TheCursedMod:Torture","TheCursedMod:TroublousMinions"],"picked":"TheCursedMod:SmokeScreen","floor":2},{"not_picked":["TheCursedMod:CircleOfBlood","TheCursedMod:CursedArmor"],"picked":"TheCursedMod:SurpriseAttack","floor":6},{"not_picked":["TheCursedMod:CursedBoomerang","TheCursedMod:SpitefulStrike","TheCursedMod:RavingStaff"],"picked":"TheCursedMod:Obscuration","floor":10},{"not_picked":["TheCursedMod:RavingStaff","TheCursedMod:VitalStrike","TheCursedMod:CursedStaff"],"picked":"TheCursedMod:SurpriseAttack","floor":13},{"not_picked":["TheCursedMod:DarkBarrier","TheCursedMod:ShockAndAwe","TheCursedMod:StunningStrike"],"picked":"TheCursedMod:VoidForm","floor":16},{"not_picked":["TheCursedMod:SurpriseAttack","TheCursedMod:CircleOfCorruption+1","TheCursedMod:CursedBlade"],"picked":"TheCursedMod:RapidMovement","floor":18},{"not_picked":["TheCursedMod:CursedMace+1","TheCursedMod:TacticalStrike","TheCursedMod:CursedAmulet"],"picked":"TheCursedMod:BlessingInDisguise+1","floor":20},{"not_picked":["TheCursedMod:RavingStaff+1","TheCursedMod:Torture","TheCursedMod:ManaBullet"],"picked":"TheCursedMod:Evocation","floor":22}],"player_experience":123483,"relics_obtained":[{"floor":6,"key":"InkBottle"},{"floor":9,"key":"Question Card"}],"event_choices":[{"damage_healed":0,"gold_gain":75,"player_choice":"Gather Gold","damage_taken":11,"max_hp_gain":0,"max_hp_loss":0,"event_name":"World of Goop","floor":3,"gold_loss":0},{"damage_healed":20,"gold_gain":0,"player_choice":"Full Heal","damage_taken":0,"max_hp_gain":0,"max_hp_loss":0,"event_name":"Wheel of Change","floor":5,"gold_loss":0},{"damage_healed":0,"gold_gain":275,"player_choice":"Desecrate","damage_taken":0,"max_hp_gain":0,"max_hp_loss":0,"event_name":"Golden Shrine","floor":12,"gold_loss":0,"cards_obtained":["Regret"]}],"is_beta":false,"boss_relics":[{"not_picked":["Ectoplasm","Velvet Choker"],"picked":"SacredBark"}],"items_purged_floors":[8,14,21],"is_endless":false,"potions_floor_spawned":[1,10,16,20],"killed_by":"theJungle:Cassacara","ascension_level":2}}