{"host":"3498uni0c31c9bdm","time":1613332904,"event":{"mods":["BaseMod","Better Match","Better Note","Better Sensory Stone","Better Skull","Better Third Choice","Colored Map","Minty Spire (QoL Compilation)","Quick Restart","RNG Fix","Random Character Button","Replay The Spire","Shop Mod","Smile Girya","StSLib","Unceasing Turn Reminder"],"gold_per_floor":[110,110,161,181,245,272,284,284,311,311,347,12,12,31,31,39,39],"floor_reached":16,"language":"ENG","playtime":528,"items_purged":[],"score":167,"play_id":"368c5642-c409-47c8-bfc3-3dc3cd749ca1","local_time":"20210215070144","is_ascension_mode":true,"campfire_choices":[{"floor":8,"key":"REST"},{"floor":10,"key":"REST"},{"floor":13,"key":"REST"},{"floor":15,"key":"RECALL"}],"circlet_count":0,"master_deck":["AscendersBane","Strike_R","Strike_R","Strike_R","Strike_R","Strike_R","Defend_R","Defend_R","Defend_R+1","Defend_R","Bash","Defend_G+1","Survivor","ReplayTheSpireMod:Necrogeddon","Flex","ReplayTheSpireMod:Splinters","Iron Wave","ReplayTheSpireMod:Limb From Limb","ReplayReversal","Dropkick","Clothesline","Armaments+1","Spot Weakness"],"relics":["Burning Blood","Ornamental Fan","Replay:Bandana","Replay:Bottled Steam","Sling","War Paint"],"acts_visited":["Exordium"],"potions_floor_usage":[6,11,16,16],"damage_taken":[{"damage":5,"enemies":"2 Louse","floor":1,"turns":4},{"damage":3,"enemies":"Small Slimes","floor":4,"turns":4},{"damage":71,"enemies":"Lagavulin","floor":6,"turns":9},{"damage":6,"enemies":"Cultist","floor":7,"turns":5},{"damage":35,"enemies":"Gremlin Nob","floor":11,"turns":5},{"damage":9,"enemies":"Looter","floor":14,"turns":4},{"damage":59,"enemies":"Slime Boss","floor":16,"turns":8}],"seed_played":"-3228845056757582818","potions_obtained":[{"floor":3,"key":"EssenceOfSteel"},{"floor":3,"key":"Fire Potion"},{"floor":7,"key":"Strength Potion"},{"floor":14,"key":"Explosive Potion"}],"is_trial":false,"path_per_floor":["M","?","?","M","?","E","M","R","T","R","E","$","R","M","R","B"],"character_chosen":"IRONCLAD","items_purchased":["Armaments+1","Sling","War Paint"],"campfire_rested":3,"item_purchase_floors":[12,12,12],"current_hp_per_floor":[73,73,73,76,76,11,11,35,35,59,30,30,54,51,51,0,0],"gold":39,"neow_bonus":"RANDOM_COLORLESS_2","is_daily":false,"chose_seed":false,"campfire_upgraded":0,"win_rate":0.0,"timestamp":1613332904,"path_taken":["M","?","?","M","?","E","?","R","T","R","E","?","R","?","R","BOSS"],"items_purchased_type":["Card","Relic","Relic"],"build_version":"2020-12-22","purchased_purges":0,"victory":false,"max_hp_per_floor":[80,80,80,80,80,80,80,80,80,80,80,80,80,80,80,80,80],"card_choices":[{"not_picked":["Chrysalis","HandOfGreed"],"picked":"ReplayTheSpireMod:Necrogeddon","floor":0},{"not_picked":["Heavy Blade","Anger"],"picked":"Flex","floor":1},{"not_picked":["Body Slam","Replay:Undeath\u0027s Touch"],"picked":"Iron Wave","floor":3},{"not_picked":["Body Slam","ReplayTheSpireMod:Corrosion Curse"],"picked":"ReplayTheSpireMod:Limb From Limb","floor":4},{"not_picked":["Run Through","Heavy Blade"],"picked":"ReplayReversal","floor":6},{"not_picked":["Run Through","Anger"],"picked":"Dropkick","floor":7},{"not_picked":["Seeing Red","Twin Strike"],"picked":"Clothesline","floor":11},{"not_picked":["Clothesline","Defy Death"],"picked":"Spot Weakness","floor":14}],"player_experience":906532,"relics_obtained":[{"floor":6,"key":"Ornamental Fan"},{"floor":9,"key":"Replay:Bandana"},{"floor":11,"key":"Replay:Bottled Steam"}],"event_choices":[{"damage_healed":0,"gold_gain":0,"player_choice":"Leave","damage_taken":0,"max_hp_gain":0,"max_hp_loss":0,"event_name":"The Cleric","floor":2,"gold_loss":0},{"damage_healed":0,"gold_gain":64,"player_choice":"Gained Gold","damage_taken":0,"max_hp_gain":0,"max_hp_loss":0,"event_name":"Golden Wing","floor":5,"gold_loss":0}],"is_beta":false,"boss_relics":[],"items_purged_floors":[],"is_endless":false,"potions_floor_spawned":[4,7,14],"killed_by":"Slime Boss","ascension_level":11}}