{"host":"81iaqqr1ryudmr11","time":1613308212,"event":{"mods":["BaseMod","Highlight Path","Minty Spire (QoL Compilation)","Relic Stats"],"gold_per_floor":[118,43,43,7,25,59,74,109,156,156,176,176,176,206,206,310,310,326,336,236,236,269,300,314,314,338,113,143,143,157,157,157,260,260,272,285,299,318,335,335,366,382,409,435,71,71,71,81,81,81,81,81,81,109,109],"floor_reached":56,"language":"ENG","playtime":4026,"items_purged":["Strike_R","Combust","Twin Strike"],"score":1826,"play_id":"d7fe9091-fccc-4661-a4e6-249b93afd1e7","local_time":"20210214141012","is_ascension_mode":true,"campfire_choices":[{"data":"Rampage","floor":10,"key":"SMITH"},{"data":"Battle Trance","floor":12,"key":"SMITH"},{"data":"Bash","floor":15,"key":"SMITH"},{"data":"Rupture","floor":25,"key":"SMITH"},{"data":"Rage","floor":32,"key":"SMITH"},{"floor":40,"key":"REST"},{"floor":49,"key":"RECALL"},{"floor":52,"key":"REST"}],"circlet_count":0,"master_deck":["Bash+1","Cleave","Rampage+1","Battle Trance+1","Offering","Blood for Blood","Shrug It Off","Brutality","Disarm","Iron Wave","Rage+1","Rupture+1","Feed","Rupture","Flame Barrier+1","Battle Trance+1","Deep Breath","Master of Strategy","Fiend Fire"],"relics":["Burning Blood","NeowsBlessing","Darkstone Periapt","Dream Catcher","Bag of Preparation","Orichalcum","Pandora\u0027s Box","Red Mask","MealTicket","Ancient Tea Set","Happy Flower","Letter Opener","Anchor","Fusion Hammer","Calipers","Blood Vial","Lantern","Mercury Hourglass"],"acts_visited":["Exordium","TheCity","TheBeyond","TheEnding"],"potions_floor_usage":[8,14,22,23,23,28,38,42,44,54,55,55],"damage_taken":[{"damage":0,"enemies":"Cultist","floor":1,"turns":1},{"damage":0,"enemies":"Jaw Worm","floor":5,"turns":1},{"damage":0,"enemies":"Lagavulin","floor":6,"turns":1},{"damage":5,"enemies":"Small Slimes","floor":7,"turns":4},{"damage":27,"enemies":"3 Sentries","floor":8,"turns":6},{"damage":8,"enemies":"Blue Slaver","floor":11,"turns":5},{"damage":30,"enemies":"Lagavulin","floor":14,"turns":5},{"damage":21,"enemies":"Hexaghost","floor":16,"turns":8},{"damage":11,"enemies":"Shell Parasite","floor":18,"turns":4},{"damage":2,"enemies":"Spheric Guardian","floor":19,"turns":3},{"damage":17,"enemies":"Masked Bandits","floor":22,"turns":4},{"damage":17,"enemies":"Book of Stabbing","floor":23,"turns":3},{"damage":5,"enemies":"Centurion and Healer","floor":24,"turns":4},{"damage":37,"enemies":"Slavers","floor":28,"turns":3},{"damage":1,"enemies":"Snecko","floor":30,"turns":3},{"damage":40,"enemies":"Automaton","floor":33,"turns":7},{"damage":8,"enemies":"3 Darklings","floor":35,"turns":4},{"damage":8,"enemies":"3 Shapes","floor":36,"turns":3},{"damage":23,"enemies":"3 Darklings","floor":37,"turns":4},{"damage":24,"enemies":"Spire Growth","floor":38,"turns":4},{"damage":10,"enemies":"Transient","floor":39,"turns":5},{"damage":10,"enemies":"Giant Head","floor":41,"turns":5},{"damage":13,"enemies":"Writhing Mass","floor":42,"turns":5},{"damage":10,"enemies":"Reptomancer","floor":44,"turns":6},{"damage":7,"enemies":"Jaw Worm Horde","floor":48,"turns":2},{"damage":11,"enemies":"Awakened One","floor":50,"turns":6},{"damage":10,"enemies":"Shield and Spear","floor":54,"turns":5},{"damage":113,"enemies":"The Heart","floor":55,"turns":8}],"seed_played":"-8542601879059022794","potions_obtained":[{"floor":1,"key":"SneckoOil"},{"floor":3,"key":"BloodPotion"},{"floor":3,"key":"BlessingOfTheForge"},{"floor":8,"key":"BloodPotion"},{"floor":18,"key":"Swift Potion"},{"floor":22,"key":"BlessingOfTheForge"},{"floor":24,"key":"Strength Potion"},{"floor":33,"key":"Swift Potion"},{"floor":38,"key":"Energy Potion"},{"floor":39,"key":"Weak Potion"},{"floor":41,"key":"Weak Potion"},{"floor":42,"key":"SteroidPotion"},{"floor":48,"key":"SpeedPotion"}],"is_trial":false,"path_per_floor":["M","$","?","$","M","E","M","E","T","R","M","R","?","E","R","B",null,"M","M","$","?","?","E","M","R","T","$","E","?","M","?","R","B",null,"M","M","M","M","M","R","E","M","T","E","$","?","?","M","R","B",null,"R","$","E","B",null],"character_chosen":"IRONCLAD","items_purchased":["Rampage","Rupture","Happy Flower","Deep Breath","Lantern"],"campfire_rested":2,"item_purchase_floors":[4,27,27,45,45],"current_hp_per_floor":[78,78,78,78,80,80,80,59,59,59,57,57,50,42,42,27,67,62,66,66,66,55,60,64,64,64,79,51,51,59,42,42,11,76,74,75,58,43,39,69,68,64,64,60,75,75,75,79,79,79,106,115,115,114,9],"gold":109,"neow_bonus":"THREE_ENEMY_KILL","is_daily":false,"chose_seed":false,"campfire_upgraded":5,"win_rate":0.0,"timestamp":1613308212,"path_taken":["M","$","?","?","?","E","M","E","T","R","M","R","?","E","R","BOSS","M","M","$","?","?","E","M","R","T","$","E","?","?","?","R","BOSS","M","M","M","M","M","R","E","M","T","E","$","?","?","M","R","BOSS","R","$","E","BOSS"],"items_purchased_type":["Card","Card","Relic","Card","Relic"],"build_version":"2020-12-22","purchased_purges":3,"victory":true,"max_hp_per_floor":[80,80,80,80,80,80,80,80,80,80,80,80,80,80,80,80,80,80,80,80,80,80,80,83,83,83,83,86,86,89,94,94,97,97,97,100,100,103,103,103,106,109,109,109,109,109,109,112,112,115,115,115,115,118,118],"relic_stats":{"Darkstone Periapt":0,"Happy Flower":[23],"counters":[28,119],"Bag of Preparation":[46],"Letter Opener":[285],"Orichalcum":[72],"Burning Blood":157,"Mercury Hourglass":[24],"Blood Vial":6,"Dream Catcher":2,"Pandora\u0027s Box":["Twin Strike","Blood for Blood","Shrug It Off","Combust","Brutality","Disarm","Iron Wave"],"MealTicket":30,"obtain_stats":[{"Darkstone Periapt":6,"Lantern":45,"Calipers":41,"NeowsBlessing":0,"Happy Flower":27,"Bag of Preparation":9,"Letter Opener":28,"Orichalcum":14,"Ancient Tea Set":26,"Burning Blood":0,"Mercury Hourglass":54,"Blood Vial":44,"Dream Catcher":8,"Anchor":29,"Pandora\u0027s Box":17,"MealTicket":23,"Fusion Hammer":34,"Red Mask":22},{"Darkstone Periapt":3,"Lantern":24,"Calipers":22,"NeowsBlessing":0,"Happy Flower":13,"Bag of Preparation":5,"Letter Opener":14,"Orichalcum":7,"Ancient Tea Set":13,"Burning Blood":0,"Mercury Hourglass":27,"Blood Vial":24,"Dream Catcher":5,"Anchor":14,"Pandora\u0027s Box":8,"MealTicket":12,"Fusion Hammer":16,"Red Mask":11},{"Darkstone Periapt":3,"Lantern":98,"Calipers":87,"NeowsBlessing":0,"Happy Flower":49,"Bag of Preparation":13,"Letter Opener":52,"Orichalcum":23,"Ancient Tea Set":49,"Burning Blood":0,"Mercury Hourglass":111,"Blood Vial":98,"Dream Catcher":13,"Anchor":52,"Pandora\u0027s Box":31,"MealTicket":45,"Fusion Hammer":62,"Red Mask":42}]},"card_choices":[{"not_picked":["Pummel","Sword Boomerang"],"picked":"Cleave","floor":1},{"not_picked":["Pommel Strike","Perfected Strike","Sword Boomerang"],"picked":"SKIP","floor":5},{"not_picked":["Whirlwind","Pummel","Body Slam"],"picked":"SKIP","floor":6},{"not_picked":["Clash","Warcry"],"picked":"Battle Trance","floor":7},{"not_picked":["Shrug It Off","Heavy Blade","Armaments"],"picked":"SKIP","floor":8},{"not_picked":["Flex","Anger","Bloodletting"],"picked":"SKIP","floor":11},{"not_picked":["Perfected Strike","Limit Break","Dark Embrace"],"picked":"SKIP","floor":14},{"not_picked":["Immolate","Berserk"],"picked":"Offering","floor":16},{"not_picked":["Cleave","Thunderclap","Uppercut"],"picked":"SKIP","floor":18},{"not_picked":["Whirlwind+1","Warcry","Twin Strike"],"picked":"SKIP","floor":19},{"not_picked":["Infernal Blade+1","Wild Strike"],"picked":"Rupture","floor":22},{"not_picked":["Entrench+1","True Grit+1"],"picked":"Feed","floor":23},{"not_picked":["Armaments","Pummel","Wild Strike"],"picked":"SKIP","floor":24},{"not_picked":["Armaments+1","Immolate"],"picked":"Flame Barrier+1","floor":28},{"not_picked":["Warcry","Pommel Strike+1","Fire Breathing"],"picked":"SKIP","floor":30},{"not_picked":["Dropkick+1","Rampage","Twin Strike+1"],"picked":"SKIP","floor":35},{"not_picked":["Shockwave","Clash","Dark Embrace"],"picked":"SKIP","floor":36},{"not_picked":["Cleave","Entrench","True Grit"],"picked":"SKIP","floor":37},{"not_picked":["Carnage","Dark Embrace","Whirlwind+1"],"picked":"SKIP","floor":38},{"not_picked":["Intimidate","Searing Blow+1","Ghostly Armor"],"picked":"SKIP","floor":39},{"not_picked":["Body Slam","Clothesline"],"picked":"Battle Trance+1","floor":41},{"not_picked":["Limit Break","Body Slam","Flame Barrier+1"],"picked":"SKIP","floor":42},{"not_picked":["Reaper","Bloodletting+1","Twin Strike"],"picked":"SKIP","floor":44},{"not_picked":["Secret Technique","Dark Shackles"],"picked":"Master of Strategy","floor":46},{"not_picked":["Heavy Blade+1","Pommel Strike","Spot Weakness"],"picked":"SKIP","floor":48},{"not_picked":["Body Slam+1","Seeing Red+1"],"picked":"Fiend Fire","floor":54}],"player_experience":200553,"relics_obtained":[{"floor":6,"key":"Darkstone Periapt"},{"floor":8,"key":"Dream Catcher"},{"floor":9,"key":"Bag of Preparation"},{"floor":14,"key":"Orichalcum"},{"floor":22,"key":"Red Mask"},{"floor":23,"key":"MealTicket"},{"floor":26,"key":"Ancient Tea Set"},{"floor":28,"key":"Letter Opener"},{"floor":41,"key":"Calipers"},{"floor":44,"key":"Blood Vial"},{"floor":54,"key":"Mercury Hourglass"}],"event_choices":[{"damage_healed":0,"gold_gain":0,"player_choice":"Got Potions","damage_taken":0,"max_hp_gain":0,"max_hp_loss":0,"event_name":"Lab","floor":3,"gold_loss":0},{"cards_removed":["Strike_R"],"damage_healed":0,"gold_gain":0,"player_choice":"Card Removal","damage_taken":7,"max_hp_gain":0,"max_hp_loss":0,"event_name":"Golden Wing","floor":13,"gold_loss":0},{"damage_healed":0,"gold_gain":0,"player_choice":"Read","damage_taken":0,"max_hp_gain":0,"max_hp_loss":0,"event_name":"The Library","floor":21,"gold_loss":0,"cards_obtained":["Rage"]},{"damage_healed":0,"gold_gain":0,"player_choice":"Fought Bandits","damage_taken":0,"max_hp_gain":0,"max_hp_loss":0,"event_name":"Masked Bandits","floor":22,"gold_loss":0},{"damage_healed":0,"gold_gain":0,"player_choice":"Gave Potion","damage_taken":0,"relics_obtained":["Anchor"],"max_hp_gain":0,"max_hp_loss":0,"event_name":"WeMeetAgain","floor":29,"gold_loss":0},{"damage_healed":0,"gold_gain":0,"player_choice":"Shed Blood","damage_taken":22,"max_hp_gain":5,"max_hp_loss":0,"event_name":"Forgotten Altar","floor":31,"gold_loss":0},{"damage_healed":0,"gold_gain":0,"player_choice":"Memory 1","damage_taken":0,"max_hp_gain":0,"max_hp_loss":0,"event_name":"SensoryStone","floor":46,"gold_loss":0},{"damage_healed":0,"gold_gain":0,"player_choice":"Ignored","damage_taken":0,"max_hp_gain":0,"max_hp_loss":0,"event_name":"Tomb of Lord Red Mask","floor":47,"gold_loss":0}],"is_beta":false,"boss_relics":[{"not_picked":["SlaversCollar","Ectoplasm"],"picked":"Pandora\u0027s Box"},{"not_picked":["SacredBark","Runic Dome"],"picked":"Fusion Hammer"}],"items_purged_floors":[2,20,45],"is_endless":false,"potions_floor_spawned":[1,6,8,18,22,24,33,38,39,41,42,48],"ascension_level":8}}