{"host":"dth0zvmc1sacm2fc","time":1613270775,"event":{"mods":["BaseMod","DeckTracker","Downfall","Googly Eyes","Marisa????????","Minty Spire (QoL Compilation)","StSLib","The Mystic","The Servant 0.9.4"],"gold_per_floor":[99,112,112,126,136,164,164,178,78,98,98,116,126,126,126,126],"floor_reached":14,"language":"ENG","playtime":2021,"items_purged":[],"score":94,"play_id":"343662e8-d038-4109-8938-6ac9720106b1","local_time":"20210214034615","is_ascension_mode":false,"campfire_choices":[{"floor":1,"key":"RECALL"},{"data":"Guardian:TwinSlam","floor":9,"key":"SMITH"}],"circlet_count":0,"master_deck":["Guardian:Strike_Guardian","Guardian:Strike_Guardian","Guardian:Strike_Guardian","Guardian:Strike_Guardian","Guardian:Defend_Guardian","Guardian:Defend_Guardian","Guardian:Defend_Guardian","Guardian:Defend_Guardian","Guardian:CurlUp","Guardian:TwinSlam+1","Guardian:Harden","Guardian:RefractedBeam","Guardian:ChargeCore","Guardian:TemporalStrike","Guardian:Gem_Yellow","Guardian:Gem_Red","Guardian:Gem_Orange"],"relics":["Guardian:ModeShifter","Nunchaku","downfall:HeartBlessingRed"],"acts_visited":["Exordium"],"potions_floor_usage":[14],"damage_taken":[{"damage":0,"enemies":"Small Slimes","floor":2,"turns":4},{"damage":6,"enemies":"Jaw Worm","floor":4,"turns":4},{"damage":7,"enemies":"Cultist","floor":5,"turns":6},{"damage":38,"enemies":"3 Sentries","floor":6,"turns":14},{"damage":11,"enemies":"2 Fungi Beasts","floor":8,"turns":5},{"damage":2,"enemies":"downfall:LooterAlt","floor":10,"turns":3},{"damage":1,"enemies":"Exordium Wildlife","floor":12,"turns":2},{"damage":9,"enemies":"Large Slime","floor":13,"turns":4},{"damage":25,"enemies":"Lagavulin","floor":14,"turns":5}],"seed_played":"-4624262267965343917","potions_obtained":[{"floor":2,"key":"champ:CounterPotion"},{"floor":6,"key":"hexamod:SoulburnPotion"},{"floor":8,"key":"Fire Potion"},{"floor":10,"key":"hexamod:SoulburnPotion"},{"floor":13,"key":"SkillPotion"}],"is_trial":false,"path_per_floor":["R","M","?","M","M","E","T","M","R","M","?","M","M","E"],"character_chosen":"GUARDIAN","items_purchased":[],"campfire_rested":0,"item_purchase_floors":[],"current_hp_per_floor":[88,88,93,87,80,42,42,31,31,29,29,28,19,0,0,0],"gold":126,"neow_bonus":"TEN_PERCENT_HP_BONUS","is_daily":false,"chose_seed":false,"campfire_upgraded":1,"win_rate":0.0,"timestamp":1613270775,"path_taken":["R","M","?","M","M","E","T","M","R","M","?","M","?","E"],"items_purchased_type":[],"build_version":"2020-12-22","purchased_purges":0,"victory":false,"max_hp_per_floor":[88,88,93,93,93,93,93,93,93,93,93,93,93,93,93,93],"card_choices":[{"not_picked":["Guardian:WalkerClaw","Guardian:CrystalBeam"],"picked":"Guardian:Gem_Cyan","floor":2},{"not_picked":["Guardian:DonusPower","Guardian:ChargeCore"],"picked":"Guardian:Harden","floor":4},{"not_picked":["Guardian:Gem_Green","Guardian:Harden"],"picked":"Guardian:RefractedBeam","floor":5},{"not_picked":["Guardian:ShieldCharger","Guardian:Gem_Lightblue"],"picked":"Guardian:ChargeCore","floor":6},{"not_picked":["Guardian:WalkerClaw","Guardian:RollAttack"],"picked":"Guardian:TemporalStrike","floor":8},{"not_picked":["Guardian:PrismaticBarrier","Guardian:TimeBomb"],"picked":"Guardian:Gem_Yellow","floor":10},{"not_picked":["Guardian:TimeBomb","Guardian:WalkerClaw"],"picked":"Guardian:Gem_Red","floor":12},{"not_picked":["Guardian:BronzeArmor","Guardian:Clone"],"picked":"Guardian:Gem_Orange","floor":13}],"player_experience":169405,"relics_obtained":[{"floor":6,"key":"Nunchaku"}],"event_choices":[{"damage_healed":0,"gold_gain":0,"player_choice":"Donut","damage_taken":0,"max_hp_gain":5,"max_hp_loss":0,"event_name":"Big Fish","floor":3,"gold_loss":0},{"damage_healed":0,"gold_gain":0,"player_choice":"Ignored","damage_taken":0,"max_hp_gain":0,"max_hp_loss":0,"event_name":"NoteForYourself","floor":11,"gold_loss":0}],"is_beta":false,"boss_relics":[],"items_purged_floors":[],"is_endless":false,"potions_floor_spawned":[2,6,8,10,13],"killed_by":"Lagavulin","ascension_level":0}}