{"host":"xgo7i0560n9mwvr8","time":1613320781,"event":{"mods":["BaseMod","Colored Map","Downfall","Minty Spire (QoL Compilation)","Permanent Neow","StSLib"],"gold_per_floor":[99,99,119,130,150,185,185,185,199,99,125,142,142,21,38,38,38,38],"floor_reached":16,"language":"ENG","playtime":3184,"items_purged":[],"score":112,"play_id":"b88500db-ca4a-4445-9f59-59c94fc296c8","local_time":"20210214113941","is_ascension_mode":false,"campfire_choices":[{"data":"sneckomod:UnknownRareAttack","floor":1,"key":"SMITH"},{"data":"1","floor":10,"key":"LIFT"},{"data":"2","floor":13,"key":"LIFT"}],"circlet_count":0,"master_deck":["sneckomod:Strike","sneckomod:Strike","sneckomod:Strike","sneckomod:Defend","sneckomod:Defend","sneckomod:Defend","sneckomod:TailWhip","sneckomod:SnekBite","sneckomod:Unknown","sneckomod:Unknown","sneckomod:UnknownRareAttack+1","sneckomod:UnknownBlock","sneckomod:MasterEye","sneckomod:UnknownClassSLIMEBOUND","sneckomod:UnknownRarePower","sneckomod:WideSting","sneckomod:UnknownClassTHE_CHAMP_GRAY","sneckomod:UnknownClassBLUE","sneckomod:QuickBite","expansioncontent:Chronoboost","sneckomod:RainOfDice","sneckomod:Unknown1Cost"],"relics":["sneckomod:SneckoSoul","Girya","Blood Vial","downfall:HeartBlessingBlue","Bronze Scales"],"acts_visited":["Exordium"],"potions_floor_usage":[11,14,16],"damage_taken":[{"damage":8,"enemies":"Small Slimes","floor":3,"turns":4},{"damage":0,"enemies":"2 Louse","floor":4,"turns":1},{"damage":0,"enemies":"Jaw Worm","floor":5,"turns":1},{"damage":29,"enemies":"Lagavulin","floor":6,"turns":5},{"damage":10,"enemies":"Red Slaver","floor":9,"turns":5},{"damage":6,"enemies":"Gremlin Nob","floor":11,"turns":3},{"damage":0,"enemies":"3 Louse","floor":12,"turns":1},{"damage":0,"enemies":"downfall:FleeingMerchant","floor":14,"turns":4},{"damage":19,"enemies":"Exordium Wildlife","floor":15,"turns":4},{"damage":41,"enemies":"WA_ARCHETYPE_RETAIN","floor":16,"turns":7}],"seed_played":"1293545898996625633","potions_obtained":[{"floor":3,"key":"Fire Potion"},{"floor":9,"key":"Block Potion"},{"floor":15,"key":"Weak Potion"}],"is_trial":false,"path_per_floor":["R","?","M","M","M","E","T","?","M","R","E","M","R","$","M","B"],"character_chosen":"THE_SNECKO","items_purchased":["expansioncontent:Chronoboost","sneckomod:RainOfDice"],"campfire_rested":0,"item_purchase_floors":[14,14],"current_hp_per_floor":[63,56,48,48,48,19,19,49,41,51,47,49,49,51,34,0,0,0],"gold":38,"neow_bonus":"THREE_RARE_CARDS","is_daily":false,"chose_seed":false,"campfire_upgraded":1,"win_rate":0.0,"timestamp":1613320781,"path_taken":["R","?","M","M","M","E","T","?","M","R","E","?","R","?","M","BOSS"],"items_purchased_type":["Card","Card"],"build_version":"2020-12-22","purchased_purges":0,"victory":false,"max_hp_per_floor":[90,90,90,90,90,90,90,90,90,100,100,100,100,100,100,100,100,100],"card_choices":[{"not_picked":["sneckomod:UnlimitedRolls","sneckomod:DangerNoodle"],"picked":"sneckomod:UnknownRareAttack","floor":0},{"not_picked":["sneckomod:UnknownClassPURPLE","sneckomod:SlitherStrike"],"picked":"sneckomod:UnknownBlock","floor":3},{"not_picked":["sneckomod:DiceBlock","sneckomod:Nope"],"picked":"sneckomod:MasterEye","floor":4},{"not_picked":["sneckomod:SnakeSap","sneckomod:RainOfDice"],"picked":"sneckomod:UnknownClassSLIMEBOUND","floor":5},{"not_picked":["sneckomod:TrashToTreasure","sneckomod:UnendingSupply"],"picked":"sneckomod:UnknownRarePower","floor":6},{"not_picked":["sneckomod:SoulCleanse","sneckomod:UnknownCommonSkill"],"picked":"sneckomod:WideSting","floor":9},{"not_picked":["sneckomod:UnknownClassSLIMEBOUND","sneckomod:UnknownClassGREEN"],"picked":"sneckomod:UnknownClassTHE_CHAMP_GRAY","floor":11},{"not_picked":["sneckomod:UnknownClassGUARDIAN","sneckomod:UnknownClassPURPLE"],"picked":"sneckomod:UnknownClassBLUE","floor":12},{"not_picked":["sneckomod:SoulDraw","sneckomod:Cheat"],"picked":"sneckomod:QuickBite","floor":14},{"not_picked":["sneckomod:UnknownClassGREEN","sneckomod:Nope"],"picked":"sneckomod:Unknown1Cost","floor":15}],"player_experience":1045447,"relics_obtained":[{"floor":6,"key":"Blood Vial"},{"floor":11,"key":"Bronze Scales"}],"event_choices":[{"damage_healed":0,"gold_gain":0,"player_choice":"Success","damage_taken":7,"relics_obtained":["Girya"],"max_hp_gain":0,"max_hp_loss":0,"event_name":"Scrap Ooze","floor":2,"gold_loss":0},{"damage_healed":30,"gold_gain":0,"player_choice":"Banana","damage_taken":0,"max_hp_gain":0,"max_hp_loss":0,"event_name":"Big Fish","floor":8,"gold_loss":0}],"is_beta":false,"boss_relics":[],"items_purged_floors":[],"is_endless":false,"potions_floor_spawned":[3,9,15],"killed_by":"WA_ARCHETYPE_RETAIN","ascension_level":0}}