{"host":"ZYF","time":1613275366,"event":{"mods":["BaseMod","GungeonMod","Minty Spire (QoL Compilation)","Reliquary","Replay The Spire","StSLib"],"gold_per_floor":[117,117,117,117,67,67,67,67,67,67,67,94,104,104,119,129,129,228,228,248,332,332,351,351,370,399,399,422,439,439,439],"floor_reached":30,"language":"ZHS","playtime":1171,"items_purged":[],"score":236,"play_id":"cf26bbb9-78a5-47ed-8903-7cd49c554047","local_time":"20210214120246","is_ascension_mode":false,"campfire_choices":[{"data":"ReplayTheSpireMod:Trickstab","floor":6,"key":"SMITH"},{"data":"DemoMod:CrossBow","floor":9,"key":"SMITH"},{"data":"DemoMod:SkilledReload","floor":14,"key":"SMITH"},{"data":"DemoMod:MachoBrace","floor":17,"key":"SMITH"}],"circlet_count":0,"master_deck":["DemoMod:Defend_Huntress","DemoMod:Roll","DemoMod:ManualReload","DemoMod:RustySidearm+1","DemoMod:CrossBow+1","ReplayTheSpireMod:Trickstab+1","DemoMod:BattleInHaste","DemoMod:SkilledReload+1","DemoMod:MachoBrace+1","DemoMod:TeaPot","DemoMod:FullFirepower","DemoMod:BalloonGun+1","DemoMod:BalloonGun+1","DemoMod:GunstockTap+1","DemoMod:ConditionalReflex+1","DemoMod:FastSwitch+1","Doubt","DemoMod:ConditionalReflex","DemoMod:GunslingerForm","DemoMod:MachoBrace"],"relics":["DemoMod:Dog","reliquary:Stiletto","DemoMod:MemoryAlloy","Boot","Astrolabe","DemoMod:MonsterBlood","DemoMod:ClearGuonStone","ReplayTheSpireMod:Ring of Challenge","ReplayTheSpireMod:TigerMarble","MutagenicStrength","DemoMod:GlassGuonStoneRelic","Bottled Tornado","Blue Doll"],"acts_visited":["Exordium","TheCity"],"potions_floor_usage":[18,20,26,26],"damage_taken":[{"damage":0,"enemies":"Small Slimes","floor":1,"turns":2},{"damage":0,"enemies":"2 Louse","floor":13,"turns":2},{"damage":0,"enemies":"Cultist","floor":15,"turns":3},{"damage":8,"enemies":"Blue Slaver","floor":16,"turns":4},{"damage":40,"enemies":"Slime Boss","floor":18,"turns":10},{"damage":0,"enemies":"3 Byrds","floor":20,"turns":3},{"damage":0,"enemies":"Shell Parasite","floor":23,"turns":3},{"damage":18,"enemies":"Centurion and Healer","floor":25,"turns":6},{"damage":41,"enemies":"Book of Stabbing","floor":26,"turns":6},{"damage":0,"enemies":"Cultist and Chosen","floor":29,"turns":4},{"damage":11,"enemies":"Snecko","floor":30,"turns":2}],"seed_played":"-9113543911813741209","potions_obtained":[{"floor":1,"key":"Fire Potion"},{"floor":16,"key":"Explosive Potion"},{"floor":20,"key":"Explosive Potion"},{"floor":23,"key":"Reflective Coating"},{"floor":25,"key":"Regen Potion"},{"floor":29,"key":"Fire Potion"}],"is_trial":false,"path_per_floor":["M","?","?","?","?","R","PTL","PTL","R","$","T","T","M","R","M","M","R","B",null,"M","?","?","M","?","M","E","?","T","M","M"],"character_chosen":"HUNTRESS","items_purchased":[],"campfire_rested":0,"item_purchase_floors":[],"current_hp_per_floor":[70,70,63,63,63,63,63,63,63,63,63,63,63,63,63,55,55,15,70,77,47,47,47,47,29,3,3,3,3,0,0],"gold":439,"neow_bonus":"RANDOM_COLORLESS","is_daily":false,"chose_seed":false,"campfire_upgraded":4,"win_rate":0.0,"timestamp":1613275366,"path_taken":["M","?","?","?","?","R","PTL","PTL","R","$","T","?","?","R","M","M","R","BOSS","M","?","?","M","?","M","E","?","T","M","?"],"items_purchased_type":[],"build_version":"2020-12-18","purchased_purges":0,"victory":false,"max_hp_per_floor":[70,70,70,70,70,70,70,70,70,70,70,70,70,70,70,70,70,70,70,77,77,77,77,77,77,77,77,77,77,77,77],"card_choices":[{"not_picked":["Survey Options","Impatience"],"picked":"ReplayTheSpireMod:Trickstab","floor":0},{"not_picked":["DemoMod:SAA","DemoMod:HuntsMan"],"picked":"DemoMod:BattleInHaste","floor":1},{"not_picked":["DemoMod:FortunesFavor","DemoMod:PotionOfGunFriendShip"],"picked":"DemoMod:SkilledReload","floor":13},{"not_picked":["DemoMod:MegaHand","DemoMod:JK47"],"picked":"DemoMod:MachoBrace","floor":15},{"not_picked":["DemoMod:FastSwitch","DemoMod:HardPowerCard"],"picked":"DemoMod:TeaPot","floor":16},{"not_picked":["DemoMod:BattleInHaste","DemoMod:StickyCrossBow"],"picked":"DemoMod:Purify","floor":16},{"not_picked":["DemoMod:SuppressiveFire","DemoMod:Desperate"],"picked":"DemoMod:FullFirepower","floor":18},{"not_picked":["DemoMod:AWP+1","DemoMod:JK47+1"],"picked":"DemoMod:Purify","floor":20},{"not_picked":["DemoMod:Purify","DemoMod:AC15"],"picked":"DemoMod:ConditionalReflex+1","floor":21},{"not_picked":["DemoMod:HungryBullets","DemoMod:DoubleSwitch+1"],"picked":"DemoMod:FastSwitch+1","floor":21},{"not_picked":["DemoMod:PotionOfGunFriendShip","DemoMod:AWP"],"picked":"DemoMod:ConditionalReflex","floor":23},{"not_picked":["DemoMod:HardPowerCard","DemoMod:DoubleSwitch+1"],"picked":"DemoMod:GunslingerForm","floor":25},{"not_picked":["DemoMod:EasyReloadBullets","DemoMod:HuntsMan","DemoMod:GunstockTap"],"picked":"SKIP","floor":26},{"not_picked":["DemoMod:HighKaliber+1","DemoMod:JK47+1"],"picked":"DemoMod:MachoBrace","floor":29}],"player_experience":50483,"relics_obtained":[{"floor":11,"key":"DemoMod:MemoryAlloy"},{"floor":12,"key":"Boot"},{"floor":20,"key":"DemoMod:MonsterBlood"},{"floor":21,"key":"DemoMod:ClearGuonStone"},{"floor":22,"key":"ReplayTheSpireMod:Ring of Challenge"},{"floor":23,"key":"ReplayTheSpireMod:TigerMarble"},{"floor":26,"key":"Bottled Tornado"},{"floor":28,"key":"Blue Doll"}],"event_choices":[{"damage_healed":0,"gold_gain":0,"player_choice":"Ignored","damage_taken":0,"max_hp_gain":0,"max_hp_loss":0,"event_name":"Liars Game","floor":2,"gold_loss":0},{"damage_healed":0,"gold_gain":0,"player_choice":"Success","damage_taken":7,"relics_obtained":["reliquary:Stiletto"],"max_hp_gain":0,"max_hp_loss":0,"event_name":"Scrap Ooze","floor":3,"gold_loss":0},{"cards_removed":["DemoMod:Strike_Huntress"],"damage_healed":0,"gold_gain":0,"player_choice":"Card Removal","damage_taken":0,"max_hp_gain":0,"max_hp_loss":0,"event_name":"The Cleric","floor":5,"gold_loss":50},{"damage_healed":0,"gold_gain":0,"player_choice":"Inject Mutagens","damage_taken":0,"relics_obtained":["MutagenicStrength"],"max_hp_gain":0,"max_hp_loss":0,"event_name":"Drug Dealer","floor":24,"gold_loss":0},{"damage_healed":0,"gold_gain":0,"player_choice":"Ignored","damage_taken":0,"max_hp_gain":0,"max_hp_loss":0,"event_name":"Ghosts","floor":27,"gold_loss":0}],"is_beta":true,"boss_relics":[{"not_picked":["Sozu","Runic Dome"],"picked":"Astrolabe"}],"items_purged_floors":[],"is_endless":false,"potions_floor_spawned":[1,16,20,23,25,29],"killed_by":"Snecko","ascension_level":0}}