{"host":"jrmqsbok61y7b34d","time":1613345988,"event":{"mods":["BaseMod","Better Skull","Colored Map","Colored Powertips","Emptier Cage","Minty Spire (QoL Compilation)","Permanent Neow","Quick Restart","Relic Stats","StSLib","Unceasing Turn Reminder"],"gold_per_floor":[111,36,54,54,54,54,66,97,123,156,174,174,236,261,261,339,339,329,329,329,339,67,97,97,97,169,8,43,43,21,39,39,113,113,133,158,7,17,27,54,54,105,174,174,187,216,216,18,18,18],"floor_reached":51,"language":"ENG","playtime":3596,"items_purged":["Decay","Writhe"],"score":1438,"play_id":"43fd1e57-8673-4991-9ca3-24ff90ec764a","local_time":"20210214233948","is_ascension_mode":true,"campfire_choices":[{"data":"Lockon","floor":6.0,"key":"SMITH"},{"floor":12.0,"key":"REST"},{"floor":15.0,"key":"REST"},{"data":"Seek","floor":24.0,"key":"SMITH"},{"data":"Reinforced Body","floor":29.0,"key":"SMITH"},{"data":"Consume","floor":32.0,"key":"SMITH"},{"data":"Biased Cognition","floor":41,"key":"SMITH"},{"floor":44,"key":"REST"},{"floor":49,"key":"REST"}],"circlet_count":0,"master_deck":["AscendersBane","Defend_B","Dualcast","Electrodynamics","Lockon+1","Barrage","Leap","Leap","Compile Driver","FTL","Hologram","BootSequence","Creative AI","Steam+1","Bite","Bite","Bite","Bite","Bite","Sunder","Seek+1","Reinforced Body+1","RitualDagger","Consume+1","Fusion+1","Biased Cognition+1","Meteor Strike+1","Loop+1","Echo Form+1","Genetic Algorithm","Seek+1","Capacitor","Panacea","Capacitor","Seek","Hologram+1","Doom and Gloom"],"relics":["Cracked Core","PreservedInsect","Regal Pillow","Anchor","Ancient Tea Set","Torii","Mummified Hand","Sozu","Bag of Preparation","Bottled Lightning","Membership Card","Boot","Astrolabe","Du-Vu Doll","DollysMirror","Mango","Ice Cream","Sundial","Art of War","FossilizedHelix"],"acts_visited":["Exordium","TheCity","TheBeyond"],"potions_floor_usage":[],"damage_taken":[{"damage":0.0,"enemies":"Small Slimes","floor":1.0,"turns":3.0},{"damage":7.0,"enemies":"Jaw Worm","floor":3.0,"turns":3.0},{"damage":0.0,"enemies":"2 Louse","floor":7.0,"turns":1.0},{"damage":21.0,"enemies":"Lagavulin","floor":8.0,"turns":4.0},{"damage":9.0,"enemies":"Gremlin Nob","floor":10.0,"turns":3.0},{"damage":0.0,"enemies":"Large Slime","floor":11.0,"turns":4.0},{"damage":36.0,"enemies":"Lagavulin Event","floor":13.0,"turns":4.0},{"damage":1.0,"enemies":"3 Sentries","floor":14.0,"turns":3.0},{"damage":41.0,"enemies":"Hexaghost","floor":16.0,"turns":11.0},{"damage":2.0,"enemies":"2 Thieves","floor":18.0,"turns":4.0},{"damage":0.0,"enemies":"Chosen","floor":21.0,"turns":3.0},{"damage":0.0,"enemies":"Slavers","floor":23.0,"turns":3.0},{"damage":0.0,"enemies":"Gremlin Leader","floor":28.0,"turns":3.0},{"damage":0.0,"enemies":"Snake Plant","floor":31.0,"turns":2.0},{"damage":46.0,"enemies":"Champ","floor":33.0,"turns":11.0},{"damage":14.0,"enemies":"Orb Walker","floor":35.0,"turns":3.0},{"damage":16.0,"enemies":"Mind Bloom Boss Battle","floor":36.0,"turns":6.0},{"damage":0,"enemies":"3 Darklings","floor":38,"turns":3},{"damage":19,"enemies":"Spire Growth","floor":39,"turns":5},{"damage":21,"enemies":"Nemesis","floor":40,"turns":5},{"damage":19,"enemies":"2 Orb Walkers","floor":42,"turns":4},{"damage":0,"enemies":"Transient","floor":45,"turns":5},{"damage":44,"enemies":"Giant Head","floor":46,"turns":6},{"damage":44,"enemies":"Donu and Deca","floor":50,"turns":8}],"seed_played":"8394855401134196015","potions_obtained":[{"floor":1.0,"key":"SmokeBomb"},{"floor":3.0,"key":"PotionOfCapacity"},{"floor":10.0,"key":"FocusPotion"},{"floor":14.0,"key":"BlessingOfTheForge"}],"is_trial":false,"path_per_floor":["M","$","M","?","?","R","M","E","T","E","M","R","?","E","R","B",null,"M","?","?","M","$","E","R","?","T","$","E","R","$","M","R","B",null,"M","?","$","M","M","E","R","?","T","R","M","E","?","$","R","B",null],"character_chosen":"DEFECT","items_purchased":["Seek","Membership Card","Consume","DollysMirror","Capacitor","Panacea","Doom and Gloom","FossilizedHelix"],"campfire_rested":4,"item_purchase_floors":[22,27,30,37,37,37,48,48],"current_hp_per_floor":[64,64,57,39,44,44,44,23,23,14,14,51,15,14,51,10,60,58,58,53,53,53,53,53,47,47,47,53,53,53,53,53,25,46,34,36,36,44,35,36,36,23,23,58,66,23,23,23,58,28],"gold":18,"neow_bonus":"THREE_RARE_CARDS","is_daily":false,"chose_seed":false,"campfire_upgraded":5,"win_rate":0.0,"timestamp":1613345988,"path_taken":["M","$","M","?","?","R","M","E","T","E","M","R","?","E","R","BOSS","M","?","?","M","$","E","R","?","T","$","E","R","$","M","R","BOSS","M","?","$","M","M","E","R","?","T","R","M","E","?","?","R","BOSS"],"items_purchased_type":["Card","Relic","Card","Relic","Card","Card","Card","Relic"],"build_version":"2020-12-22","purchased_purges":2,"victory":true,"max_hp_per_floor":[71,71,71,71,76,76,76,76,76,76,76,76,76,76,76,76,76,76,76,53,53,53,53,53,53,53,53,53,53,53,53,53,53,53,53,53,53,53,53,67,67,67,67,67,67,67,67,67,67,67],"relic_stats":{"Sozu":7,"Regal Pillow":60,"Torii":43,"counters":[24,106],"Mummified Hand":[115],"Sundial":[0],"Astrolabe":["Meteor Strike","Loop","Echo Form"],"PreservedInsect":380,"Bag of Preparation":[28],"Art of War":[0],"Boot":[33],"obtain_stats":[{"Ice Cream":42,"Regal Pillow":8,"Torii":13,"Astrolabe":34,"Mango":40,"PreservedInsect":4,"Bag of Preparation":19,"Ancient Tea Set":10,"Boot":28,"Sozu":17,"Du-Vu Doll":36,"Anchor":9,"Mummified Hand":14,"DollysMirror":37,"Sundial":43,"Art of War":46,"Bottled Lightning":23,"Membership Card":27,"Cracked Core":0,"FossilizedHelix":48},{"Ice Cream":21,"Regal Pillow":4,"Torii":7,"Astrolabe":15,"Mango":20,"PreservedInsect":2,"Bag of Preparation":10,"Ancient Tea Set":5,"Boot":13,"Sozu":9,"Du-Vu Doll":17,"Anchor":4,"Mummified Hand":8,"DollysMirror":17,"Sundial":21,"Art of War":23,"Bottled Lightning":12,"Membership Card":12,"Cracked Core":0,"FossilizedHelix":23},{"Ice Cream":88,"Regal Pillow":11,"Torii":22,"Astrolabe":62,"Mango":84,"PreservedInsect":6,"Bag of Preparation":40,"Ancient Tea Set":14,"Boot":49,"Sozu":36,"Du-Vu Doll":71,"Anchor":11,"Mummified Hand":25,"DollysMirror":71,"Sundial":88,"Art of War":98,"Bottled Lightning":46,"Membership Card":46,"Cracked Core":0,"FossilizedHelix":98}]},"card_choices":[{"not_picked":["Meteor Strike","Rainbow"],"picked":"Electrodynamics","floor":0.0},{"not_picked":["Cold Snap","Melter"],"picked":"Lockon","floor":1.0},{"not_picked":["Beam Cell","Cold Snap"],"picked":"Barrage","floor":3.0},{"not_picked":["Streamline","Melter"],"picked":"Leap","floor":7.0},{"not_picked":["White Noise","Loop"],"picked":"Leap","floor":8.0},{"not_picked":["Machine Learning","Static Discharge"],"picked":"Compile Driver","floor":10.0},{"not_picked":["Conserve Battery","Melter"],"picked":"FTL","floor":11.0},{"not_picked":["Sunder","Leap"],"picked":"Hologram","floor":13.0},{"not_picked":["Beam Cell","Redo"],"picked":"BootSequence","floor":14.0},{"not_picked":["Hyperbeam","Amplify"],"picked":"Creative AI","floor":16.0},{"not_picked":["Beam Cell","Stack"],"picked":"Steam+1","floor":18.0},{"not_picked":["Fusion","Coolheaded"],"picked":"Sunder","floor":21.0},{"not_picked":["Hologram","Stack"],"picked":"Reinforced Body","floor":23.0},{"not_picked":["Hologram","Reinforced Body","Barrage"],"picked":"SKIP","floor":28.0},{"not_picked":["Hologram","Reinforced Body","Barrage"],"picked":"SKIP","floor":28.0},{"not_picked":["Barrage","Sweeping Beam"],"picked":"Fusion+1","floor":31.0},{"not_picked":["Multi-Cast","Core Surge"],"picked":"Biased Cognition","floor":33.0},{"not_picked":["Fusion+1","Double Energy+1"],"picked":"Genetic Algorithm","floor":35.0},{"not_picked":["Turbo","Self Repair","Hello World"],"picked":"SKIP","floor":38},{"not_picked":["Leap","Redo"],"picked":"Capacitor","floor":39},{"not_picked":["Stack","Storm+1"],"picked":"Seek","floor":40},{"not_picked":["Lockon+1","Doom and Gloom+1"],"picked":"Hologram+1","floor":42},{"not_picked":["Scrape","Stack","Gash"],"picked":"SKIP","floor":45},{"not_picked":["Thunder Strike","Electrodynamics","Self Repair"],"picked":"SKIP","floor":46}],"player_experience":1091989,"relics_obtained":[{"floor":8.0,"key":"Regal Pillow"},{"floor":9.0,"key":"Anchor"},{"floor":10.0,"key":"Ancient Tea Set"},{"floor":13.0,"key":"Torii"},{"floor":14.0,"key":"Mummified Hand"},{"floor":23.0,"key":"Bottled Lightning"},{"floor":28.0,"key":"Boot"},{"floor":36.0,"key":"Du-Vu Doll"},{"floor":40,"key":"Mango"},{"floor":42,"key":"Ice Cream"},{"floor":43,"key":"Sundial"},{"floor":46,"key":"Art of War"}],"event_choices":[{"damage_healed":0.0,"max_hp_gain":0.0,"max_hp_loss":0.0,"gold_gain":0.0,"event_name":"Scrap Ooze","player_choice":"Success","floor":4.0,"gold_loss":0.0,"damage_taken":18.0,"relics_obtained":["PreservedInsect"]},{"damage_healed":0.0,"max_hp_gain":5.0,"max_hp_loss":0.0,"gold_gain":0.0,"event_name":"Big Fish","player_choice":"Donut","floor":5.0,"gold_loss":0.0,"damage_taken":0.0},{"damage_healed":0.0,"max_hp_gain":0.0,"max_hp_loss":0.0,"gold_gain":30.0,"event_name":"Dead Adventurer","player_choice":"Searched \u00273\u0027 times","floor":13.0,"gold_loss":0.0,"damage_taken":0.0},{"damage_healed":0.0,"max_hp_gain":0.0,"max_hp_loss":0.0,"gold_gain":0.0,"event_name":"The Mausoleum","player_choice":"Opened","floor":19.0,"gold_loss":0.0,"damage_taken":0.0,"relics_obtained":["Bag of Preparation"],"cards_obtained":["Writhe"]},{"damage_healed":0.0,"max_hp_gain":0.0,"max_hp_loss":23.0,"gold_gain":0.0,"event_name":"Vampires","player_choice":"Became a vampire","floor":20.0,"gold_loss":0.0,"damage_taken":0.0,"cards_obtained":["Bite","Bite","Bite","Bite","Bite"]},{"damage_healed":0.0,"max_hp_gain":0.0,"max_hp_loss":0.0,"gold_gain":0.0,"event_name":"Nest","player_choice":"Joined the Cult","floor":25.0,"gold_loss":0.0,"damage_taken":6.0,"cards_obtained":["RitualDagger"]},{"damage_healed":0.0,"max_hp_gain":0.0,"max_hp_loss":0.0,"gold_gain":0.0,"event_name":"MindBloom","player_choice":"Fight","floor":36.0,"gold_loss":0.0,"damage_taken":0.0},{"damage_healed":0,"gold_gain":0,"player_choice":"Fight","damage_taken":0,"max_hp_gain":0,"max_hp_loss":0,"event_name":"Mysterious Sphere","floor":42,"gold_loss":0},{"cards_removed":["Defend_B"],"damage_healed":0,"gold_gain":0,"player_choice":"Removed Skill","damage_taken":0,"max_hp_gain":0,"max_hp_loss":0,"event_name":"Falling","floor":47,"gold_loss":0}],"is_beta":false,"boss_relics":[{"not_picked":["Tiny House","Black Star"],"picked":"Sozu"},{"not_picked":["SacredBark","SlaversCollar"],"picked":"Astrolabe"}],"items_purged_floors":[2,22],"is_endless":false,"potions_floor_spawned":[1,3,10,14,21,23,31,33,39,45,46],"ascension_level":16}}