{"host":"y2nx07t75db4hs5p","time":1613312624,"event":{"mods":["Act Like it!","Arknights","BaseMod","Gensokyo","KomeijiMod","Minty Spire (QoL Compilation)","StSLib"],"gold_per_floor":[118,133,133,103,123,154,0,0,0,0,230,72,106,121,121,222,222,237,237,237,237,41,67,67,99,126,145,45,45,45,45],"floor_reached":30,"language":"ZHS","playtime":1338,"items_purged":["ats:Strike V","ats:Defend","ats:Defend"],"score":282,"play_id":"72a31e0f-7994-4da1-aabf-99ccda23406d","local_time":"20210214222344","is_ascension_mode":false,"campfire_choices":[{"data":"ats:Defend Order","floor":10,"key":"SMITH"},{"floor":15,"key":"RECALL"},{"data":"ats:Emotion Absorption","floor":24,"key":"SMITH"}],"circlet_count":0,"master_deck":["ats:Strike C","ats:Strike G","ats:Strike S","ats:Armor Crushing Shot","ats:Defend","ats:Defend","ats:Emotion Absorption+1","ats:Consecutive Shot Auto","ats:Automatic Cover","ats:Chain Hook","ats:Guard Mode","ats:Burning Ground","ats:Defend Order+1","ats:Blood Oath+1","ats:Chain Hook+1","ats:Wolf Pack+1","ats:Closed Bolt Burst Fire+1","ats:Cat Scratch+1","ats:Mental Burst+1","ats:Calcification","ats:Leaping Hammer+1","Gensokyo:RedCapeBlueCape+1","ats:Sword Rain+1","ats:Sword Rain+1","ats:Sunburst+1","ats:Thorns+1"],"relics":["ats:Sanity","NeowsBlessing","ats:Originium","The Courier","Molten Egg 2","StrikeDummy","ats:Tactical Delivery","Happy Flower","Lizard Tail","Potion Belt"],"acts_visited":["Gensokyo:Gensokyo","Gensokyo:Gensokyoer"],"potions_floor_usage":[25,27],"damage_taken":[{"damage":0,"enemies":"Gensokyo:Python","floor":1,"turns":1},{"damage":0,"enemies":"Gensokyo:3_Fairies","floor":2,"turns":2},{"damage":0,"enemies":"Gensokyo:Gryphon","floor":5,"turns":1},{"damage":32,"enemies":"Gensokyo:Mamizou","floor":6,"turns":11},{"damage":34,"enemies":"Gensokyo:Aya","floor":11,"turns":11},{"damage":4,"enemies":"Gensokyo:Mamizou","floor":13,"turns":9},{"damage":0,"enemies":"Gensokyo:Python_and_Kodama","floor":14,"turns":2},{"damage":22,"enemies":"Gensokyo:Yukari","floor":16,"turns":9},{"damage":3,"enemies":"Gensokyo:2_Gloops","floor":18,"turns":5},{"damage":20,"enemies":"Gensokyo:Koishi","floor":23,"turns":6},{"damage":29,"enemies":"Gensokyo:Tenshi","floor":25,"turns":5},{"damage":10,"enemies":"Gensokyo:CosmicMonolith","floor":27,"turns":3},{"damage":11,"enemies":"Gensokyo:Slime_Group","floor":30,"turns":2}],"seed_played":"6963990543289934381","potions_obtained":[{"floor":6,"key":"ats:Top Emergency Sanity Potion"},{"floor":13,"key":"DuplicationPotion"},{"floor":16,"key":"SteroidPotion"},{"floor":25,"key":"DuplicationPotion"}],"is_trial":false,"path_per_floor":["M","M","?","COS","M","E","$","?","T","R","E","$","E","M","R","B",null,"M","?","?","?","$","E","R","E","T","M","$","$","M"],"character_chosen":"DOCTOR_CLASS","items_purchased":["ats:Burning Ground","ats:Defend Order","ats:Chain Hook+1","ats:Wolf Pack+1","ats:Closed Bolt Burst Fire+1","ats:Sword Rain+1","ats:Sword Rain+1"],"campfire_rested":0,"item_purchase_floors":[7,7,12,12,12,22,22],"current_hp_per_floor":[72,72,72,72,72,40,40,62,62,62,28,28,34,39,39,27,72,70,70,65,65,65,45,45,22,22,17,17,17,11,11],"gold":45,"neow_bonus":"THREE_ENEMY_KILL","is_daily":false,"chose_seed":false,"campfire_upgraded":2,"win_rate":0.0,"timestamp":1613312624,"path_taken":["M","M","?","COS","M","E","$","?","T","R","E","$","E","M","R","BOSS","M","?","?","?","?","E","R","E","T","?","?","$","M"],"items_purchased_type":["Card","Card","Card","Card","Card","Card","Card"],"build_version":"2020-12-22","purchased_purges":3,"victory":false,"max_hp_per_floor":[72,72,72,72,72,72,72,72,72,72,72,72,72,72,72,72,72,72,72,65,65,65,65,65,65,65,65,65,65,65,65],"card_choices":[{"not_picked":["ats:Shell Defense","ats:Blood Oath"],"picked":"ats:Consecutive Shot Auto","floor":1},{"not_picked":["ats:Serious Mode","ats:Blood Oath"],"picked":"ats:Automatic Cover","floor":2},{"not_picked":["ats:Shell Defense","ats:Ignite"],"picked":"ats:Chain Hook","floor":5},{"not_picked":["ats:Leaping Hammer","ats:Guardian Obelisk"],"picked":"ats:Guard Mode","floor":6},{"not_picked":["ats:Hook Shot","ats:Powerful Strike+1"],"picked":"ats:Blood Oath+1","floor":11},{"not_picked":["ats:LN2 Cannon+1","ats:Shell Defense"],"picked":"ats:Cat Scratch+1","floor":13},{"not_picked":["ats:Phantom","ats:Explosion Area Strengthen+1"],"picked":"ats:Mental Burst+1","floor":14},{"not_picked":["ats:Roar Of Ursus","ats:Fractured Body"],"picked":"ats:Calcification","floor":16},{"not_picked":["ats:Cat Scratch+1","ats:Consecutive Shot Auto+1"],"picked":"ats:Leaping Hammer+1","floor":18},{"not_picked":["Gensokyo:GapWoman","Gensokyo:EightFeetTall"],"picked":"Gensokyo:RedCapeBlueCape+1","floor":20},{"not_picked":["ats:Charging Defense+1","ats:Absolute Focus"],"picked":"ats:Sunburst+1","floor":23},{"not_picked":["ats:Rat Pack","ats:Hook Shot"],"picked":"ats:Thorns+1","floor":25},{"not_picked":["ats:Hammer On+1","ats:Blood Oath+1","ats:Consecutive Shot Auto+1"],"picked":"SKIP","floor":27}],"player_experience":333415,"relics_obtained":[{"floor":6,"key":"ats:Originium"},{"floor":6,"key":"The Courier"},{"floor":11,"key":"ats:Originium"},{"floor":11,"key":"Molten Egg 2"},{"floor":13,"key":"ats:Originium"},{"floor":13,"key":"StrikeDummy"},{"floor":23,"key":"Happy Flower"},{"floor":25,"key":"Lizard Tail"},{"floor":26,"key":"Potion Belt"}],"event_choices":[],"is_beta":false,"boss_relics":[{"not_picked":["SacredBark","ats:Sanity Plus"],"picked":"ats:Tactical Delivery"}],"items_purged_floors":[7,22,28],"is_endless":false,"potions_floor_spawned":[6,13,16,23,25],"killed_by":"Gensokyo:Slime_Group","ascension_level":0}}