{"host":"m0bekkrd201b63ug","time":1613317637,"event":{"mods":["AchievementEnabler","BaseMod","Colored Powertips","Highlight Path","Minty Spire (QoL Compilation)","Rare Cards Sparkle","StSLib","SuperFastMode","everything is the same but u backflip on backflip","slay the spire mod where everything is the same but ironclad has a cowboy hat"],"gold_per_floor":[129,141,166,191,203,215,227,264,276,288,320,332,373,402,414,505,517,539,551,222,237,247,247,273,273,273,62,62,74,74,101,101,101,101],"floor_reached":33,"language":"ENG","playtime":1165,"items_purged":["Strike_G"],"score":718,"play_id":"92ead9db-98db-4404-8c4f-55dc7a9a02f7","local_time":"20210214134717","is_ascension_mode":true,"campfire_choices":[{"data":"Dash","floor":6,"key":"SMITH"},{"floor":10,"key":"REST"},{"data":"Glass Knife","floor":12,"key":"SMITH"},{"data":"Leg Sweep","floor":15,"key":"SMITH"},{"floor":23,"key":"REST"},{"floor":30,"key":"REST"},{"data":"Bane","floor":32,"key":"SMITH"}],"circlet_count":0,"master_deck":["AscendersBane","Strike_G","Strike_G","Strike_G","Defend_G","Defend_G","Defend_G","Defend_G","Defend_G","Survivor","Neutralize","Dash+1","Leg Sweep+1","Bane+1","Glass Knife+1","Deadly Poison","Escape Plan","Deadly Poison","Corpse Explosion","Backflip"],"relics":["Ring of the Snake","MawBank","CaptainsWheel","FossilizedHelix","Centennial Puzzle","Philosopher\u0027s Stone","Incense Burner","Mercury Hourglass","MutagenicStrength","Smiling Mask","PreservedInsect","White Beast Statue"],"acts_visited":["Exordium","TheCity"],"potions_floor_usage":[8,18,24,24,31,33],"damage_taken":[{"damage":13,"enemies":"Jaw Worm","floor":1,"turns":6},{"damage":0,"enemies":"Cultist","floor":3,"turns":4},{"damage":0,"enemies":"Small Slimes","floor":4,"turns":4},{"damage":43,"enemies":"Lagavulin","floor":8,"turns":13},{"damage":0,"enemies":"2 Fungi Beasts","floor":11,"turns":4},{"damage":0,"enemies":"Gremlin Nob","floor":13,"turns":5},{"damage":0,"enemies":"3 Louse","floor":14,"turns":3},{"damage":0,"enemies":"The Guardian","floor":16,"turns":12},{"damage":5,"enemies":"Spheric Guardian","floor":18,"turns":6},{"damage":7,"enemies":"2 Thieves","floor":21,"turns":4},{"damage":0,"enemies":"Snecko","floor":22,"turns":5},{"damage":24,"enemies":"Gremlin Leader","floor":24,"turns":7},{"damage":0,"enemies":"Cultist and Chosen","floor":29,"turns":5},{"damage":6,"enemies":"Book of Stabbing","floor":31,"turns":4},{"damage":73,"enemies":"Champ","floor":33,"turns":10}],"seed_played":"6746524469211383994","potions_obtained":[{"floor":1,"key":"DistilledChaos"},{"floor":3,"key":"Block Potion"},{"floor":18,"key":"CultistPotion"},{"floor":21,"key":"SkillPotion"},{"floor":24,"key":"AttackPotion"},{"floor":31,"key":"Regen Potion"}],"is_trial":false,"path_per_floor":["M","?","M","M","?","R","?","E","T","R","M","R","E","M","R","B",null,"M","?","$","M","M","R","E","?","T","$","?","M","R","E","R","B"],"character_chosen":"THE_SILENT","items_purchased":["Incense Burner","PreservedInsect"],"campfire_rested":3,"item_purchase_floors":[20,27],"current_hp_per_floor":[46,46,46,46,46,46,46,3,3,22,22,22,22,22,22,22,55,50,32,32,25,25,46,22,22,22,22,22,22,43,37,37,0,0],"gold":101,"neow_bonus":"RANDOM_COMMON_RELIC","is_daily":false,"chose_seed":false,"campfire_upgraded":4,"win_rate":0.0,"timestamp":1613317637,"path_taken":["M","?","M","?","?","R","?","E","T","R","M","R","E","M","R","BOSS","M","?","$","M","M","R","E","?","T","$","?","M","R","E","R","BOSS"],"items_purchased_type":["Relic","Relic"],"build_version":"2020-12-22","purchased_purges":1,"victory":false,"max_hp_per_floor":[66,66,66,66,66,66,66,66,66,66,66,66,66,66,66,66,66,66,71,71,71,71,71,71,71,71,71,71,71,71,71,71,71,71],"card_choices":[{"not_picked":["Finisher","Deadly Poison"],"picked":"Dash","floor":1},{"not_picked":["Masterful Stab","Catalyst"],"picked":"Leg Sweep","floor":3},{"not_picked":["Deflect","Slice"],"picked":"Bane","floor":4},{"not_picked":["Footwork","Dagger Throw"],"picked":"Glass Knife","floor":8},{"not_picked":["Underhanded Strike","All Out Attack"],"picked":"Deadly Poison","floor":11},{"not_picked":["Outmaneuver","Bane"],"picked":"Escape Plan","floor":13},{"not_picked":["Blade Dance","Masterful Stab"],"picked":"Deadly Poison","floor":14},{"not_picked":["Wraith Form v2","Night Terror"],"picked":"Corpse Explosion","floor":16},{"not_picked":["Quick Slash","Outmaneuver","Tactician"],"picked":"SKIP","floor":18},{"not_picked":["Predator","Flechettes","Eviscerate"],"picked":"SKIP","floor":21},{"not_picked":["Deflect","Cloak And Dagger","PiercingWail"],"picked":"SKIP","floor":22},{"not_picked":["Underhanded Strike","Bane","Outmaneuver"],"picked":"SKIP","floor":24},{"not_picked":["Calculated Gamble","Reflex"],"picked":"Backflip","floor":29},{"not_picked":["Slice","Dash","Underhanded Strike"],"picked":"SKIP","floor":31}],"player_experience":262113,"relics_obtained":[{"floor":8,"key":"CaptainsWheel"},{"floor":9,"key":"FossilizedHelix"},{"floor":13,"key":"Centennial Puzzle"},{"floor":24,"key":"Mercury Hourglass"},{"floor":26,"key":"Smiling Mask"},{"floor":31,"key":"White Beast Statue"}],"event_choices":[{"cards_removed":["Strike_G"],"damage_healed":0,"gold_gain":0,"player_choice":"Offered Basic","damage_taken":0,"max_hp_gain":0,"max_hp_loss":0,"event_name":"Bonfire Elementals","floor":2,"gold_loss":0},{"damage_healed":0,"gold_gain":0,"player_choice":"Ignored","damage_taken":0,"max_hp_gain":0,"max_hp_loss":0,"event_name":"Liars Game","floor":5,"gold_loss":0},{"damage_healed":0,"gold_gain":0,"player_choice":"Searched \u00271\u0027 times","damage_taken":0,"max_hp_gain":0,"max_hp_loss":0,"event_name":"Dead Adventurer","floor":7,"gold_loss":0},{"damage_healed":0,"gold_gain":0,"player_choice":"Shed Blood","damage_taken":23,"max_hp_gain":5,"max_hp_loss":0,"event_name":"Forgotten Altar","floor":19,"gold_loss":0},{"damage_healed":0,"gold_gain":0,"player_choice":"Inject Mutagens","damage_taken":0,"relics_obtained":["MutagenicStrength"],"max_hp_gain":0,"max_hp_loss":0,"event_name":"Drug Dealer","floor":25,"gold_loss":0}],"is_beta":false,"boss_relics":[{"not_picked":["HoveringKite","Ring of the Serpent"],"picked":"Philosopher\u0027s Stone"}],"items_purged_floors":[27],"is_endless":false,"potions_floor_spawned":[1,3,4,18,21,24,31],"killed_by":"Champ","ascension_level":19}}