{"host":"3fkfvghcp0rk081z","time":1613292691,"event":{"mods":["BaseMod","Better-Laid Plans","Minty Spire (QoL Compilation)","Quick Restart","StSLib","【功能Mod】Neow奖励","【功能Mod】强力的原版药水"],"gold_per_floor":[114,67,77,252,71,71,89,115,142,142,16,116,116,131,131,227,227,238,255,12,12,22,22,39,39,64,64,81,110,128,128,128,229,229,242,261,311,311,53,53,65,78,157,79,99,99,99,117,117,117],"floor_reached":51,"language":"ZHS","playtime":3133,"items_purged":["Doubt","Strike_B"],"score":673,"play_id":"eaaf5386-d2f3-400a-a206-d8ef4fda81e9","local_time":"20210214165131","is_ascension_mode":true,"campfire_choices":[{"data":"Dualcast","floor":6.0,"key":"SMITH"},{"data":"Heatsinks","floor":10.0,"key":"SMITH"},{"data":"Turbo","floor":13.0,"key":"SMITH"},{"data":"Defragment","floor":15.0,"key":"SMITH"},{"data":"Glacier","floor":23.0,"key":"SMITH"},{"data":"Ball Lightning","floor":25.0,"key":"SMITH"},{"data":"Ball Lightning","floor":27.0,"key":"SMITH"},{"floor":32.0,"key":"REST"},{"floor":40,"key":"REST"},{"data":"Finesse","floor":47,"key":"SMITH"},{"data":"Storm","floor":49,"key":"SMITH"}],"circlet_count":0,"master_deck":["Defend_B","Defend_B+1","Zap+1","Dualcast+1","Glacier+1","Ball Lightning+1","Ball Lightning+1","Heatsinks+1","Turbo+1","Defragment+1","Rebound+1","Multi-Cast+1","Storm+1","Coolheaded","Defragment+1","Rainbow","Thunder Strike","Self Repair+1","Self Repair","Finesse+1"],"relics":["OrangePellets","War Paint","Orichalcum","Astrolabe","Medical Kit","Nloth\u0027s Gift","Oddly Smooth Stone","Strawberry","Philosopher\u0027s Stone","Calipers","Mummified Hand","InkBottle"],"acts_visited":["Exordium","TheCity","TheBeyond"],"potions_floor_usage":[50],"damage_taken":[{"damage":6.0,"enemies":"Cultist","floor":1.0,"turns":3.0},{"damage":0.0,"enemies":"Small Slimes","floor":3.0,"turns":2.0},{"damage":0.0,"enemies":"2 Louse","floor":7.0,"turns":3.0},{"damage":16.0,"enemies":"3 Sentries","floor":8.0,"turns":7.0},{"damage":0.0,"enemies":"2 Fungi Beasts","floor":14.0,"turns":2.0},{"damage":12.0,"enemies":"The Guardian","floor":16.0,"turns":11.0},{"damage":0.0,"enemies":"3 Byrds","floor":18.0,"turns":8.0},{"damage":4.0,"enemies":"Spheric Guardian","floor":19.0,"turns":3.0},{"damage":10.0,"enemies":"Cultist and Chosen","floor":22.0,"turns":7.0},{"damage":1.0,"enemies":"Chosen and Byrds","floor":24.0,"turns":6.0},{"damage":10.0,"enemies":"Shelled Parasite and Fungi","floor":28.0,"turns":5.0},{"damage":34.0,"enemies":"Slavers","floor":29.0,"turns":4.0},{"damage":5.0,"enemies":"Snecko","floor":30.0,"turns":4.0},{"damage":21.0,"enemies":"Automaton","floor":33.0,"turns":8.0},{"damage":1,"enemies":"Orb Walker","floor":35,"turns":4},{"damage":41,"enemies":"3 Shapes","floor":36,"turns":4},{"damage":0,"enemies":"Mind Bloom Boss Battle","floor":37,"turns":8},{"damage":13,"enemies":"Jaw Worm Horde","floor":41,"turns":7},{"damage":0,"enemies":"Spire Growth","floor":42,"turns":3},{"damage":18,"enemies":"Maw","floor":45,"turns":10},{"damage":2,"enemies":"3 Darklings","floor":48,"turns":5},{"damage":39,"enemies":"Time Eater","floor":50,"turns":17}],"seed_played":"-1267343985036459472","potions_obtained":[{"floor":1.0,"key":"Strength Potion"},{"floor":8.0,"key":"Swift Potion"},{"floor":14.0,"key":"Ancient Potion"},{"floor":16.0,"key":"SpeedPotion"},{"floor":35,"key":"GamblersBrew"},{"floor":45,"key":"FairyPotion"}],"is_trial":false,"path_per_floor":["M","$","M","?","$","R","M","E","T","R","$","?","R","M","R","B",null,"M","M","$","?","M","R","M","R","T","R","M","E","M","?","R","B",null,"M","M","?","?","$","R","M","M","T","$","M","?","R","M","R","B",null],"character_chosen":"DEFECT","items_purchased":["Ball Lightning","OrangePellets","Heatsinks","Turbo","Medical Kit","Mummified Hand","Self Repair"],"campfire_rested":2,"item_purchase_floors":[2,5,5,11,20,39,44],"current_hp_per_floor":[69,69,69,69,69,69,69,53,53,53,53,53,53,53,53,41,75,75,71,71,71,61,61,60,60,60,60,50,23,18,18,42,21,82,81,40,50,50,50,74,71,81,81,81,80,80,80,82,82,60],"gold":117,"neow_bonus":"BOSS_RELIC","is_daily":false,"chose_seed":false,"campfire_upgraded":9,"win_rate":0.0,"timestamp":1613292691,"path_taken":["M","$","M","?","$","R","M","E","T","R","$","?","R","?","R","BOSS","M","M","$","?","?","R","M","R","T","R","M","E","M","?","R","BOSS","M","M","?","?","$","R","M","M","T","?","?","?","R","M","R","BOSS"],"items_purchased_type":["Card","Relic","Card","Card","Relic","Relic","Card"],"build_version":"2020-12-22","purchased_purges":2,"victory":true,"max_hp_per_floor":[75,75,75,75,75,75,75,75,75,75,75,75,75,75,75,75,75,75,75,75,75,75,75,75,75,75,75,75,82,82,82,82,82,82,82,82,82,82,82,82,82,82,82,82,82,82,82,82,82,82],"card_choices":[{"not_picked":["BootSequence","Barrage"],"picked":"Glacier","floor":1.0},{"not_picked":["Reprogram","Aggregate"],"picked":"Ball Lightning","floor":3.0},{"not_picked":["Beam Cell","Tempest","Go for the Eyes"],"picked":"SKIP","floor":7.0},{"not_picked":["Force Field","Barrage","Reprogram"],"picked":"SKIP","floor":8.0},{"not_picked":["Hologram","Reinforced Body"],"picked":"Defragment","floor":14.0},{"not_picked":["Hologram+1","Stack","Turbo"],"picked":"SKIP","floor":18.0},{"not_picked":["Capacitor","Gash"],"picked":"Storm","floor":19.0},{"not_picked":["Redo","Auto Shields","Barrage"],"picked":"SKIP","floor":22.0},{"not_picked":["Leap","Barrage","Echo Form"],"picked":"SKIP","floor":24.0},{"not_picked":["Melter","Cold Snap+1"],"picked":"Static Discharge","floor":28.0},{"not_picked":["Chill","Thunder Strike"],"picked":"Coolheaded","floor":29.0},{"not_picked":["Hello World+1","Barrage"],"picked":"Defragment+1","floor":30.0},{"not_picked":["Machine Learning","Amplify"],"picked":"Reboot","floor":33.0},{"not_picked":["BootSequence","Steam","Gash"],"picked":"SKIP","floor":35},{"not_picked":["Barrage","Cold Snap"],"picked":"Self Repair+1","floor":36},{"not_picked":["Compile Driver","Seek","BootSequence"],"picked":"SKIP","floor":41},{"not_picked":["Chill","Amplify","Ball Lightning+1"],"picked":"SKIP","floor":42},{"not_picked":["Leap+1","Ball Lightning+1","Compile Driver"],"picked":"SKIP","floor":45},{"not_picked":["Forethought","Metamorphosis"],"picked":"Finesse","floor":46},{"not_picked":["Turbo","Beam Cell+1","Gash+1"],"picked":"SKIP","floor":48}],"player_experience":26683,"relics_obtained":[{"floor":8.0,"key":"War Paint"},{"floor":9.0,"key":"Orichalcum"},{"floor":26.0,"key":"Oddly Smooth Stone"},{"floor":29.0,"key":"Strawberry"},{"floor":37,"key":"Calipers"},{"floor":43,"key":"InkBottle"}],"event_choices":[{"damage_healed":0.0,"max_hp_gain":0.0,"max_hp_loss":0.0,"gold_gain":175.0,"event_name":"Liars Game","player_choice":"AGREE","floor":4.0,"gold_loss":0.0,"damage_taken":0.0,"cards_obtained":["Doubt"]},{"damage_healed":0.0,"max_hp_gain":0.0,"max_hp_loss":0.0,"gold_gain":100.0,"event_name":"Golden Shrine","player_choice":"Pray","floor":12.0,"gold_loss":0.0,"damage_taken":0.0},{"damage_healed":0.0,"max_hp_gain":0.0,"max_hp_loss":0.0,"gold_gain":0.0,"event_name":"N\u0027loth","player_choice":"Traded Relic","floor":21.0,"relics_lost":["Empty Cage"],"gold_loss":0.0,"damage_taken":0.0,"relics_obtained":["Nloth\u0027s Gift"]},{"damage_healed":0.0,"max_hp_gain":0.0,"max_hp_loss":0.0,"gold_gain":0.0,"cards_transformed":["Turbo","Static Discharge"],"event_name":"Drug Dealer","player_choice":"Became Test Subject","floor":31.0,"gold_loss":0.0,"damage_taken":0.0,"cards_obtained":["Rainbow","Thunder Strike"]},{"damage_healed":0,"gold_gain":0,"player_choice":"Fight","damage_taken":0,"max_hp_gain":0,"max_hp_loss":0,"event_name":"MindBloom","floor":37,"gold_loss":0},{"cards_removed":["Reboot"],"damage_healed":0,"gold_gain":0,"player_choice":"Removed Skill","damage_taken":0,"max_hp_gain":0,"max_hp_loss":0,"event_name":"Falling","floor":38,"gold_loss":0},{"damage_healed":0,"gold_gain":0,"player_choice":"Memory 1","damage_taken":0,"max_hp_gain":0,"max_hp_loss":0,"event_name":"SensoryStone","floor":46,"gold_loss":0}],"is_beta":false,"boss_relics":[{"not_picked":["Tiny House","Calling Bell"],"picked":"Astrolabe"},{"not_picked":["SlaversCollar","Runic Pyramid"],"picked":"Philosopher\u0027s Stone"}],"items_purged_floors":[11,20],"is_endless":false,"potions_floor_spawned":[1,8,14,16,22,24,28,35,45,48],"ascension_level":1}}