{"host":"or8fr2mp0k3eluj8","time":1613311386,"event":{"mods":["AchievementEnabler","BaseMod","Colored Map","DeckTracker","Minty Spire (QoL Compilation)","SuperFastMode"],"gold_per_floor":[109,59,59,234,11,11,38,52,52,52,63,63,79,97,97,193,193,208,228,228,72,72,102,102,121,175,175,175,175,209,232,232,333,333,346,398,398,398],"floor_reached":37,"language":"KOR","playtime":1552,"items_purged":["Doubt"],"score":403,"play_id":"327947f8-3257-4c0d-bc1c-9d0ef572977d","local_time":"20210214230306","is_ascension_mode":false,"campfire_choices":[{"data":"Eruption","floor":6,"key":"SMITH"},{"floor":10,"key":"REST"},{"data":"MentalFortress","floor":12,"key":"SMITH"},{"floor":15,"key":"REST"},{"floor":24,"key":"REST"},{"data":"Scrawl","floor":27,"key":"SMITH"},{"data":"WheelKick","floor":29,"key":"SMITH"},{"floor":32,"key":"REST"}],"circlet_count":0,"master_deck":["Strike_P+1","Strike_P+1","Defend_P","Eruption+1","Vigilance","FollowUp","MentalFortress+1","Scrawl+1","WheelKick+1"],"relics":["PureWater","Du-Vu Doll","PreservedInsect","Whetstone","Empty Cage","Happy Flower","Tiny Chest","Ancient Tea Set","Bag of Marbles","Bag of Preparation","Black Star","Smiling Mask"],"acts_visited":["Exordium","TheCity","TheBeyond"],"potions_floor_usage":[16,16,30,33],"damage_taken":[{"damage":0,"enemies":"Cultist","floor":1,"turns":4},{"damage":57,"enemies":"Lagavulin","floor":7,"turns":6},{"damage":0,"enemies":"Small Slimes","floor":8,"turns":4},{"damage":0,"enemies":"2 Louse","floor":11,"turns":2},{"damage":0,"enemies":"Looter","floor":13,"turns":3},{"damage":0,"enemies":"Exordium Thugs","floor":14,"turns":3},{"damage":35,"enemies":"Slime Boss","floor":16,"turns":10},{"damage":0,"enemies":"Chosen","floor":18,"turns":3},{"damage":8,"enemies":"Spheric Guardian","floor":19,"turns":5},{"damage":28,"enemies":"Gremlin Leader","floor":23,"turns":4},{"damage":5,"enemies":"Cultist and Chosen","floor":25,"turns":4},{"damage":9,"enemies":"Slavers","floor":30,"turns":2},{"damage":30,"enemies":"Champ","floor":33,"turns":6},{"damage":41,"enemies":"3 Darklings","floor":35,"turns":5},{"damage":40,"enemies":"2 Orb Walkers","floor":37,"turns":2}],"seed_played":"-1257244431607555237","potions_obtained":[{"floor":1,"key":"Dexterity Potion"},{"floor":7,"key":"Swift Potion"},{"floor":14,"key":"LiquidMemories"},{"floor":19,"key":"Swift Potion"},{"floor":23,"key":"PowerPotion"},{"floor":30,"key":"Dexterity Potion"}],"is_trial":false,"path_per_floor":["M","?","?","?","$","R","E","M","T","R","M","R","M","M","R","B",null,"M","M","?","$","?","E","R","M","T","R","?","R","E","T","R","B",null,"M","T","?"],"character_chosen":"WATCHER","items_purchased":["PreservedInsect","Happy Flower"],"campfire_rested":4,"item_purchase_floors":[5,21],"current_hp_per_floor":[72,72,69,69,69,69,12,12,12,33,33,33,33,33,54,19,72,72,64,64,64,51,23,46,41,41,41,41,41,32,32,55,25,77,36,36,0,0],"gold":398,"neow_bonus":"REMOVE_CARD","is_daily":false,"chose_seed":false,"campfire_upgraded":4,"win_rate":0.0,"timestamp":1613311386,"path_taken":["M","?","?","?","?","R","E","M","T","R","M","R","?","M","R","BOSS","M","M","?","$","?","E","R","?","T","R","?","R","E","?","R","BOSS","M","?","?"],"items_purchased_type":["Relic","Relic"],"build_version":"2020-12-22","purchased_purges":1,"victory":false,"max_hp_per_floor":[72,72,72,72,72,72,72,72,72,72,72,72,72,72,72,72,72,72,72,72,72,77,77,77,77,77,77,77,77,77,77,77,77,77,77,77,77,77],"card_choices":[{"not_picked":["Nirvana","Evaluate","JustLucky"],"picked":"SKIP","floor":1},{"not_picked":["Swivel","CarveReality","Wireheading"],"picked":"SKIP","floor":7},{"not_picked":["Halt","ClearTheMind"],"picked":"FollowUp","floor":8},{"not_picked":["CutThroughFate","JustLucky"],"picked":"MentalFortress","floor":11},{"not_picked":["Collect","Evaluate","Vengeance"],"picked":"SKIP","floor":13},{"not_picked":["ForeignInfluence","ThirdEye","ClearTheMind"],"picked":"SKIP","floor":14},{"not_picked":["LessonLearned","MasterReality"],"picked":"Scrawl","floor":16},{"not_picked":["BowlingBash","EmptyFist","PathToVictory+1"],"picked":"SKIP","floor":18},{"not_picked":["EmptyBody","SashWhip","ThirdEye"],"picked":"SKIP","floor":19},{"not_picked":["Vengeance+1","Collect+1"],"picked":"WheelKick","floor":23},{"not_picked":["Indignation+1","MentalFortress","CutThroughFate"],"picked":"SKIP","floor":25},{"not_picked":["Conclude","ClearTheMind","FlyingSleeves"],"picked":"SKIP","floor":30},{"not_picked":["CarveReality+1","FlurryOfBlows+1","Sanctity+1"],"picked":"SKIP","floor":35}],"player_experience":305928,"relics_obtained":[{"floor":7,"key":"Whetstone"},{"floor":23,"key":"Tiny Chest"},{"floor":26,"key":"Ancient Tea Set"},{"floor":30,"key":"Bag of Marbles"},{"floor":31,"key":"Bag of Preparation"},{"floor":36,"key":"Smiling Mask"}],"event_choices":[{"cards_removed":["Strike_P"],"damage_healed":0,"gold_gain":0,"player_choice":"Card Removal","damage_taken":0,"max_hp_gain":0,"max_hp_loss":0,"event_name":"The Cleric","floor":2,"gold_loss":50},{"damage_healed":0,"gold_gain":0,"player_choice":"Success","damage_taken":3,"relics_obtained":["Du-Vu Doll"],"max_hp_gain":0,"max_hp_loss":0,"event_name":"Scrap Ooze","floor":3,"gold_loss":0},{"damage_healed":0,"gold_gain":175,"player_choice":"AGREE","damage_taken":0,"max_hp_gain":0,"max_hp_loss":0,"event_name":"Liars Game","floor":4,"gold_loss":0,"cards_obtained":["Doubt"]},{"cards_removed":["Defend_P"],"damage_healed":0,"gold_gain":0,"player_choice":"Elegance","damage_taken":0,"max_hp_gain":0,"max_hp_loss":0,"event_name":"Back to Basics","floor":20,"gold_loss":0},{"damage_healed":0,"gold_gain":0,"player_choice":"Shed Blood","damage_taken":18,"max_hp_gain":5,"max_hp_loss":0,"event_name":"Forgotten Altar","floor":22,"gold_loss":0},{"damage_healed":0,"gold_gain":0,"player_choice":"Ignored","damage_taken":0,"max_hp_gain":0,"max_hp_loss":0,"event_name":"Ghosts","floor":28,"gold_loss":0},{"damage_healed":0,"gold_gain":0,"player_choice":"Fight","damage_taken":0,"max_hp_gain":0,"max_hp_loss":0,"event_name":"Mysterious Sphere","floor":37,"gold_loss":0}],"is_beta":false,"boss_relics":[{"not_picked":["Velvet Choker","Runic Pyramid"],"picked":"Empty Cage"},{"not_picked":["Coffee Dripper","Astrolabe"],"picked":"Black Star"}],"items_purged_floors":[5],"is_endless":false,"potions_floor_spawned":[1,7,14,19,23,30],"killed_by":"2 Orb Walkers","ascension_level":0}}