{"host":"nkolxg4se00n20yf","time":1613299799,"event":{"mods":["BaseMod","CatGirl Mod","Chen","Colored Map","Colored Powertips","Downfall","Friendly Minions","Infinite Spire","Kiyohime????","Marisa????????","Minty Spire (QoL Compilation)","StSLib","Td1madao Mod","The Administrix","The Cursed","The Exalted","The Hierophant","The Servant 0.9.4"],"gold_per_floor":[215,233,233,249,261,261,261,272,272,272,304,304,321,338,338,409,409,424,441,456,456,456,456,126,156,156,156,175,189,189,204,204,216,216],"floor_reached":33,"language":"ENG","playtime":2909,"items_purged":[],"score":447,"play_id":"5345f529-99ca-4023-a8f4-bee1e88a5475","local_time":"20210214114959","is_ascension_mode":true,"campfire_choices":[{"floor":6.0,"key":"REST"},{"floor":10.0,"key":"REST"},{"floor":12.0,"key":"REST"},{"data":"Buffer","floor":15.0,"key":"SMITH"},{"data":"infinitespire:Starlight","floor":23.0,"key":"SMITH"},{"floor":27.0,"key":"REST"},{"data":"Trip","floor":32.0,"key":"SMITH"}],"circlet_count":0,"master_deck":["AscendersBane","Strike_B+1","Strike_B+1","Strike_B+1","Strike_B+1","Defend_B+1","Defend_B+1","Defend_B+1","Defend_B+1","Zap","Dualcast","Reprogram+1","Sweeping Beam","Consume","Gash","Scrape","Buffer+1","Steam","Conserve Battery","Amplify","Fusion+1","Go for the Eyes","Go for the Eyes","infinitespire:Starlight+1","Trip+1","Leap+1"],"relics":["Cracked Core","Strawberry","Ancient Tea Set","infinitespire:CheckeredPen","infinitespire:Cupcake","TheAbacus","Bromod:ArcaneAwakening","Meat on the Bone","infinitespire:Midas Blood"],"acts_visited":["Exordium","TheCity"],"potions_floor_usage":[],"damage_taken":[{"damage":6.0,"enemies":"Jaw Worm","floor":1.0,"turns":4.0},{"damage":0.0,"enemies":"Small Slimes","floor":2.0,"turns":3.0},{"damage":0.0,"enemies":"Cultist","floor":4.0,"turns":3.0},{"damage":57.0,"enemies":"Exordium Thugs","floor":5.0,"turns":7.0},{"damage":14.0,"enemies":"Blue Slaver","floor":8.0,"turns":5.0},{"damage":19.0,"enemies":"3 Sentries","floor":11.0,"turns":5.0},{"damage":0.0,"enemies":"3 Louse","floor":13.0,"turns":2.0},{"damage":0.0,"enemies":"Looter","floor":14.0,"turns":4.0},{"damage":50.0,"enemies":"Hexaghost","floor":16.0,"turns":12.0},{"damage":0.0,"enemies":"Spheric Guardian","floor":18.0,"turns":4.0},{"damage":0.0,"enemies":"3 Byrds","floor":19.0,"turns":5.0},{"damage":16.0,"enemies":"Snake Plant","floor":20.0,"turns":5.0},{"damage":68.0,"enemies":"Book of Stabbing","floor":25.0,"turns":7.0},{"damage":0.0,"enemies":"Snecko","floor":28.0,"turns":5.0},{"damage":0.0,"enemies":"Chosen and Byrds","floor":29.0,"turns":7.0},{"damage":12.0,"enemies":"Cultist and Chosen","floor":31.0,"turns":8.0},{"damage":107,"enemies":"Champ","floor":33,"turns":14}],"seed_played":"-8397327458898728208","potions_obtained":[{"floor":2.0,"key":"Fruit Juice"},{"floor":5.0,"key":"Strength Potion"},{"floor":11.0,"key":"Energy Potion"},{"floor":14.0,"key":"Swift Potion"},{"floor":16.0,"key":"Fire Potion"},{"floor":20.0,"key":"sneckomod:MuddlingPotion"},{"floor":29.0,"key":"sneckomod:MuddlingPotion"}],"is_trial":false,"path_per_floor":["M","M","?","M","M","R","?","M","T","R","E","R","M","M","R","B",null,"M","M","M","AVR","?","R","$","E","T","R","M","M","?","M","R","B"],"character_chosen":"DEFECT","items_purchased":["Bromod:ArcaneAwakening","Trip"],"campfire_rested":4,"item_purchase_floors":[24,24],"current_hp_per_floor":[62,67,74,74,17,43,43,29,29,55,36,62,62,62,62,12,68,68,68,52,52,81,81,81,13,13,39,54,69,69,72,72,0,0],"gold":216,"neow_bonus":"HUNDRED_GOLD","is_daily":false,"chose_seed":false,"campfire_upgraded":3,"win_rate":0.0,"timestamp":1613299799,"path_taken":["M","M","?","M","M","R","?","M","T","R","E","R","?","M","R","BOSS","M","M","M","AVR","?","R","$","E","T","R","M","M","?","M","R","BOSS"],"items_purchased_type":["Relic","Card"],"build_version":"2020-12-22","purchased_purges":0,"victory":false,"max_hp_per_floor":[75,80,87,87,87,87,87,87,87,87,87,87,87,87,87,87,87,87,87,87,87,87,87,87,87,87,87,87,87,87,87,87,87,87],"card_choices":[{"not_picked":["Leap","Streamline"],"picked":"Reprogram","floor":1.0},{"not_picked":["Streamline","Chaos"],"picked":"Sweeping Beam","floor":2.0},{"not_picked":["Cold Snap","Turbo"],"picked":"Consume","floor":4.0},{"not_picked":["Cold Snap","Aggregate"],"picked":"Gash","floor":5.0},{"not_picked":["Tempest","Leap"],"picked":"Scrape","floor":8.0},{"not_picked":["Rip and Tear","Tempest"],"picked":"Buffer","floor":11.0},{"not_picked":["Coolheaded","Redo"],"picked":"Steam","floor":13.0},{"not_picked":["Coolheaded","Scrape"],"picked":"Conserve Battery","floor":14.0},{"not_picked":["Buffer","Electrodynamics"],"picked":"Amplify","floor":16.0},{"not_picked":["Stack","FTL"],"picked":"Fusion+1","floor":18.0},{"not_picked":["Stack+1","Ball Lightning"],"picked":"Go for the Eyes","floor":19.0},{"not_picked":["Hologram","Barrage"],"picked":"Go for the Eyes","floor":20.0},{"not_picked":["Multi-Cast","Coolheaded","Steam Power"],"picked":"SKIP","floor":25.0},{"not_picked":["Beam Cell","Recycle"],"picked":"Leap+1","floor":28.0},{"not_picked":["Go for the Eyes","Turbo","Fusion"],"picked":"SKIP","floor":29.0},{"not_picked":["Force Field","Compile Driver","Sweeping Beam"],"picked":"SKIP","floor":31.0}],"player_experience":1129938,"relics_obtained":[{"floor":3.0,"key":"Strawberry"},{"floor":9.0,"key":"Ancient Tea Set"},{"floor":11.0,"key":"infinitespire:CheckeredPen"},{"floor":25.0,"key":"Meat on the Bone"},{"floor":26.0,"key":"infinitespire:Midas Blood"}],"event_choices":[{"damage_healed":0.0,"max_hp_gain":0.0,"max_hp_loss":0.0,"gold_gain":0.0,"event_name":"Upgrade Shrine","player_choice":"Upgraded","floor":7.0,"gold_loss":0.0,"damage_taken":0.0,"cards_upgraded":["Reprogram"]},{"damage_healed":29.0,"max_hp_gain":0.0,"max_hp_loss":0.0,"gold_gain":0.0,"event_name":"The Library","player_choice":"Heal","floor":22.0,"gold_loss":0.0,"damage_taken":0.0},{"damage_healed":0.0,"max_hp_gain":0.0,"max_hp_loss":0.0,"gold_gain":0.0,"event_name":"Back to Basics","player_choice":"Simplicity","floor":30.0,"gold_loss":0.0,"damage_taken":0.0,"cards_upgraded":["Strike_B","Strike_B","Strike_B","Strike_B","Defend_B","Defend_B","Defend_B","Defend_B"]}],"is_beta":false,"boss_relics":[{"not_picked":["Bromod:ArcaneBarrier","Tiny House"],"picked":"infinitespire:Cupcake"}],"items_purged_floors":[],"is_endless":false,"potions_floor_spawned":[2,5,11,14,16,20,29],"killed_by":"Champ","ascension_level":13}}