{"host":"2d926qfvvz477zl6","time":1613282322,"event":{"mods":["Aspiration","BaseMod","Bossed Relics","Challenge The Spire","Conspire","Downfall","Energized Spire","GungeonMod","Halation","Hermit","Hubris","Infinite Spire","Marked Mod","Minty Spire (QoL Compilation)","Morshu Shopkeeper","Rare Cards Sparkle","Reliquary","Replay The Spire","Retaliation","Shedinja","Somnambulant","Spicy Shops","StSLib","Td1madao Mod","The Blue Laboratory","The Bug Knight","The Disciple","The Hierophant","The IronCluck","The Senshi","Wandering Minibosses","Wide Potions","everything is the same but u backflip on backflip","slay the spire mod where everything is the same but ironclad has a cowboy hat"],"gold_per_floor":[99,115,31,50,50,68,91,91,91],"floor_reached":8,"language":"ENG","playtime":325,"items_purged":[],"score":48,"play_id":"c3d5830f-f306-4be9-a216-5e312769afe9","local_time":"20210214005842","is_ascension_mode":true,"campfire_choices":[{"floor":1.0,"key":"RECALL"}],"circlet_count":0,"master_deck":["Shedinja:Scratch","Shedinja:Scratch","Shedinja:Scratch","Shedinja:Scratch","Shedinja:Scratch","Shedinja:Endure","Shedinja:Endure","Shedinja:Endure","Shedinja:Endure","Shedinja:Endure","Shedinja:FocusSash","Shedinja:FocusSash","Shedinja:MetalClaw","Shedinja:StruggleBug","Shedinja:ShadowClaw","Shedinja:ShadowClaw","Shedinja:DoubleTeam"],"relics":["Shedinja:WonderGuard","DemoMod:GlassGuonStoneRelic","DemoMod:ResourcefulSack"],"acts_visited":["Exordium"],"potions_floor_usage":[8],"damage_taken":[{"damage":0.0,"enemies":"Cultist","floor":2.0,"turns":6.0},{"damage":0.0,"enemies":"downfall:FleeingMerchant","floor":3.0,"turns":4.0},{"damage":0.0,"enemies":"2 Louse","floor":4.0,"turns":2.0},{"damage":0.0,"enemies":"Jaw Worm","floor":6.0,"turns":4.0},{"damage":18,"enemies":"Lagavulin","floor":8,"turns":9}],"seed_played":"-7598941277195135843","potions_obtained":[{"floor":4.0,"key":"bronze:BurnAndBuffPotion"}],"is_trial":false,"path_per_floor":["R","M","$","M","?","M","T","E"],"character_chosen":"THE_DEFAULT","items_purchased":["Shedinja:ShadowClaw"],"campfire_rested":0,"item_purchase_floors":[3],"current_hp_per_floor":[1,1,1,1,1,1,1,0,0],"gold":91,"neow_bonus":"TEN_PERCENT_HP_BONUS","is_daily":false,"chose_seed":false,"campfire_upgraded":0,"win_rate":0.0,"timestamp":1613282322,"path_taken":["R","M","?","M","?","?","T","E"],"items_purchased_type":["Card"],"build_version":"2020-12-22","purchased_purges":0,"victory":false,"max_hp_per_floor":[1,1,1,1,1,1,1,1,1],"card_choices":[{"not_picked":["Shedinja:ShadowBall","Shedinja:Harden"],"picked":"Shedinja:MetalClaw","floor":2.0},{"not_picked":["Shedinja:FinalGambit","Shedinja:SuckerPunch"],"picked":"Shedinja:StruggleBug","floor":3.0},{"not_picked":["Shedinja:NightSlash","Shedinja:HoneClaws"],"picked":"Shedinja:ShadowClaw","floor":4.0},{"not_picked":["Shedinja:SuckerPunch","Shedinja:Harden"],"picked":"Shedinja:DoubleTeam","floor":6.0}],"player_experience":415961,"relics_obtained":[{"floor":5.0,"key":"DemoMod:ResourcefulSack"}],"event_choices":[{"damage_healed":0.0,"max_hp_gain":0.0,"max_hp_loss":0.0,"gold_gain":0.0,"event_name":"Wheel of Change","player_choice":"Relic","floor":5.0,"gold_loss":0.0,"damage_taken":0.0}],"is_beta":false,"boss_relics":[],"items_purged_floors":[],"is_endless":false,"potions_floor_spawned":[4],"killed_by":"Lagavulin","ascension_level":1}}