{"host":"kxya7qjdvg38mg2t","time":1613339170,"event":{"mods":["AchievementEnabler","BaseMod","Colored Powertips","Highlight Path","Minty Spire (QoL Compilation)","Rare Cards Sparkle","Replay The Spire","StSLib"],"gold_per_floor":[110,121,141,161,178,205,216,216,243,115,115,133,133,158,158,255,255,272,272,117,128,142,142,82,110,186,199,225,239,149,164,164,259,359,377,392,392,392,403,403,430,430,430,449,461,461,496,509,509,509],"floor_reached":51,"language":"ENG","playtime":16046,"items_purged":[],"score":800,"play_id":"f65a1a35-f1e7-423b-b263-f28f4727ac6a","local_time":"20210214134610","is_ascension_mode":true,"campfire_choices":[{"floor":8.0,"key":"REST"},{"data":"Searing Blow","floor":11.0,"key":"SMITH"},{"data":"Searing Blow+1","floor":13.0,"key":"SMITH"},{"floor":23.0,"key":"REST"},{"floor":32.0,"key":"REST"},{"floor":40.0,"key":"REST"},{"data":"Searing Blow+2","floor":42.0,"key":"SMITH"},{"floor":46.0,"key":"REST"},{"data":"Replay:Undeath\u0027s Touch","floor":49,"key":"SMITH"}],"circlet_count":0,"master_deck":["Strike_R","Strike_R","Strike_R","Strike_R","Strike_R","Defend_R","Defend_R","Defend_R","Bash","Replay:Undeath\u0027s Touch+1","Twin Strike","Clash","Searing Blow+3","Clash+1","ReplayTheSpireMod:Corrosion Curse","Pummel","Pummel","Spot Weakness+1","Replay:Undeath\u0027s Touch","Rage","Berserk","Headbutt","Spot Weakness+1","Armaments","Infernal Blade","Iron Wave","Power Through","ReplayTheSpireMod:Limb From Limb+1","Reckless Charge","Iron Wave","Limit Break","Pommel Strike+1","Iron Wave+1","Thunderclap","Immolate","Replay:Undeath\u0027s Touch"],"relics":["Black Blood","NeowsBlessing","Bag of Preparation","Nunchaku","Lantern","DollysMirror","Ancient Tea Set","Kunai","Happy Flower","Replay:Wanted Poster","Omamori","Mummified Hand","Vajra"],"acts_visited":["Exordium","TheCity","TheBeyond"],"potions_floor_usage":[47,47,50,50],"damage_taken":[{"damage":0.0,"enemies":"Cultist","floor":1.0,"turns":1.0},{"damage":0.0,"enemies":"2 Louse","floor":2.0,"turns":1.0},{"damage":0.0,"enemies":"Small Slimes","floor":3.0,"turns":1.0},{"damage":12.0,"enemies":"Blue Slaver","floor":4.0,"turns":3.0},{"damage":19.0,"enemies":"Lots of Slimes","floor":5.0,"turns":6.0},{"damage":13.0,"enemies":"Lagavulin","floor":6.0,"turns":5.0},{"damage":3.0,"enemies":"3 Louse","floor":7.0,"turns":3.0},{"damage":0.0,"enemies":"Large Slime","floor":12.0,"turns":2.0},{"damage":22.0,"enemies":"3 Sentries","floor":14.0,"turns":4.0},{"damage":51.0,"enemies":"The Guardian","floor":16.0,"turns":8.0},{"damage":9.0,"enemies":"Chosen","floor":18.0,"turns":2.0},{"damage":4.0,"enemies":"3 Byrds","floor":21.0,"turns":3.0},{"damage":39.0,"enemies":"Snake Plant","floor":22.0,"turns":4.0},{"damage":26.0,"enemies":"Slavers","floor":25.0,"turns":5.0},{"damage":0.0,"enemies":"Snecko","floor":27.0,"turns":3.0},{"damage":43.0,"enemies":"Gremlin Leader","floor":28.0,"turns":3.0},{"damage":1.0,"enemies":"Cultist and Chosen","floor":29.0,"turns":4.0},{"damage":7.0,"enemies":"Sentry and Sphere","floor":31.0,"turns":4.0},{"damage":43.0,"enemies":"Automaton","floor":33.0,"turns":5.0},{"damage":32.0,"enemies":"3 Darklings","floor":35.0,"turns":6.0},{"damage":1.0,"enemies":"3 Shapes","floor":36.0,"turns":2.0},{"damage":70.0,"enemies":"3 Darklings","floor":39.0,"turns":5.0},{"damage":0.0,"enemies":"Reptomancer","floor":41.0,"turns":2.0},{"damage":3.0,"enemies":"Spire Growth","floor":44.0,"turns":2.0},{"damage":68.0,"enemies":"Writhing Mass","floor":45.0,"turns":6.0},{"damage":4,"enemies":"Giant Head","floor":47,"turns":5},{"damage":0,"enemies":"3 Darklings","floor":48,"turns":3},{"damage":57,"enemies":"Awakened One","floor":50,"turns":8}],"seed_played":"-7232719164481732971","potions_obtained":[{"floor":1.0,"key":"Swift Potion"},{"floor":2.0,"key":"Block Potion"},{"floor":4.0,"key":"Dexterity Potion"},{"floor":5.0,"key":"Fruit Juice"},{"floor":16.0,"key":"SteroidPotion"},{"floor":22.0,"key":"Elixir"},{"floor":25.0,"key":"Block Potion"},{"floor":28.0,"key":"ColorlessPotion"},{"floor":29.0,"key":"Block Potion"},{"floor":36.0,"key":"DuplicationPotion"},{"floor":44.0,"key":"LiquidBronze"},{"floor":45.0,"key":"Regen Potion"},{"floor":47,"key":"Dexterity Potion"}],"is_trial":false,"path_per_floor":["M","M","M","M","M","E","M","R","T","$","R","M","R","E","R","B",null,"M","?","$","M","M","R","?","E","T","M","E","M","?","M","R","B",null,"M","M","?","?","M","R","E","R","T","M","M","R","E","M","R","B",null],"character_chosen":"IRONCLAD","items_purchased":["Pummel","Spot Weakness","DollysMirror"],"campfire_rested":5,"item_purchase_floors":[10,10,20],"current_hp_per_floor":[80,80,80,74,66,59,62,85,85,85,85,85,85,69,85,40,85,85,69,69,77,50,77,77,63,63,75,44,55,55,60,87,56,90,70,81,81,90,32,59,71,71,71,80,24,51,73,85,85,40],"gold":509,"neow_bonus":"THREE_ENEMY_KILL","is_daily":false,"chose_seed":false,"campfire_upgraded":4,"win_rate":0.0,"timestamp":1613339170,"path_taken":["M","M","M","M","M","E","M","R","T","?","R","?","R","E","R","BOSS","M","?","$","M","M","R","?","E","T","M","E","M","?","?","R","BOSS","M","M","?","?","M","R","E","R","T","M","?","R","E","M","R","BOSS"],"items_purchased_type":["Card","Card","Relic"],"build_version":"2020-12-22","purchased_purges":0,"victory":true,"max_hp_per_floor":[80,80,80,80,85,85,85,85,85,85,85,85,85,85,85,85,85,85,90,90,90,90,90,90,90,90,90,90,90,90,90,90,90,90,90,90,90,90,90,90,90,90,90,90,90,90,90,90,90,90],"card_choices":[{"not_picked":["Rage","Body Slam"],"picked":"Replay:Undeath\u0027s Touch","floor":1.0},{"not_picked":["Power Through","Clash"],"picked":"Twin Strike","floor":2.0},{"not_picked":["True Grit","Clothesline"],"picked":"Clash","floor":3.0},{"not_picked":["True Grit","Pummel"],"picked":"Searing Blow","floor":4.0},{"not_picked":["Heavy Blade","True Grit"],"picked":"Clash","floor":5.0},{"not_picked":["Heavy Blade","Fire Breathing"],"picked":"ReplayReversal","floor":6.0},{"not_picked":["Iron Wave","Run Through"],"picked":"ReplayTheSpireMod:Corrosion Curse","floor":7.0},{"not_picked":["Headbutt","ReplayTheSpireMod:Strike From Hell"],"picked":"Replay:Undeath\u0027s Touch","floor":12.0},{"not_picked":["Rampage","Fiend Fire"],"picked":"Rage","floor":14.0},{"not_picked":["Barricade","Fiend Fire"],"picked":"Berserk","floor":16.0},{"not_picked":["Clash","Anger"],"picked":"Headbutt","floor":18.0},{"not_picked":["ReplayReversal","True Grit"],"picked":"Armaments","floor":21.0},{"not_picked":["True Grit+1","Wild Strike"],"picked":"Infernal Blade","floor":22.0},{"not_picked":["Battle Trance","Searing Blow+1"],"picked":"Iron Wave","floor":25.0},{"not_picked":["Battle Trance","Pummel"],"picked":"Power Through","floor":27.0},{"not_picked":["Clash+1","ReplayTheSpireMod:Strike From Hell"],"picked":"ReplayTheSpireMod:Limb From Limb+1","floor":28.0},{"not_picked":["Ghostly Armor","Anger"],"picked":"Reckless Charge","floor":29.0},{"not_picked":["Fire Breathing","Run Through+1"],"picked":"Iron Wave","floor":31.0},{"not_picked":["Berserk","Corruption"],"picked":"Limit Break","floor":33.0},{"not_picked":["Warcry+1","Clash"],"picked":"Pommel Strike+1","floor":35.0},{"not_picked":["Perfected Strike+1","Body Slam+1"],"picked":"Bloodletting+1","floor":36.0},{"not_picked":["Clash","Body Slam+1"],"picked":"Iron Wave+1","floor":39.0},{"not_picked":["Second Wind","Abandon"],"picked":"Thunderclap","floor":41.0},{"not_picked":["Clothesline+1","Pommel Strike","Sword Boomerang+1"],"picked":"SKIP","floor":44.0},{"not_picked":["Wild Strike","ReplayTheSpireMod:Muscle Training+1","Clothesline+1"],"picked":"SKIP","floor":45.0},{"not_picked":["Offering","ReplayTheSpireMod:Muscle Training"],"picked":"Immolate","floor":47},{"not_picked":["Clash+1","Sword Boomerang+1"],"picked":"Replay:Undeath\u0027s Touch","floor":48}],"player_experience":238774,"relics_obtained":[{"floor":6.0,"key":"Bag of Preparation"},{"floor":9.0,"key":"Nunchaku"},{"floor":14.0,"key":"Lantern"},{"floor":25.0,"key":"Ancient Tea Set"},{"floor":26.0,"key":"Kunai"},{"floor":28.0,"key":"Happy Flower"},{"floor":41.0,"key":"Omamori"},{"floor":43.0,"key":"Mummified Hand"},{"floor":47,"key":"Vajra"}],"event_choices":[{"damage_healed":0.0,"max_hp_gain":5.0,"max_hp_loss":0.0,"gold_gain":0.0,"event_name":"Forgotten Altar","player_choice":"Shed Blood","floor":19.0,"gold_loss":0.0,"damage_taken":21.0},{"cards_removed":["ReplayReversal"],"damage_healed":0.0,"max_hp_gain":0.0,"max_hp_loss":0.0,"gold_gain":0.0,"event_name":"Designer","player_choice":"Upgrade and Remove","floor":30.0,"gold_loss":90.0,"damage_taken":0.0,"cards_upgraded":["Clash"]},{"cards_removed":["Defend_R"],"damage_healed":0.0,"max_hp_gain":0.0,"max_hp_loss":0.0,"gold_gain":0.0,"event_name":"Falling","player_choice":"Removed Skill","floor":37.0,"gold_loss":0.0,"damage_taken":0.0},{"cards_removed":["Bloodletting"],"damage_healed":9.0,"max_hp_gain":0.0,"max_hp_loss":0.0,"gold_gain":0.0,"event_name":"Bonfire Elementals","player_choice":"Offered Uncommon","floor":38.0,"gold_loss":0.0,"damage_taken":0.0}],"is_beta":false,"boss_relics":[{"not_picked":["Cursed Key","Fusion Hammer"],"picked":"Black Blood"},{"not_picked":["ChewingGum","Kintsugi"],"picked":"Replay:Wanted Poster"}],"items_purged_floors":[],"is_endless":false,"potions_floor_spawned":[1,2,4,5,16,22,25,28,29,36,44,45,47],"ascension_level":1}}