{"host":"kda2p2afd6bvz6qo","time":1613266637,"event":{"mods":["BaseMod","Colored Map","Minty Spire (QoL Compilation)","Relic Stats"],"gold_per_floor":[112,124,143,143,89,5,32,32,32,32,32,32,76,91,91,184,184,203,64,64,80,80,80,106,106,106,31,31,31,31],"floor_reached":29,"language":"ENG","playtime":1111,"items_purged":["Strike_G"],"score":519,"play_id":"7c8c35c9-2917-491b-adf8-bfb88839dd9c","local_time":"20210214013717","is_ascension_mode":true,"campfire_choices":[{"data":"Dash","floor":8.0,"key":"SMITH"},{"data":"Sucker Punch","floor":11.0,"key":"SMITH"},{"data":"Footwork","floor":15.0,"key":"SMITH"},{"data":"Envenom","floor":23.0,"key":"SMITH"},{"data":"Blade Dance","floor":25.0,"key":"SMITH"}],"circlet_count":0,"master_deck":["AscendersBane","Defend_G","Defend_G","Defend_G","Defend_G","Survivor","Neutralize","Dash+1","Blade Dance+1","Finisher","Sucker Punch+1","Poisoned Stab","Footwork+1","Cloak And Dagger","Backflip","Envenom+1","Acrobatics","Noxious Fumes","PiercingWail","Bite","Bite","Bite","Bite","Bite"],"relics":["Coffee Dripper","Bottled Flame","Smiling Mask","Bloody Idol","WingedGreaves","FossilizedHelix","WristBlade","Ice Cream","Bottled Tornado"],"acts_visited":["Exordium","TheCity"],"potions_floor_usage":[29,29],"damage_taken":[{"damage":0.0,"enemies":"2 Louse","floor":1.0,"turns":3.0},{"damage":0.0,"enemies":"Jaw Worm","floor":2.0,"turns":4.0},{"damage":0.0,"enemies":"Small Slimes","floor":3.0,"turns":3.0},{"damage":6.0,"enemies":"Gremlin Nob","floor":7.0,"turns":3.0},{"damage":5.0,"enemies":"Lagavulin","floor":13.0,"turns":6.0},{"damage":0.0,"enemies":"2 Fungi Beasts","floor":14.0,"turns":3.0},{"damage":34.0,"enemies":"Hexaghost","floor":16.0,"turns":14.0},{"damage":2.0,"enemies":"Spheric Guardian","floor":18.0,"turns":4.0},{"damage":9.0,"enemies":"Shell Parasite","floor":21.0,"turns":5.0},{"damage":24.0,"enemies":"Gremlin Leader","floor":24.0,"turns":8.0},{"damage":41,"enemies":"Slavers","floor":29,"turns":3}],"seed_played":"1987519063465069608","potions_obtained":[{"floor":3.0,"key":"Strength Potion"},{"floor":13.0,"key":"Regen Potion"},{"floor":14.0,"key":"Dexterity Potion"},{"floor":18.0,"key":"LiquidBronze"},{"floor":21.0,"key":"DuplicationPotion"}],"is_trial":false,"path_per_floor":["M","M","M","?","?","$","E","R","T","?","R","T","E","M","R","B",null,"M","$","?","M","?","R","E","R","T","?","$","E"],"character_chosen":"THE_SILENT","items_purchased":["Sucker Punch","Poisoned Stab","Noxious Fumes","PiercingWail"],"campfire_rested":0,"item_purchase_floors":[6,6,19,19],"current_hp_per_floor":[59,59,59,52,52,52,46,46,46,46,46,46,41,41,41,7,47,45,45,45,56,42,42,33,33,33,33,33,0,0],"gold":31,"neow_bonus":"BOSS_RELIC","is_daily":false,"chose_seed":false,"campfire_upgraded":5,"win_rate":0.0,"timestamp":1613266637,"path_taken":["M","M","M","?","?","?","E","R","T","?","R","?","E","M","R","BOSS","M","$","?","M","?","R","E","R","T","?","?","E"],"items_purchased_type":["Card","Card","Card","Card"],"build_version":"2020-12-22","purchased_purges":1,"victory":false,"max_hp_per_floor":[66,66,66,66,66,66,66,66,66,60,60,60,60,60,60,60,60,60,60,60,60,42,42,42,42,42,42,42,42,42],"relic_stats":{"counters":[11,56],"Bloody Idol":10,"Smiling Mask":25,"obtain_stats":[{"Ice Cream":24,"Bottled Flame":7,"WristBlade":17,"Golden Idol":10,"Bloody Idol":20,"WingedGreaves":12,"Coffee Dripper":0,"Bottled Tornado":26,"Smiling Mask":9,"FossilizedHelix":13,"Ring of the Snake":0},{"Ice Cream":10,"Bottled Flame":4,"WristBlade":7,"Golden Idol":4,"Bloody Idol":8,"WingedGreaves":4,"Coffee Dripper":0,"Bottled Tornado":10,"Smiling Mask":4,"FossilizedHelix":5,"Ring of the Snake":0},{"Ice Cream":53,"Bottled Flame":13,"WristBlade":36,"Golden Idol":13,"Bloody Idol":40,"WingedGreaves":13,"Coffee Dripper":0,"Bottled Tornado":53,"Smiling Mask":13,"FossilizedHelix":19,"Ring of the Snake":0}]},"card_choices":[{"not_picked":["PiercingWail","Catalyst"],"picked":"Dash","floor":1.0},{"not_picked":["Bane","Prepared"],"picked":"Blade Dance","floor":2.0},{"not_picked":["All Out Attack","Eviscerate"],"picked":"Finisher","floor":3.0},{"not_picked":["Reflex","Dodge and Roll"],"picked":"Footwork","floor":7.0},{"not_picked":["Acrobatics","Eviscerate"],"picked":"Cloak And Dagger","floor":13.0},{"not_picked":["Masterful Stab","All Out Attack"],"picked":"Backflip","floor":14.0},{"not_picked":["Bullet Time","Unload"],"picked":"Envenom","floor":16.0},{"not_picked":["Bane","Dagger Throw"],"picked":"Acrobatics","floor":18.0},{"not_picked":["Slice","Bane","Tactician"],"picked":"SKIP","floor":21.0},{"not_picked":["Deadly Poison","Tactician","Dagger Throw"],"picked":"SKIP","floor":24.0}],"player_experience":255830,"relics_obtained":[{"floor":7.0,"key":"Bottled Flame"},{"floor":9.0,"key":"Smiling Mask"},{"floor":12.0,"key":"WingedGreaves"},{"floor":13.0,"key":"FossilizedHelix"},{"floor":24.0,"key":"Ice Cream"},{"floor":26.0,"key":"Bottled Tornado"}],"event_choices":[{"cards_removed":["Strike_G"],"damage_healed":0.0,"max_hp_gain":0.0,"max_hp_loss":0.0,"gold_gain":0.0,"event_name":"Golden Wing","player_choice":"Card Removal","floor":4.0,"gold_loss":0.0,"damage_taken":7.0},{"damage_healed":0.0,"max_hp_gain":0.0,"max_hp_loss":0.0,"gold_gain":0.0,"event_name":"World of Goop","player_choice":"Left Gold","floor":5.0,"gold_loss":54.0,"damage_taken":0.0},{"damage_healed":0.0,"max_hp_gain":0.0,"max_hp_loss":6.0,"gold_gain":0.0,"event_name":"Golden Idol","player_choice":"Lose Max HP","floor":10.0,"gold_loss":0.0,"damage_taken":0.0,"relics_obtained":["Golden Idol"]},{"damage_healed":0.0,"max_hp_gain":0.0,"max_hp_loss":0.0,"gold_gain":0.0,"event_name":"Forgotten Altar","player_choice":"Gave Idol","floor":20.0,"relics_lost":["Golden Idol"],"gold_loss":0.0,"damage_taken":0.0,"relics_obtained":["Bloody Idol"]},{"damage_healed":0.0,"max_hp_gain":0.0,"max_hp_loss":18.0,"gold_gain":0.0,"event_name":"Vampires","player_choice":"Became a vampire","floor":22.0,"gold_loss":0.0,"damage_taken":0.0,"cards_obtained":["Bite","Bite","Bite","Bite","Bite"]},{"cards_removed":["Defend_G"],"damage_healed":0.0,"max_hp_gain":0.0,"max_hp_loss":0.0,"gold_gain":0.0,"event_name":"Beggar","player_choice":"Gave Gold","floor":27.0,"gold_loss":75.0,"damage_taken":0.0}],"is_beta":false,"boss_relics":[{"not_picked":["Black Star","Ectoplasm"],"picked":"WristBlade"}],"items_purged_floors":[19],"is_endless":false,"potions_floor_spawned":[3,13,14,18,21],"killed_by":"Slavers","ascension_level":20}}