{"host":"p0hktren06injwdf","time":1613322154,"event":{"mods":["AchievementEnabler","BaseMod","Colored Map","DeckTracker","Minty Spire (QoL Compilation)","Permanent Neow","StSLib","SuperFastMode"],"gold_per_floor":[16,32,49,49,62,62,72,27,27,27,61,61,61,61,61,156,156,174,202,202,221,239,239,239,264,287,307,339,339,356,385,385,385,385],"floor_reached":33,"language":"KOR","playtime":392,"items_purged":[],"score":430,"play_id":"4c3d0304-9e40-4408-a06f-da19538f763e","local_time":"20210215020234","is_ascension_mode":false,"campfire_choices":[{"data":"Eruption","floor":6.0,"key":"SMITH"},{"floor":12.0,"key":"DIG"},{"data":"SignatureMove","floor":15.0,"key":"SMITH"},{"data":"Scrawl","floor":23.0,"key":"SMITH"},{"floor":29,"key":"DIG"},{"floor":32,"key":"REST"}],"circlet_count":0,"master_deck":["Strike_P","Strike_P","Defend_P","Defend_P","Eruption+1","Vigilance","InnerPeace","Tantrum","Consecrate","SignatureMove+1","Scrawl+1"],"relics":["PureWater","Shovel","Mercury Hourglass","Empty Cage","Red Mask","Ice Cream","Pen Nib","Letter Opener","Kunai","Tiny Chest"],"acts_visited":["Exordium","TheCity"],"potions_floor_usage":[25,25,25,28,31],"damage_taken":[{"damage":2.0,"enemies":"Small Slimes","floor":1.0,"turns":4.0},{"damage":1.0,"enemies":"Cultist","floor":2.0,"turns":4.0},{"damage":5.0,"enemies":"2 Louse","floor":3.0,"turns":2.0},{"damage":12.0,"enemies":"Looter","floor":5.0,"turns":3.0},{"damage":13.0,"enemies":"Exordium Wildlife","floor":7.0,"turns":3.0},{"damage":0.0,"enemies":"Lagavulin","floor":11.0,"turns":3.0},{"damage":0.0,"enemies":"Slime Boss","floor":16.0,"turns":2.0},{"damage":6.0,"enemies":"3 Byrds","floor":18.0,"turns":3.0},{"damage":0.0,"enemies":"Masked Bandits","floor":19.0,"turns":2.0},{"damage":0.0,"enemies":"Shell Parasite","floor":21.0,"turns":1.0},{"damage":15.0,"enemies":"Centurion and Healer","floor":22.0,"turns":3.0},{"damage":0,"enemies":"Book of Stabbing","floor":25,"turns":1},{"damage":6,"enemies":"Cultist and Chosen","floor":27,"turns":3},{"damage":0,"enemies":"Gremlin Leader","floor":28,"turns":2},{"damage":0,"enemies":"Snake Plant","floor":30,"turns":1},{"damage":28,"enemies":"Slavers","floor":31,"turns":3},{"damage":0,"enemies":"Automaton","floor":33,"turns":2}],"seed_played":"8479636772432987020","potions_obtained":[{"floor":5.0,"key":"SteroidPotion"},{"floor":7.0,"key":"EntropicBrew"},{"floor":16.0,"key":"Dexterity Potion"},{"floor":18.0,"key":"AttackPotion"},{"floor":25,"key":"AttackPotion"}],"is_trial":false,"path_per_floor":["M","M","M","?","M","R","M","$","T","?","E","R","$","?","R","B",null,"M","?","?","M","M","R","?","E","T","M","E","R","M","E","R","B"],"character_chosen":"WATCHER","items_purchased":["Consecrate"],"campfire_rested":1,"item_purchase_floors":[8],"current_hp_per_floor":[70,69,64,64,52,52,39,39,39,39,39,39,39,32,32,32,72,66,66,66,66,51,51,38,38,38,32,32,32,32,4,27,27,27],"gold":385,"neow_bonus":"REMOVE_TWO","is_daily":false,"chose_seed":false,"campfire_upgraded":3,"win_rate":0.0,"timestamp":1613322154,"path_taken":["M","M","M","?","M","R","?","$","T","?","E","R","$","?","R","BOSS","M","?","?","M","M","R","?","E","T","M","E","R","?","E","R","BOSS"],"items_purchased_type":["Card"],"build_version":"2020-12-22","purchased_purges":0,"victory":false,"max_hp_per_floor":[72,72,72,72,72,72,72,72,72,72,72,72,72,72,72,72,72,72,72,72,72,72,72,77,77,77,77,77,77,77,77,77,77,77],"card_choices":[{"not_picked":["JustLucky","PathToVictory","Protect"],"picked":"SKIP","floor":1.0},{"not_picked":["Protect","Collect"],"picked":"InnerPeace","floor":2.0},{"not_picked":["WreathOfFlame","WheelKick"],"picked":"Tantrum","floor":3.0},{"not_picked":["SashWhip","Study","PathToVictory"],"picked":"SKIP","floor":5.0},{"not_picked":["WreathOfFlame","BattleHymn","Prostrate"],"picked":"SKIP","floor":7.0},{"not_picked":["Scrawl","EmptyBody"],"picked":"SignatureMove","floor":11.0},{"not_picked":["Ragnarok","DeusExMachina"],"picked":"Scrawl","floor":16.0},{"not_picked":["EmptyMind","Weave","FollowUp"],"picked":"SKIP","floor":18.0},{"not_picked":["WheelKick","EmptyFist","EmptyMind"],"picked":"SKIP","floor":21.0},{"not_picked":["FlurryOfBlows","SashWhip+1","SignatureMove+1"],"picked":"SKIP","floor":22.0},{"not_picked":["Sanctity","JustLucky","DeceiveReality"],"picked":"SKIP","floor":25},{"not_picked":["ClearTheMind","EmptyFist","FollowUp+1"],"picked":"SKIP","floor":27},{"not_picked":["MasterReality","ClearTheMind","Weave"],"picked":"SKIP","floor":28},{"not_picked":["Swivel","JustLucky","ThirdEye"],"picked":"SKIP","floor":30},{"not_picked":["ForeignInfluence","PathToVictory","Weave"],"picked":"SKIP","floor":31}],"player_experience":1058939,"relics_obtained":[{"floor":11.0,"key":"Shovel"},{"floor":12.0,"key":"Mercury Hourglass"},{"floor":19.0,"key":"Red Mask"},{"floor":25,"key":"Ice Cream"},{"floor":26,"key":"Pen Nib"},{"floor":28,"key":"Letter Opener"},{"floor":29,"key":"Kunai"},{"floor":31,"key":"Tiny Chest"}],"event_choices":[{"damage_healed":0.0,"max_hp_gain":0.0,"max_hp_loss":0.0,"gold_gain":0.0,"event_name":"Wheel of Change","player_choice":"Cursed","floor":4.0,"gold_loss":0.0,"damage_taken":0.0,"cards_obtained":["Decay"]},{"damage_healed":0.0,"max_hp_gain":0.0,"max_hp_loss":0.0,"gold_gain":0.0,"event_name":"Scrap Ooze","player_choice":"Fled","floor":10.0,"gold_loss":0.0,"damage_taken":0.0},{"cards_removed":["Decay"],"damage_healed":0.0,"max_hp_gain":0.0,"max_hp_loss":0.0,"gold_gain":0.0,"event_name":"Golden Wing","player_choice":"Card Removal","floor":14.0,"gold_loss":0.0,"damage_taken":7.0},{"damage_healed":0.0,"max_hp_gain":0.0,"max_hp_loss":0.0,"gold_gain":0.0,"event_name":"Masked Bandits","player_choice":"Fought Bandits","floor":19.0,"gold_loss":0.0,"damage_taken":0.0},{"damage_healed":0.0,"max_hp_gain":0.0,"max_hp_loss":0.0,"gold_gain":0.0,"event_name":"The Mausoleum","player_choice":"Ignored","floor":20.0,"gold_loss":0.0,"damage_taken":0.0},{"damage_healed":0.0,"max_hp_gain":5.0,"max_hp_loss":0.0,"gold_gain":0.0,"event_name":"Forgotten Altar","player_choice":"Shed Blood","floor":24.0,"gold_loss":0.0,"damage_taken":18.0}],"is_beta":false,"boss_relics":[{"not_picked":["Philosopher\u0027s Stone","Tiny House"],"picked":"Empty Cage"}],"items_purged_floors":[],"is_endless":false,"potions_floor_spawned":[5,7,16,18,22,25],"killed_by":"Automaton","ascension_level":0}}