{"host":"fzjk61lpi4bwj033","time":1613272636,"event":{"mods":["BaseMod","Downfall","Hermit","Jorbs\u0027s Wanderer Trilogy","Minty Spire (QoL Compilation)","Rare Cards Sparkle","Relic Stats","StSLib"],"gold_per_floor":[113,263,69,85,85,85,105,138,187,187,199,227,0,10,10,87,87,99,99,99,111,121,121,137,166,166,180,180,192,192,192,192,266,266,279,279,279,299,318,351,351,351,375,375,393,413,432,460,460,460,460],"floor_reached":50,"language":"ENG","playtime":2047,"items_purged":["Doubt"],"score":1218,"play_id":"9e197e51-b0bc-4fc8-8ac3-b3eb94f85987","local_time":"20210213211716","is_ascension_mode":true,"campfire_choices":[{"data":"Crippling Poison","floor":6,"key":"SMITH"},{"data":"Wraith Form v2","floor":10,"key":"SMITH"},{"floor":15,"key":"REST"},{"data":"Catalyst","floor":23,"key":"SMITH"},{"data":"Neutralize","floor":28,"key":"SMITH"},{"floor":30,"key":"REST"},{"data":"Malaise","floor":32,"key":"SMITH"},{"floor":42,"key":"RECALL"},{"data":"Wraith Form v2","floor":44,"key":"SMITH"},{"data":"Well Laid Plans","floor":49,"key":"SMITH"}],"circlet_count":0,"master_deck":["AscendersBane","Strike_G+1","Strike_G+1","Strike_G+1","Defend_G+1","Defend_G+1","Defend_G+1","Defend_G+1","Defend_G+1","Survivor","Neutralize+1","Cloak And Dagger","Noxious Fumes","Crippling Poison+1","Backflip","Well Laid Plans+1","Wraith Form v2+1","Catalyst+1","Bouncing Flask","Malaise+1","Wraith Form v2+1","Dash"],"relics":["Ring of the Snake","sneckomod:BlankCard","PreservedInsect","Slimebound:StickyStick","Ginger","TwistedFunnel","Snecko Eye","Slimebound:PreparedRelic","Question Card","The Courier","Busted Crown","Blue Candle","bronze:BronzeIdol","Omamori"],"acts_visited":["Exordium","TheCity","TheBeyond"],"potions_floor_usage":[12,16,50,50],"damage_taken":[{"damage":1,"enemies":"Cultist","floor":1,"turns":4},{"damage":5,"enemies":"2 Louse","floor":4,"turns":2},{"damage":0,"enemies":"Jaw Worm","floor":7,"turns":4},{"damage":11,"enemies":"3 Sentries","floor":8,"turns":7},{"damage":8,"enemies":"Exordium Thugs","floor":11,"turns":4},{"damage":21,"enemies":"Gremlin Nob","floor":12,"turns":5},{"damage":1,"enemies":"Blue Slaver","floor":14,"turns":3},{"damage":1,"enemies":"Hexaghost","floor":16,"turns":8},{"damage":0,"enemies":"3 Byrds","floor":18,"turns":3},{"damage":2,"enemies":"Chosen","floor":21,"turns":5},{"damage":9,"enemies":"Shelled Parasite and Fungi","floor":22,"turns":5},{"damage":10,"enemies":"Cultist and Chosen","floor":24,"turns":4},{"damage":0,"enemies":"Book of Stabbing","floor":25,"turns":3},{"damage":0,"enemies":"Snecko","floor":27,"turns":5},{"damage":7,"enemies":"3 Cultists","floor":29,"turns":4},{"damage":7,"enemies":"Champ","floor":33,"turns":8},{"damage":4,"enemies":"3 Darklings","floor":35,"turns":5},{"damage":1,"enemies":"Orb Walker","floor":38,"turns":4},{"damage":0,"enemies":"Jaw Worm Horde","floor":39,"turns":4},{"damage":0,"enemies":"Giant Head","floor":40,"turns":6},{"damage":4,"enemies":"3 Darklings","floor":45,"turns":5},{"damage":4,"enemies":"Transient","floor":46,"turns":6},{"damage":1,"enemies":"4 Shapes","floor":47,"turns":4},{"damage":2,"enemies":"Nemesis","floor":48,"turns":5},{"damage":43,"enemies":"Donu and Deca","floor":50,"turns":11}],"seed_played":"-458995498284441706","potions_obtained":[{"floor":4,"key":"SteroidPotion"},{"floor":8,"key":"DistilledChaos"},{"floor":16,"key":"Dexterity Potion"},{"floor":21,"key":"DuplicationPotion"},{"floor":48,"key":"DistilledChaos"}],"is_trial":false,"path_per_floor":["M","?","$","M","?","R","M","E","T","R","M","E","$","M","R","B",null,"M","?","?","M","M","R","M","E","T","M","R","M","R","T","R","B",null,"M","?","?","M","M","E","?","R","T","R","M","M","M","E","R","B"],"character_chosen":"THE_SILENT","items_purchased":["Noxious Fumes","Crippling Poison","TwistedFunnel","Swift Potion"],"campfire_rested":2,"item_purchase_floors":[3,3,13,13],"current_hp_per_floor":[58,58,58,53,46,46,46,35,35,35,27,6,6,5,24,23,55,55,55,55,53,44,44,34,34,34,34,34,27,46,46,46,39,59,55,55,50,49,49,49,49,49,49,49,45,41,40,38,38,0,0],"gold":460,"neow_bonus":"RANDOM_COMMON_RELIC","is_daily":false,"chose_seed":false,"campfire_upgraded":7,"win_rate":0.0,"timestamp":1613272636,"path_taken":["M","?","$","M","?","R","M","E","T","R","M","E","?","?","R","BOSS","M","?","?","M","M","R","M","E","T","M","R","M","R","?","R","BOSS","M","?","?","M","M","E","?","R","T","R","M","M","?","E","R","BOSS"],"items_purchased_type":["Card","Card","Relic","Potion"],"build_version":"2020-12-22","purchased_purges":1,"victory":false,"max_hp_per_floor":[66,66,66,66,66,66,66,66,66,66,66,66,66,66,66,66,66,66,66,66,66,66,66,66,66,66,66,66,66,66,66,66,66,66,66,66,66,66,66,66,66,66,66,66,66,66,66,66,66,66,66],"relic_stats":{"Busted Crown":16,"counters":[25,124],"Blue Candle":[0],"Snecko Eye":[151,166,177,160],"PreservedInsect":245,"Ginger":[13],"Question Card":11,"obtain_stats":[{"TwistedFunnel":13,"sneckomod:BlankCard":0,"Blue Candle":37,"PreservedInsect":8,"The Courier":31,"Omamori":48,"Ginger":12,"Question Card":26,"bronze:BronzeIdol":40,"Busted Crown":34,"Slimebound:StickyStick":9,"Snecko Eye":17,"Slimebound:PreparedRelic":25,"Ring of the Snake":0},{"TwistedFunnel":6,"sneckomod:BlankCard":0,"Blue Candle":17,"PreservedInsect":4,"The Courier":15,"Omamori":24,"Ginger":6,"Question Card":13,"bronze:BronzeIdol":20,"Busted Crown":16,"Slimebound:StickyStick":4,"Snecko Eye":8,"Slimebound:PreparedRelic":13,"Ring of the Snake":0},{"TwistedFunnel":26,"sneckomod:BlankCard":0,"Blue Candle":79,"PreservedInsect":17,"The Courier":66,"Omamori":113,"Ginger":26,"Question Card":57,"bronze:BronzeIdol":93,"Busted Crown":74,"Slimebound:StickyStick":17,"Snecko Eye":37,"Slimebound:PreparedRelic":57,"Ring of the Snake":0}],"Ring of the Snake":[50]},"card_choices":[{"not_picked":["Flying Knee","Underhanded Strike"],"picked":"Cloak And Dagger","floor":1},{"not_picked":["Distraction","Calculated Gamble"],"picked":"Backflip","floor":4},{"not_picked":["Dagger Throw","Deflect"],"picked":"Well Laid Plans","floor":7},{"not_picked":["Acrobatics","Skewer"],"picked":"Wraith Form v2","floor":8},{"not_picked":["Distraction","Cloak And Dagger","Prepared"],"picked":"SKIP","floor":11},{"not_picked":["Cloak And Dagger","Riddle With Holes"],"picked":"Catalyst","floor":12},{"not_picked":["Eviscerate","Flying Knee"],"picked":"Bouncing Flask","floor":14},{"not_picked":["Phantasmal Killer","Die Die Die"],"picked":"Malaise","floor":16},{"not_picked":["Poisoned Stab","Underhanded Strike","Dagger Spray"],"picked":"SKIP","floor":18},{"not_picked":["Dodge and Roll","Well Laid Plans+1","Blade Dance"],"picked":"SKIP","floor":21},{"not_picked":["Flechettes","PiercingWail","Heel Hook"],"picked":"SKIP","floor":22},{"not_picked":["Blade Dance","Cloak And Dagger","Backflip+1"],"picked":"SKIP","floor":24},{"not_picked":["Slice+1","Acrobatics","Bane"],"picked":"SKIP","floor":25},{"not_picked":["Riddle With Holes","Dagger Spray","Endless Agony+1","Underhanded Strike"],"picked":"SKIP","floor":27},{"not_picked":["Riddle With Holes","Dagger Spray","Endless Agony+1","Underhanded Strike"],"picked":"SKIP","floor":27},{"not_picked":["Backflip","Setup","Terror","Venomology"],"picked":"SKIP","floor":29},{"not_picked":["Unload","Doppelganger","Bullet Time"],"picked":"Wraith Form v2","floor":33},{"not_picked":["Outmaneuver","Backflip"],"picked":"SKIP","floor":35},{"not_picked":["Infinite Blades","Sucker Punch"],"picked":"SKIP","floor":38},{"not_picked":["Cloak And Dagger","Footwork"],"picked":"SKIP","floor":39},{"not_picked":["Dagger Throw+1","Sucker Punch"],"picked":"SKIP","floor":40},{"not_picked":["Bane","Unload"],"picked":"SKIP","floor":45},{"not_picked":["Well Laid Plans","Flechettes"],"picked":"SKIP","floor":46},{"not_picked":["Outmaneuver+1","Backflip"],"picked":"SKIP","floor":47},{"not_picked":["Blur"],"picked":"Dash","floor":48}],"player_experience":847542,"relics_obtained":[{"floor":8,"key":"PreservedInsect"},{"floor":9,"key":"Slimebound:StickyStick"},{"floor":12,"key":"Ginger"},{"floor":25,"key":"Slimebound:PreparedRelic"},{"floor":26,"key":"Question Card"},{"floor":31,"key":"The Courier"},{"floor":40,"key":"bronze:BronzeIdol"},{"floor":48,"key":"Omamori"}],"event_choices":[{"damage_healed":0,"gold_gain":150,"player_choice":"AGREE","damage_taken":0,"max_hp_gain":0,"max_hp_loss":0,"event_name":"Liars Game","floor":2,"gold_loss":0,"cards_obtained":["Doubt"]},{"cards_removed":["Strike_G"],"damage_healed":0,"gold_gain":0,"player_choice":"Card Removal","damage_taken":7,"max_hp_gain":0,"max_hp_loss":0,"event_name":"Golden Wing","floor":5,"gold_loss":0},{"damage_healed":0,"gold_gain":0,"player_choice":"Ignored","damage_taken":0,"max_hp_gain":0,"max_hp_loss":0,"event_name":"The Mausoleum","floor":19,"gold_loss":0},{"damage_healed":0,"gold_gain":0,"player_choice":"Simplicity","damage_taken":0,"max_hp_gain":0,"max_hp_loss":0,"event_name":"Back to Basics","floor":20,"gold_loss":0,"cards_upgraded":["Strike_G","Strike_G","Strike_G","Strike_G","Defend_G","Defend_G","Defend_G","Defend_G","Defend_G"]},{"damage_healed":0,"gold_gain":0,"player_choice":"Ignored","damage_taken":0,"max_hp_gain":0,"max_hp_loss":0,"event_name":"Tomb of Lord Red Mask","floor":36,"gold_loss":0},{"cards_removed":["Strike_G"],"damage_healed":0,"gold_gain":0,"player_choice":"Removed Attack","damage_taken":0,"max_hp_gain":0,"max_hp_loss":0,"event_name":"Falling","floor":41,"gold_loss":0}],"is_beta":false,"boss_relics":[{"not_picked":["sneckomod:SneckoTalon","Empty Cage"],"picked":"Snecko Eye"},{"not_picked":["Calling Bell","Pandora\u0027s Box"],"picked":"Busted Crown"}],"items_purged_floors":[3],"is_endless":false,"potions_floor_spawned":[4,8,11,16,21,24,35,39,47,48],"killed_by":"Donu and Deca","ascension_level":20}}