{"host":"lg1lbglystyxcosi","time":1613294855,"event":{"mods":["AchievementEnabler","BaseMod","Better Third Choice","BetterRewards","Colored Powertips","Minty Spire (QoL Compilation)","Quick Restart","Shop Mod","StSLib","¡¾ÒÅÎï¿¨ÅÆ¡¿REMEMod"],"gold_per_floor":[118,118,118,118,129,129,145,172,195,269,269,269,284,384,384,483,483,494,494,494,494,346,346,363,363,363,389,401,401,501,514,514,514,514],"floor_reached":33,"language":"ZHS","playtime":811,"items_purged":[],"score":374,"play_id":"8f3e1d7c-9281-40a2-8af0-9af7d2617510","local_time":"20210214172735","is_ascension_mode":true,"campfire_choices":[{"floor":6.0,"key":"REST"},{"data":"REME_EyeOfCthun","floor":15.0,"key":"SMITH"},{"data":"REME_HeartOfCthun","floor":23.0,"key":"SMITH"},{"floor":25.0,"key":"REST"},{"data":"Demon Form","floor":32.0,"key":"SMITH"}],"circlet_count":0,"master_deck":["AscendersBane","Strike_R","Strike_R+1","Strike_R+1","Defend_R","Defend_R","Defend_R","Defend_R","Bash","REME_EyeOfCthun+1","REME_HeartOfCthun+1","Demon Form+1","RitualDagger"],"relics":["Burning Blood","REME_ComplimentaryCards","Bird Faced Urn","Orichalcum","Juzu Bracelet","Vajra","Empty Cage","Bag of Marbles","REME_PuzzleBoxRelic","Oddly Smooth Stone","Peace Pipe","Self Forming Clay"],"acts_visited":["Exordium","TheCity"],"potions_floor_usage":[],"damage_taken":[{"damage":3.0,"enemies":"2 Louse","floor":1.0,"turns":2.0},{"damage":0.0,"enemies":"Small Slimes","floor":5.0,"turns":1.0},{"damage":7.0,"enemies":"Jaw Worm","floor":7.0,"turns":3.0},{"damage":8.0,"enemies":"3 Sentries","floor":8.0,"turns":3.0},{"damage":0.0,"enemies":"2 Fungi Beasts","floor":13.0,"turns":2.0},{"damage":32.0,"enemies":"Slime Boss","floor":16.0,"turns":5.0},{"damage":16.0,"enemies":"Shell Parasite","floor":18.0,"turns":3.0},{"damage":8.0,"enemies":"Chosen","floor":24.0,"turns":4.0},{"damage":28.0,"enemies":"Shelled Parasite and Fungi","floor":28.0,"turns":3.0},{"damage":0.0,"enemies":"Colosseum Slavers","floor":30.0,"turns":1.0},{"damage":0.0,"enemies":"Colosseum Nobs","floor":30.0,"turns":2.0},{"damage":13.0,"enemies":"Centurion and Healer","floor":31.0,"turns":3.0},{"damage":34,"enemies":"Automaton","floor":33,"turns":6}],"seed_played":"-727033283506658550","potions_obtained":[{"floor":1.0,"key":"SkillPotion"},{"floor":5.0,"key":"DistilledChaos"},{"floor":13.0,"key":"Fruit Juice"},{"floor":24.0,"key":"Regen Potion"},{"floor":28.0,"key":"Fire Potion"}],"is_trial":false,"path_per_floor":["M","?","$","?","M","R","M","E","T","?","?","?","M","?","R","B",null,"M","$","?","?","$","R","M","R","T","T","M","?","?","M","R","B"],"character_chosen":"IRONCLAD","items_purchased":["REME_HeartOfCthun","Bag of Marbles"],"campfire_rested":2,"item_purchase_floors":[0,22],"current_hp_per_floor":[51,35,35,28,34,58,57,55,55,55,55,80,80,80,80,59,79,69,69,53,47,47,47,45,72,72,72,55,55,67,64,64,32,32],"gold":514,"neow_bonus":"","is_daily":false,"chose_seed":false,"campfire_upgraded":3,"win_rate":0.0,"timestamp":1613294855,"path_taken":["M","?","$","?","M","R","M","E","T","?","?","?","M","?","R","BOSS","M","$","?","?","$","R","M","R","T","?","M","?","?","M","R","BOSS"],"items_purchased_type":["Card","Relic"],"build_version":"2020-12-22","purchased_purges":0,"victory":false,"max_hp_per_floor":[80,80,80,80,80,80,80,80,80,80,80,80,80,80,80,85,85,85,85,90,90,90,90,90,90,90,90,90,90,90,90,90,90,90],"card_choices":[{"not_picked":["True Grit","Clothesline","Havoc"],"picked":"SKIP","floor":1.0},{"not_picked":["Iron Wave","Pummel","Flex"],"picked":"SKIP","floor":5.0},{"not_picked":["Dark Embrace","Anger","Shrug It Off"],"picked":"SKIP","floor":7.0},{"not_picked":["REME_TheLastStrike","Armaments","Hemokinesis"],"picked":"SKIP","floor":8.0},{"not_picked":["Warcry","Heavy Blade","Perfected Strike"],"picked":"SKIP","floor":13.0},{"not_picked":["REME_Fury","Offering"],"picked":"Demon Form","floor":16.0},{"not_picked":["Flex","Twin Strike","True Grit"],"picked":"SKIP","floor":18.0},{"not_picked":["Wild Strike+1","REME_Cut","Shrug It Off+1"],"picked":"SKIP","floor":24.0},{"not_picked":["Cleave","Armaments","Rupture"],"picked":"SKIP","floor":28.0},{"not_picked":["Twin Strike","Cleave","True Grit"],"picked":"SKIP","floor":31.0}],"player_experience":246335,"relics_obtained":[{"floor":8.0,"key":"Juzu Bracelet"},{"floor":9.0,"key":"Vajra"},{"floor":26.0,"key":"REME_PuzzleBoxRelic"},{"floor":27.0,"key":"Oddly Smooth Stone"},{"floor":30.0,"key":"Peace Pipe"},{"floor":30.0,"key":"Self Forming Clay"}],"event_choices":[{"damage_healed":51.0,"max_hp_gain":0.0,"max_hp_loss":80.0,"gold_gain":0.0,"event_name":"betterThird:BetterShining","player_choice":"Upgrade","floor":2.0,"gold_loss":0.0,"damage_taken":16.0,"cards_upgraded":["Strike_R","Strike_R"]},{"damage_healed":0.0,"max_hp_gain":0.0,"max_hp_loss":0.0,"gold_gain":0.0,"event_name":"betterThird:BetterScrap","player_choice":"Relic ","floor":4.0,"gold_loss":0.0,"damage_taken":7.0,"cards_obtained":["REME_DataAnalysis"]},{"damage_healed":0.0,"max_hp_gain":0.0,"max_hp_loss":0.0,"gold_gain":74.0,"event_name":"Golden Wing","player_choice":"Gained Gold","floor":10.0,"gold_loss":0.0,"damage_taken":0.0},{"damage_healed":0.0,"max_hp_gain":0.0,"max_hp_loss":0.0,"gold_gain":0.0,"event_name":"betterThird:BetterSerpent","player_choice":"Ignored","floor":11.0,"gold_loss":0.0,"damage_taken":269.0},{"damage_healed":26.0,"max_hp_gain":0.0,"max_hp_loss":0.0,"gold_gain":0.0,"event_name":"Big Fish","player_choice":"Banana","floor":12.0,"gold_loss":0.0,"damage_taken":0.0},{"damage_healed":0.0,"max_hp_gain":0.0,"max_hp_loss":0.0,"gold_gain":100.0,"event_name":"Golden Shrine","player_choice":"Pray","floor":14.0,"gold_loss":0.0,"damage_taken":0.0},{"damage_healed":0.0,"max_hp_gain":5.0,"max_hp_loss":0.0,"gold_gain":0.0,"event_name":"Forgotten Altar","player_choice":"Shed Blood","floor":20.0,"gold_loss":0.0,"damage_taken":21.0},{"damage_healed":0.0,"max_hp_gain":0.0,"max_hp_loss":0.0,"gold_gain":0.0,"event_name":"betterThird:BetterNest","player_choice":"Dagger","floor":21.0,"gold_loss":0.0,"damage_taken":6.0,"cards_obtained":["RitualDagger"]},{"damage_healed":0.0,"max_hp_gain":0.0,"max_hp_loss":0.0,"gold_gain":0.0,"event_name":"Match and Keep!","player_choice":"0 cards matched","floor":29.0,"gold_loss":0.0,"damage_taken":0.0,"cards_obtained":[]},{"damage_healed":0.0,"max_hp_gain":0.0,"max_hp_loss":0.0,"gold_gain":0.0,"event_name":"Colosseum","player_choice":"Fight","floor":30.0,"gold_loss":0.0,"damage_taken":0.0},{"damage_healed":0.0,"max_hp_gain":0.0,"max_hp_loss":0.0,"gold_gain":0.0,"event_name":"Colosseum","player_choice":"Fought Nobs","floor":30.0,"gold_loss":0.0,"damage_taken":0.0}],"is_beta":false,"boss_relics":[{"not_picked":["Ectoplasm","Runic Dome"],"picked":"Empty Cage"}],"items_purged_floors":[],"is_endless":false,"potions_floor_spawned":[1,5,13,24,28,30],"killed_by":"Automaton","ascension_level":11}}