{"host":"jwpp8hxpigr0nknu","time":1613337053,"event":{"mods":["BaseMod","BetterRewards","Colored Map","Colored Powertips","Minty Spire (QoL Compilation)","Rare Cards Sparkle","Shop Mod","StSLib"],"gold_per_floor":[115,130,205,205,218,248,275,308,308,340,367,394,165,175,175,271,271,288,288,288,59,71,96,96,96],"floor_reached":24,"language":"ENG","playtime":3908,"items_purged":["Coolheaded"],"score":452,"play_id":"35307ac6-2c05-4aca-8e6e-3e2bbff5a5e0","local_time":"20210214151053","daily_mods":["Draft","Heirloom","Flight","DeadlyEvents","Elite Swarm"],"is_ascension_mode":true,"campfire_choices":[{"data":"Echo Form","floor":15,"key":"SMITH"}],"circlet_count":0,"master_deck":["Conserve Battery","Coolheaded+1","Leap","Defragment","Capacitor","Genetic Algorithm","Blizzard","Glacier","Capacitor","Redo","Chaos","Stack","Genetic Algorithm+1","Ball Lightning+1","Fusion","Amplify","Reboot","Fission","Thunder Strike+1","Core Surge","Echo Form+1","Creative AI","Glacier","Storm","Storm","Machine Learning"],"relics":["Cracked Core","Lizard Tail","War Paint","Cables","Bottled Flame","Bag of Marbles","InkBottle","Pantograph","Unceasing Top","Nunchaku","Whetstone","Inserter","Pen Nib","Orichalcum","Question Card"],"acts_visited":["Exordium","TheCity"],"potions_floor_usage":[7,8,12,23],"damage_taken":[{"damage":2,"enemies":"Jaw Worm","floor":1,"turns":6},{"damage":2,"enemies":"2 Louse","floor":2,"turns":4},{"damage":0,"enemies":"Cultist","floor":5,"turns":4},{"damage":0,"enemies":"Lagavulin","floor":6,"turns":10},{"damage":10,"enemies":"3 Sentries","floor":7,"turns":9},{"damage":34,"enemies":"Gremlin Nob","floor":8,"turns":7},{"damage":12,"enemies":"3 Sentries","floor":10,"turns":9},{"damage":0,"enemies":"Lagavulin","floor":11,"turns":9},{"damage":4,"enemies":"Gremlin Nob","floor":12,"turns":6},{"damage":0,"enemies":"Blue Slaver","floor":14,"turns":5},{"damage":10,"enemies":"Hexaghost","floor":16,"turns":9},{"damage":16,"enemies":"Spheric Guardian","floor":18,"turns":6},{"damage":3,"enemies":"Chosen","floor":22,"turns":5},{"damage":21,"enemies":"Book of Stabbing","floor":23,"turns":8},{"damage":35,"enemies":"Gremlin Leader","floor":24,"turns":2}],"seed_played":"-3805093566553759966","potions_obtained":[{"floor":1,"key":"SteroidPotion"},{"floor":5,"key":"SkillPotion"},{"floor":7,"key":"FearPotion"},{"floor":11,"key":"FocusPotion"},{"floor":22,"key":"AttackPotion"}],"is_trial":true,"path_per_floor":["M","M","?","?","M","E","E","E","T","E","E","E","$","M","R","B",null,"M","?","?","$","M","E","E"],"character_chosen":"DEFECT","items_purchased":["Whetstone","Orichalcum","Storm"],"campfire_rested":0,"item_purchase_floors":[13,21,21],"current_hp_per_floor":[66,64,53,53,53,53,43,9,9,35,35,31,31,31,31,46,68,52,52,52,52,49,28,0,0],"gold":96,"neow_bonus":"","is_daily":false,"chose_seed":false,"campfire_upgraded":1,"win_rate":0.0,"timestamp":1613337053,"path_taken":["M","M","?","?","?","E","E","E","T","E","?","E","$","M","R","BOSS","M","?","?","$","?","E","E"],"items_purchased_type":["Relic","Relic","Card"],"build_version":"2020-12-22","purchased_purges":1,"victory":false,"max_hp_per_floor":[75,75,75,75,75,75,75,75,75,75,75,75,75,75,75,75,75,75,75,75,75,75,75,75,75],"card_choices":[{"not_picked":["Auto Shields","Compile Driver"],"picked":"Conserve Battery","floor":0},{"not_picked":["Rebound","Doom and Gloom"],"picked":"Coolheaded","floor":0},{"not_picked":["Hologram","Barrage"],"picked":"Leap","floor":0},{"not_picked":["Hologram","Coolheaded"],"picked":"Defragment","floor":0},{"not_picked":["Conserve Battery","Stack"],"picked":"Capacitor","floor":0},{"not_picked":["Stack","Gash"],"picked":"Genetic Algorithm","floor":0},{"not_picked":["Beam Cell","Gash"],"picked":"Blizzard","floor":0},{"not_picked":["Ball Lightning","Compile Driver"],"picked":"Glacier","floor":0},{"not_picked":["Skim","Rebound"],"picked":"Capacitor","floor":0},{"not_picked":["Redo","Streamline"],"picked":"Coolheaded","floor":0},{"not_picked":["Hologram","Steam"],"picked":"Redo","floor":0},{"not_picked":["Streamline","Recycle"],"picked":"Chaos","floor":0},{"not_picked":["Heatsinks","Hello World"],"picked":"Stack","floor":0},{"not_picked":["Recycle","Rebound"],"picked":"Genetic Algorithm","floor":0},{"not_picked":["Go for the Eyes","Compile Driver"],"picked":"Ball Lightning","floor":0},{"not_picked":["Capacitor","Leap","Coolheaded"],"picked":"SKIP","floor":1},{"not_picked":["Compile Driver","Barrage","Force Field"],"picked":"SKIP","floor":2},{"not_picked":["Gash","Barrage"],"picked":"Fusion","floor":5},{"not_picked":["All For One","Rainbow"],"picked":"Amplify","floor":6},{"not_picked":["Machine Learning","Hyperbeam"],"picked":"Reboot","floor":7},{"not_picked":["Seek","Machine Learning"],"picked":"Fission","floor":8},{"not_picked":["Fission","Echo Form"],"picked":"Thunder Strike","floor":10},{"not_picked":["Reboot","Creative AI"],"picked":"Core Surge","floor":11},{"not_picked":["Thunder Strike","Amplify"],"picked":"Echo Form","floor":12},{"not_picked":["Stack","Rip and Tear","Leap"],"picked":"SKIP","floor":14},{"not_picked":["Core Surge","Seek"],"picked":"Creative AI","floor":16},{"not_picked":["Streamline+1","Leap"],"picked":"Glacier","floor":18},{"not_picked":["Steam","Barrage"],"picked":"Storm","floor":22},{"not_picked":["Reboot","Multi-Cast"],"picked":"Machine Learning","floor":23}],"player_experience":366489,"relics_obtained":[{"floor":6,"key":"Cables"},{"floor":7,"key":"Bottled Flame"},{"floor":8,"key":"Bag of Marbles"},{"floor":9,"key":"InkBottle"},{"floor":10,"key":"Pantograph"},{"floor":11,"key":"Unceasing Top"},{"floor":12,"key":"Nunchaku"},{"floor":23,"key":"Question Card"}],"event_choices":[{"damage_healed":0,"gold_gain":75,"player_choice":"Gather Gold","damage_taken":11,"max_hp_gain":0,"max_hp_loss":0,"event_name":"World of Goop","floor":3,"gold_loss":0},{"damage_healed":0,"gold_gain":0,"player_choice":"Gave Potion","damage_taken":0,"relics_obtained":["War Paint"],"max_hp_gain":0,"max_hp_loss":0,"event_name":"WeMeetAgain","floor":4,"gold_loss":0},{"damage_healed":0,"gold_gain":0,"player_choice":"Opened","damage_taken":0,"relics_obtained":["Pen Nib"],"max_hp_gain":0,"max_hp_loss":0,"event_name":"The Mausoleum","floor":19,"gold_loss":0},{"damage_healed":0,"gold_gain":0,"player_choice":"Ignored","damage_taken":0,"max_hp_gain":0,"max_hp_loss":0,"event_name":"Vampires","floor":20,"gold_loss":0}],"is_beta":false,"boss_relics":[{"not_picked":["Runic Dome","SacredBark"],"picked":"Inserter"}],"items_purged_floors":[13],"is_endless":false,"potions_floor_spawned":[1,5,7,11,22],"killed_by":"Gremlin Leader","ascension_level":9}}