{"host":"mi0eibewekhugwl1","time":1613317258,"event":{"mods":["AchievementEnabler","BaseMod","Colored Map","Colored Powertips","DeckTracker","Keyboard Shortcuts","Minty Spire (QoL Compilation)","Quick Restart","Rare Cards Sparkle","Relic Stats","StSLib","SuperFastMode","everything is the same but u backflip on backflip"],"gold_per_floor":[113,113,125,144,161,161,161,161,161],"floor_reached":8,"language":"KOR","playtime":218,"items_purged":[],"score":96,"play_id":"38e192c8-b5df-48cf-be84-069e4ee584c6","local_time":"20210215004058","is_ascension_mode":true,"campfire_choices":[{"data":"Eruption","floor":6,"key":"SMITH"}],"circlet_count":0,"master_deck":["AscendersBane","Strike_P","Strike_P","Strike_P","Strike_P","Defend_P","Defend_P","Defend_P","Defend_P","Eruption+1","Vigilance","Omniscience","BowlingBash","Evaluate"],"relics":["PureWater","Singing Bowl","Boot"],"acts_visited":["Exordium"],"potions_floor_usage":[8],"damage_taken":[{"damage":15,"enemies":"Cultist","floor":1,"turns":6},{"damage":0,"enemies":"Small Slimes","floor":3,"turns":4},{"damage":1,"enemies":"2 Louse","floor":4,"turns":2},{"damage":11,"enemies":"2 Fungi Beasts","floor":5,"turns":3},{"damage":5,"enemies":"3 Sentries","floor":8,"turns":2}],"seed_played":"7689497061522919092","potions_obtained":[{"floor":5,"key":"Ambrosia"}],"is_trial":false,"path_per_floor":["M","T","M","M","M","R","?","E"],"character_chosen":"WATCHER","items_purchased":[],"campfire_rested":0,"item_purchase_floors":[],"current_hp_per_floor":[46,46,48,49,38,38,12,7,7],"gold":161,"neow_bonus":"ONE_RANDOM_RARE_CARD","is_daily":false,"chose_seed":false,"campfire_upgraded":1,"win_rate":0.0,"timestamp":1613317258,"path_taken":["M","?","M","?","M","R","?","E"],"items_purchased_type":[],"build_version":"2020-12-22","purchased_purges":0,"victory":false,"max_hp_per_floor":[68,68,70,72,72,72,72,72,72],"relic_stats":{"Singing Bowl":4,"counters":[5,17],"Boot":[0],"obtain_stats":[{"Singing Bowl":2,"PureWater":0,"Boot":7},{"Singing Bowl":1,"PureWater":0,"Boot":4},{"Singing Bowl":6,"PureWater":0,"Boot":15}]},"card_choices":[{"not_picked":["EmptyFist","Halt"],"picked":"BowlingBash","floor":1},{"not_picked":["ThirdEye","Prostrate","PathToVictory"],"picked":"Singing Bowl","floor":3},{"not_picked":["ClearTheMind","BowlingBash","CutThroughFate"],"picked":"Singing Bowl","floor":4},{"not_picked":["Indignation","PathToVictory"],"picked":"Evaluate","floor":5}],"player_experience":1805374,"relics_obtained":[{"floor":2,"key":"Singing Bowl"}],"event_choices":[{"damage_healed":0,"gold_gain":0,"player_choice":"Success","damage_taken":26,"relics_obtained":["Boot"],"max_hp_gain":0,"max_hp_loss":0,"event_name":"Scrap Ooze","floor":7,"gold_loss":0}],"is_beta":false,"boss_relics":[],"items_purged_floors":[],"is_endless":false,"potions_floor_spawned":[5],"killed_by":"3 Sentries","ascension_level":20}}