{"host":"2no1vwhhkhf0ohz3","time":1613322081,"event":{"mods":["AchievementEnabler","BaseMod","BetterRewards","Colored Map","DeckTracker","Keyboard Shortcuts","Minty Spire (QoL Compilation)","SuperFastMode"],"gold_per_floor":[113,113,129,53,110,110,146,146,173,193,206,236,248,271,271,384,384,412,412,434,463,485,519,519,558,558,558,558,558],"floor_reached":28,"language":"KOR","playtime":484,"items_purged":[],"score":443,"play_id":"34ac429f-c77a-455a-a6af-4067c2e849e5","local_time":"20210215020121","is_ascension_mode":true,"campfire_choices":[{"data":"Perfected Strike","floor":6,"key":"SMITH"},{"data":"Flame Barrier","floor":8,"key":"SMITH"},{"data":"Perfected Strike","floor":15,"key":"SMITH"},{"floor":24,"key":"REST"},{"data":"Perfected Strike","floor":27,"key":"SMITH"}],"circlet_count":0,"master_deck":["AscendersBane","Strike_R","Strike_R","Strike_R","Strike_R","Strike_R","Defend_R","Defend_R","Defend_R","Defend_R","Bash+1","Shrug It Off","Perfected Strike+1","Power Through","Flame Barrier+1","Pommel Strike","Perfected Strike+1","Barricade","Perfected Strike+1","Second Wind+1","Shockwave","Battle Trance","Shrug It Off"],"relics":["Burning Blood","NeowsBlessing","CeramicFish","Akabeko","PreservedInsect","Mark of Pain","Happy Flower","TungstenRod","Mummified Hand"],"acts_visited":["Exordium","TheCity"],"potions_floor_usage":[12,12,16,16,22,23,25,28,28],"damage_taken":[{"damage":0,"enemies":"Jaw Worm","floor":1,"turns":1},{"damage":0,"enemies":"Cultist","floor":3,"turns":1},{"damage":0,"enemies":"Lagavulin","floor":7,"turns":1},{"damage":0,"enemies":"2 Louse","floor":10,"turns":3},{"damage":0,"enemies":"Large Slime","floor":11,"turns":3},{"damage":10,"enemies":"3 Sentries","floor":12,"turns":9},{"damage":7,"enemies":"2 Fungi Beasts","floor":13,"turns":3},{"damage":1,"enemies":"Looter","floor":14,"turns":2},{"damage":73,"enemies":"Hexaghost","floor":16,"turns":12},{"damage":16,"enemies":"Shell Parasite","floor":18,"turns":4},{"damage":11,"enemies":"2 Thieves","floor":20,"turns":2},{"damage":19,"enemies":"Snake Plant","floor":21,"turns":4},{"damage":21,"enemies":"3 Cultists","floor":22,"turns":4},{"damage":11,"enemies":"Slavers","floor":23,"turns":5},{"damage":20,"enemies":"Book of Stabbing","floor":25,"turns":4},{"damage":29,"enemies":"Slavers","floor":28,"turns":2}],"seed_played":"-1294954826718449583","potions_obtained":[{"floor":3,"key":"SpeedPotion"},{"floor":7,"key":"SpeedPotion"},{"floor":11,"key":"GamblersBrew"},{"floor":13,"key":"Fire Potion"},{"floor":14,"key":"SkillPotion"},{"floor":20,"key":"Dexterity Potion"},{"floor":22,"key":"EssenceOfSteel"},{"floor":23,"key":"Energy Potion"},{"floor":25,"key":"Explosive Potion"}],"is_trial":false,"path_per_floor":["M","?","M","$","?","R","E","R","T","M","M","E","M","M","R","B",null,"M","$","M","M","M","E","R","E","T","R","E"],"character_chosen":"IRONCLAD","items_purchased":["Power Through"],"campfire_rested":1,"item_purchase_floors":[4],"current_hp_per_floor":[78,78,80,80,80,80,80,80,80,80,80,76,75,80,80,13,63,53,53,48,35,20,15,39,25,25,25,0,0],"gold":558,"neow_bonus":"THREE_ENEMY_KILL","is_daily":false,"chose_seed":false,"campfire_upgraded":4,"win_rate":0.0,"timestamp":1613322081,"path_taken":["M","?","?","$","?","R","E","R","T","M","M","E","M","M","R","BOSS","M","$","M","M","M","E","R","E","T","R","E"],"items_purchased_type":["Card"],"build_version":"2020-12-22","purchased_purges":0,"victory":false,"max_hp_per_floor":[80,80,80,80,80,80,80,80,80,80,80,80,80,80,80,80,80,80,80,80,80,80,80,80,80,80,80,80,80],"card_choices":[{"not_picked":["Armaments","Warcry"],"picked":"Shrug It Off","floor":1},{"not_picked":["Disarm","Infernal Blade"],"picked":"Perfected Strike","floor":3},{"not_picked":["Clothesline","Iron Wave"],"picked":"Flame Barrier","floor":7},{"not_picked":["Reckless Charge","Seeing Red"],"picked":"Pommel Strike","floor":10},{"not_picked":["Flex","Juggernaut","Searing Blow"],"picked":"SKIP","floor":11},{"not_picked":["Thunderclap","Sever Soul","Body Slam"],"picked":"SKIP","floor":12},{"not_picked":["True Grit","Cleave","Ghostly Armor"],"picked":"SKIP","floor":13},{"not_picked":["Clothesline","Flame Barrier"],"picked":"Perfected Strike","floor":14},{"not_picked":["Reaper","Immolate"],"picked":"Barricade","floor":16},{"not_picked":["Ghostly Armor","Second Wind"],"picked":"Perfected Strike","floor":18},{"not_picked":["Power Through","Iron Wave"],"picked":"Second Wind+1","floor":20},{"not_picked":["Burning Pact","Clash"],"picked":"Shockwave","floor":21},{"not_picked":["Entrench","True Grit+1"],"picked":"Battle Trance","floor":22},{"not_picked":["Shockwave","Havoc","Iron Wave"],"picked":"SKIP","floor":23},{"not_picked":["Iron Wave","Infernal Blade"],"picked":"Shrug It Off","floor":25}],"player_experience":295828,"relics_obtained":[{"floor":7,"key":"CeramicFish"},{"floor":9,"key":"Akabeko"},{"floor":12,"key":"PreservedInsect"},{"floor":23,"key":"Happy Flower"},{"floor":25,"key":"TungstenRod"},{"floor":26,"key":"Mummified Hand"}],"event_choices":[{"damage_healed":0,"gold_gain":0,"player_choice":"Forge","damage_taken":0,"max_hp_gain":0,"max_hp_loss":0,"event_name":"Accursed Blacksmith","floor":2,"gold_loss":0,"cards_upgraded":["Bash"]},{"damage_healed":0,"gold_gain":57,"player_choice":"Gained Gold","damage_taken":0,"max_hp_gain":0,"max_hp_loss":0,"event_name":"Golden Wing","floor":5,"gold_loss":0}],"is_beta":false,"boss_relics":[{"not_picked":["Tiny House","Runic Dome"],"picked":"Mark of Pain"}],"items_purged_floors":[],"is_endless":false,"potions_floor_spawned":[3,7,11,13,14,20,22,23,25],"killed_by":"Slavers","ascension_level":10}}