{"host":"rolltorest","time":1613274431,"event":{"mods":["BaseMod","Minty Spire (QoL Compilation)","Relic Stats","Slay the Relics Exporter","StSLib"],"gold_per_floor":[117,117,117,38,62,62,98,98,180,180,193,193,173,209,209,305,305,319,234,249,249,299,324,344,375,375,52,83,116,116,127,127,201,201,215,230,230,246,67,94,94,148,172,198,52,83,33,46,46,46,46,46,46,46,79,79,79],"floor_reached":56,"language":"ENG","playtime":1961,"items_purged":["Parasite","Strike_R","Injury","Strike_R"],"score":2119,"play_id":"f97462c6-b219-4e09-a557-54fff5031cd3","local_time":"20210213194711","is_ascension_mode":true,"campfire_choices":[{"data":"Immolate","floor":6,"key":"SMITH"},{"data":"Double Tap","floor":8,"key":"SMITH"},{"data":"Spot Weakness","floor":12,"key":"SMITH"},{"data":"Shockwave","floor":15,"key":"SMITH"},{"data":"Dark Embrace","floor":32,"key":"SMITH"},{"floor":49,"key":"RECALL"},{"floor":53,"key":"REST"}],"circlet_count":0,"master_deck":["AscendersBane","Strike_R","Defend_R","Defend_R","Defend_R","Defend_R","Bash","Clash","Immolate+1","Double Tap+1","Shockwave+1","Spot Weakness+1","Iron Wave+1","Feed+1","Uppercut+1","Shrug It Off","Dark Embrace+1","Feed+1","Burning Pact+1","Fiend Fire+1","Offering","Inflame","Evolve+1","Battle Trance+1","Burning Pact"],"relics":["Empty Cage","Bloody Idol","Molten Egg 2","Pantograph","Pocketwatch","Unceasing Top","Cursed Key","PreservedInsect","Lizard Tail","Akabeko","Toolbox","Thread and Needle","Red Mask","Snecko Eye","Juzu Bracelet","Prayer Wheel","Omamori","Smiling Mask","Incense Burner","Blue Candle"],"acts_visited":["Exordium","TheCity","TheBeyond","TheEnding"],"potions_floor_usage":[23,36,42,48,50,56,56],"damage_taken":[{"damage":9,"enemies":"Jaw Worm","floor":1,"turns":6},{"damage":4,"enemies":"2 Louse","floor":5,"turns":2},{"damage":11,"enemies":"Gremlin Nob","floor":7,"turns":3},{"damage":0,"enemies":"Small Slimes","floor":11,"turns":1},{"damage":15,"enemies":"Lagavulin","floor":14,"turns":3},{"damage":6,"enemies":"Slime Boss","floor":16,"turns":5},{"damage":7,"enemies":"Chosen","floor":18,"turns":4},{"damage":0,"enemies":"3 Byrds","floor":20,"turns":2},{"damage":8,"enemies":"Slavers","floor":23,"turns":4},{"damage":16,"enemies":"Snake Plant","floor":24,"turns":4},{"damage":28,"enemies":"Book of Stabbing","floor":25,"turns":4},{"damage":14,"enemies":"Slavers","floor":28,"turns":4},{"damage":0,"enemies":"Masked Bandits","floor":29,"turns":2},{"damage":0,"enemies":"3 Cultists","floor":31,"turns":5},{"damage":117,"enemies":"Automaton","floor":33,"turns":11},{"damage":7,"enemies":"3 Shapes","floor":35,"turns":5},{"damage":0,"enemies":"Orb Walker","floor":36,"turns":3},{"damage":0,"enemies":"Sphere and 2 Shapes","floor":38,"turns":2},{"damage":6,"enemies":"Nemesis","floor":40,"turns":1},{"damage":13,"enemies":"2 Orb Walkers","floor":42,"turns":3},{"damage":50,"enemies":"Giant Head","floor":44,"turns":6},{"damage":6,"enemies":"Reptomancer","floor":46,"turns":3},{"damage":7,"enemies":"4 Shapes","floor":48,"turns":6},{"damage":48,"enemies":"Donu and Deca","floor":50,"turns":7},{"damage":82,"enemies":"Awakened One","floor":51,"turns":12},{"damage":32,"enemies":"Shield and Spear","floor":55,"turns":4},{"damage":237,"enemies":"The Heart","floor":56,"turns":8}],"seed_played":"3397890302543035186","potions_obtained":[{"floor":5,"key":"EssenceOfSteel"},{"floor":7,"key":"SpeedPotion"},{"floor":11,"key":"Block Potion"},{"floor":16,"key":"FairyPotion"},{"floor":24,"key":"LiquidMemories"},{"floor":35,"key":"Block Potion"},{"floor":44,"key":"ColorlessPotion"},{"floor":48,"key":"Swift Potion"},{"floor":55,"key":"Fire Potion"}],"is_trial":false,"path_per_floor":["M","?","?","$","M","R","E","R","T","?","M","R","?","E","R","B",null,"M","?","M","?","?","E","M","E","T","$","E","?","T","M","R","B",null,"M","M","?","M","$","E","?","?","T","E","$","E","$","M","R","B","B",null,"R","$","E","B"],"character_chosen":"IRONCLAD","items_purchased":["Immolate","Toolbox","Burning Pact","Offering","Inflame","AttackPotion"],"campfire_rested":1,"item_purchase_floors":[4,27,27,39,45,45],"current_hp_per_floor":[59,64,64,64,60,60,49,49,49,44,44,44,44,29,29,48,66,63,63,67,67,72,73,66,43,43,43,42,51,51,64,64,15,86,92,101,101,110,110,109,109,109,114,69,69,72,72,78,78,59,6,116,153,153,130,0,0],"gold":79,"neow_bonus":"BOSS_RELIC","is_daily":false,"chose_seed":false,"campfire_upgraded":5,"win_rate":0.0,"timestamp":1613274431,"path_taken":["M","?","?","$","M","R","E","R","T","?","M","R","?","E","R","BOSS","M","?","M","?","?","E","M","E","T","?","E","?","?","?","R","BOSS","M","M","?","?","?","E","?","?","T","E","$","E","?","M","R","BOSS","BOSS","R","$","E","BOSS"],"items_purchased_type":["Card","Relic","Card","Card","Card","Potion"],"build_version":"2020-12-18","purchased_purges":4,"victory":false,"max_hp_per_floor":[75,80,72,72,72,72,72,72,72,72,72,72,72,72,72,72,72,76,76,80,80,80,84,88,88,88,85,93,97,97,105,105,109,109,117,121,121,125,125,125,125,133,133,133,133,137,137,145,145,149,153,153,153,153,157,157,157],"relic_stats":{"counters":[27,120],"Blue Candle":[0],"PreservedInsect":451,"Juzu Bracelet":0,"Cursed Key":2,"Smiling Mask":175,"Lizard Tail":78,"Bloody Idol":90,"Pantograph":125,"Snecko Eye":[138,137,138,145],"Prayer Wheel":1,"obtain_stats":[{"Golden Idol":3,"Blue Candle":55,"Thread and Needle":28,"PreservedInsect":19,"Juzu Bracelet":40,"Omamori":43,"Incense Burner":46,"Empty Cage":0,"Cursed Key":17,"Smiling Mask":44,"Burning Blood":0,"Akabeko":25,"Lizard Tail":23,"Pantograph":9,"Bloody Idol":21,"Toolbox":27,"Snecko Eye":34,"Molten Egg 2":7,"Prayer Wheel":42,"Red Mask":29,"Unceasing Top":14,"Pocketwatch":10},{"Golden Idol":1,"Blue Candle":26,"Thread and Needle":12,"PreservedInsect":7,"Juzu Bracelet":19,"Omamori":20,"Incense Burner":22,"Empty Cage":0,"Cursed Key":6,"Smiling Mask":21,"Burning Blood":0,"Akabeko":11,"Lizard Tail":9,"Pantograph":3,"Bloody Idol":8,"Toolbox":11,"Snecko Eye":15,"Molten Egg 2":3,"Prayer Wheel":20,"Red Mask":13,"Unceasing Top":5,"Pocketwatch":3},{"Golden Idol":6,"Blue Candle":112,"Thread and Needle":42,"PreservedInsect":24,"Juzu Bracelet":71,"Omamori":74,"Incense Burner":83,"Empty Cage":0,"Cursed Key":20,"Smiling Mask":80,"Burning Blood":0,"Akabeko":38,"Lizard Tail":30,"Pantograph":11,"Bloody Idol":26,"Toolbox":38,"Snecko Eye":60,"Molten Egg 2":11,"Prayer Wheel":74,"Red Mask":44,"Unceasing Top":15,"Pocketwatch":11}],"Unceasing Top":[1],"Pocketwatch":[111]},"card_choices":[{"not_picked":["Body Slam","Armaments"],"picked":"Clash","floor":1},{"not_picked":["Dual Wield","Wild Strike"],"picked":"Double Tap","floor":5},{"not_picked":["Cleave+1","Burning Pact"],"picked":"Shockwave","floor":7},{"not_picked":["Havoc","Seeing Red"],"picked":"Spot Weakness","floor":11},{"not_picked":["Havoc","True Grit"],"picked":"Iron Wave+1","floor":14},{"not_picked":["Exhume","Offering"],"picked":"Feed+1","floor":16},{"not_picked":["Iron Wave+1","Body Slam+1"],"picked":"Uppercut+1","floor":18},{"not_picked":["Fire Breathing","Sword Boomerang+1"],"picked":"Shrug It Off","floor":20},{"not_picked":["Twin Strike+1","Pummel+1","Cleave+1"],"picked":"SKIP","floor":23},{"not_picked":["Twin Strike+1","Metallicize"],"picked":"Dark Embrace","floor":24},{"not_picked":["Pommel Strike+1","Sever Soul+1"],"picked":"Feed+1","floor":25},{"not_picked":["Entrench","Body Slam+1","Wild Strike+1"],"picked":"SKIP","floor":28},{"not_picked":["Cleave+1","Warcry+1","Flex"],"picked":"SKIP","floor":31},{"not_picked":["Juggernaut","Offering"],"picked":"Fiend Fire+1","floor":33},{"not_picked":["Ghostly Armor","Heavy Blade+1","Thunderclap+1"],"picked":"SKIP","floor":35},{"not_picked":["Anger+1","Havoc","Rage"],"picked":"SKIP","floor":36},{"not_picked":["Searing Blow+1","Warcry","Flex"],"picked":"SKIP","floor":38},{"not_picked":["Exhume","Clash+1"],"picked":"Rupture+1","floor":40},{"not_picked":["Hemokinesis+1","Thunderclap+1","Wild Strike+1"],"picked":"SKIP","floor":44},{"not_picked":["Hemokinesis+1","Juggernaut"],"picked":"Evolve+1","floor":46},{"not_picked":["Power Through","Clothesline+1"],"picked":"Battle Trance+1","floor":48},{"not_picked":["Havoc","True Grit","Armaments"],"picked":"SKIP","floor":48},{"not_picked":["Pummel+1","Cleave+1"],"picked":"Burning Pact","floor":55}],"player_experience":1974871,"relics_obtained":[{"floor":7,"key":"Molten Egg 2"},{"floor":9,"key":"Pantograph"},{"floor":14,"key":"Unceasing Top"},{"floor":23,"key":"Lizard Tail"},{"floor":25,"key":"Akabeko"},{"floor":28,"key":"Thread and Needle"},{"floor":29,"key":"Red Mask"},{"floor":40,"key":"Juzu Bracelet"},{"floor":42,"key":"Prayer Wheel"},{"floor":43,"key":"Omamori"},{"floor":44,"key":"Smiling Mask"},{"floor":46,"key":"Incense Burner"},{"floor":55,"key":"Blue Candle"}],"event_choices":[{"damage_healed":0,"gold_gain":0,"player_choice":"Donut","damage_taken":0,"max_hp_gain":5,"max_hp_loss":0,"event_name":"Big Fish","floor":2,"gold_loss":0},{"damage_healed":0,"gold_gain":0,"player_choice":"Lose Max HP","damage_taken":0,"relics_obtained":["Golden Idol"],"max_hp_gain":0,"max_hp_loss":8,"event_name":"Golden Idol","floor":3,"gold_loss":0},{"damage_healed":0,"gold_gain":0,"player_choice":"Success","damage_taken":5,"relics_obtained":["Pocketwatch"],"max_hp_gain":0,"max_hp_loss":0,"event_name":"Scrap Ooze","floor":10,"gold_loss":0},{"damage_healed":0,"gold_gain":0,"player_choice":"Bought 1 Potion","damage_taken":0,"max_hp_gain":0,"max_hp_loss":0,"event_name":"The Woman in Blue","floor":13,"gold_loss":0},{"damage_healed":0,"gold_gain":0,"player_choice":"Obtained Relic","damage_taken":0,"relics_obtained":["PreservedInsect"],"max_hp_gain":0,"max_hp_loss":0,"event_name":"Addict","floor":19,"gold_loss":85},{"damage_healed":0,"gold_gain":0,"player_choice":"Gave Idol","damage_taken":0,"relics_obtained":["Bloody Idol"],"max_hp_gain":0,"max_hp_loss":0,"event_name":"Forgotten Altar","floor":21,"relics_lost":["Golden Idol"],"gold_loss":0},{"damage_healed":0,"gold_gain":50,"player_choice":"Stole From Cult","damage_taken":0,"max_hp_gain":0,"max_hp_loss":0,"event_name":"Nest","floor":22,"gold_loss":0},{"damage_healed":0,"gold_gain":0,"player_choice":"Fought Bandits","damage_taken":0,"max_hp_gain":0,"max_hp_loss":0,"event_name":"Masked Bandits","floor":29,"gold_loss":0},{"damage_healed":0,"gold_gain":0,"player_choice":"Upgraded","damage_taken":0,"max_hp_gain":0,"max_hp_loss":0,"event_name":"Upgrade Shrine","floor":37,"gold_loss":0,"cards_upgraded":["Burning Pact"]},{"cards_removed":["Rupture"],"damage_healed":0,"gold_gain":0,"player_choice":"Removed Power","damage_taken":0,"max_hp_gain":0,"max_hp_loss":0,"event_name":"Falling","floor":41,"gold_loss":0},{"damage_healed":0,"gold_gain":0,"player_choice":"Fight","damage_taken":0,"max_hp_gain":0,"max_hp_loss":0,"event_name":"Mysterious Sphere","floor":42,"gold_loss":0}],"is_beta":true,"boss_relics":[{"not_picked":["SlaversCollar","Runic Pyramid"],"picked":"Cursed Key"},{"not_picked":["Sozu","Busted Crown"],"picked":"Snecko Eye"}],"items_purged_floors":[27,39,45,47],"is_endless":false,"potions_floor_spawned":[5,7,11,16,18,20,24,25,31,35,44,48,55],"killed_by":"The Heart","ascension_level":20}}