{"host":"epc8efk9vrywpcsw","time":1613339830,"event":{"mods":["BaseMod","Minty Spire (QoL Compilation)","Relic Stats","StSLib"],"gold_per_floor":[118,268,279,146,157,185,185,185,185,228,228,241,281,15,15,111,111,130,143,166,81,101,137,157,157,157,157,181,197,197,212,212,311,311,329,350,371,3,19,19,44,44,44,44,87,106,129,129,129,129,129,129,129,4,44,44,44],"floor_reached":56,"language":"ENG","playtime":2207,"items_purged":["Doubt","Writhe","Corpse Explosion"],"score":1821,"play_id":"124e5896-f9c4-4dfe-948f-7193ec6cb6eb","local_time":"20210214225710","is_ascension_mode":true,"campfire_choices":[{"data":"Neutralize","floor":7.0,"key":"SMITH"},{"data":"Finisher","floor":15.0,"key":"SMITH"},{"floor":30.0,"key":"DIG"},{"floor":32.0,"key":"DIG"},{"floor":40.0,"key":"DIG"},{"floor":42.0,"key":"DIG"},{"floor":44.0,"key":"DIG"},{"floor":49.0,"key":"RECALL"},{"data":"Corpse Explosion","floor":53.0,"key":"PURGE"}],"circlet_count":0,"master_deck":["AscendersBane","Survivor","Neutralize+1","Finisher+1","Blade Dance","Blade Dance","Flying Knee","After Image+1","Finisher","Glass Knife","Blade Dance","Endless Agony","Accuracy","Infinite Blades","Cloak And Dagger+1","A Thousand Cuts","A Thousand Cuts","Blade Dance","Escape Plan","Escape Plan","Flying Knee","Blade Dance","Sucker Punch","Reflex","After Image","Blade Dance","Terror","Infinite Blades"],"relics":["Ring of the Snake","NeowsBlessing","Pantograph","Golden Idol","Strawberry","Ornamental Fan","Art of War","Ninja Scroll","Coffee Dripper","Toy Ornithopter","Meat on the Bone","Shovel","Bag of Preparation","Incense Burner","Omamori","Happy Flower","Pandora\u0027s Box","Shuriken","Bird Faced Urn","Snake Skull","Sundial","Peace Pipe","Unceasing Top"],"acts_visited":["Exordium","TheCity","TheBeyond","TheEnding"],"potions_floor_usage":[],"damage_taken":[{"damage":0.0,"enemies":"2 Louse","floor":1.0,"turns":1.0},{"damage":0.0,"enemies":"Small Slimes","floor":3.0,"turns":1.0},{"damage":0.0,"enemies":"Cultist","floor":5.0,"turns":1.0},{"damage":5.0,"enemies":"3 Sentries","floor":6.0,"turns":6.0},{"damage":19.0,"enemies":"Gremlin Nob","floor":10.0,"turns":4.0},{"damage":1.0,"enemies":"Gremlin Gang","floor":12.0,"turns":4.0},{"damage":2.0,"enemies":"Lagavulin","floor":13.0,"turns":6.0},{"damage":10.0,"enemies":"The Guardian","floor":16.0,"turns":15.0},{"damage":0.0,"enemies":"2 Thieves","floor":18.0,"turns":4.0},{"damage":2.0,"enemies":"3 Byrds","floor":19.0,"turns":4.0},{"damage":8.0,"enemies":"Snecko","floor":20.0,"turns":4.0},{"damage":0.0,"enemies":"Snake Plant","floor":22.0,"turns":3.0},{"damage":5.0,"enemies":"Gremlin Leader","floor":23.0,"turns":6.0},{"damage":5.0,"enemies":"Shelled Parasite and Fungi","floor":24.0,"turns":4.0},{"damage":4.0,"enemies":"Centurion and Healer","floor":28.0,"turns":3.0},{"damage":7.0,"enemies":"Snake Plant","floor":29.0,"turns":5.0},{"damage":4.0,"enemies":"Snecko","floor":31.0,"turns":3.0},{"damage":18.0,"enemies":"Champ","floor":33.0,"turns":12.0},{"damage":2.0,"enemies":"3 Darklings","floor":35.0,"turns":3.0},{"damage":5.0,"enemies":"3 Shapes","floor":36.0,"turns":2.0},{"damage":8.0,"enemies":"Writhing Mass","floor":37.0,"turns":6.0},{"damage":12.0,"enemies":"Transient","floor":39.0,"turns":6.0},{"damage":0.0,"enemies":"Jaw Worm Horde","floor":41.0,"turns":2.0},{"damage":8.0,"enemies":"Reptomancer","floor":45.0,"turns":2.0},{"damage":12.0,"enemies":"Spire Growth","floor":46.0,"turns":3.0},{"damage":0.0,"enemies":"Maw","floor":47.0,"turns":5.0},{"damage":12.0,"enemies":"Donu and Deca","floor":50.0,"turns":7.0},{"damage":40.0,"enemies":"Awakened One","floor":51.0,"turns":9.0},{"damage":34.0,"enemies":"Shield and Spear","floor":55.0,"turns":4.0},{"damage":71,"enemies":"The Heart","floor":56,"turns":3}],"seed_played":"-1617200621585250190","potions_obtained":[{"floor":3.0,"key":"PowerPotion"},{"floor":10.0,"key":"Explosive Potion"},{"floor":12.0,"key":"Swift Potion"},{"floor":16.0,"key":"Fire Potion"},{"floor":20.0,"key":"Block Potion"},{"floor":24.0,"key":"SpeedPotion"},{"floor":31.0,"key":"EntropicBrew"},{"floor":35.0,"key":"PowerPotion"},{"floor":39.0,"key":"AttackPotion"},{"floor":41.0,"key":"Strength Potion"}],"is_trial":false,"path_per_floor":["M","?","M","$","M","E","R","?","T","E","?","M","E","$","R","B",null,"M","M","M","?","M","E","M","?","T","?","M","M","R","M","R","B",null,"M","M","M","$","M","R","M","R","T","R","E","M","M","?","R","B","B",null,"R","$","E","B"],"character_chosen":"THE_SILENT","items_purchased":["Blade Dance","Ninja Scroll","Shuriken"],"campfire_rested":0,"item_purchase_floors":[4,14,38],"current_hp_per_floor":[59,59,59,59,59,54,54,54,61,42,42,41,39,39,39,54,64,64,62,54,54,59,54,49,49,49,49,45,38,38,34,34,52,63,61,56,53,53,41,41,54,54,54,54,48,48,58,58,58,57,35,59,59,59,35,0,0],"gold":44,"neow_bonus":"THREE_ENEMY_KILL","is_daily":false,"chose_seed":false,"campfire_upgraded":2,"win_rate":0.0,"timestamp":1613339830,"path_taken":["M","?","M","$","M","E","R","?","T","E","?","M","E","$","R","BOSS","M","M","M","?","M","E","M","?","T","?","M","?","R","M","R","BOSS","M","?","M","$","M","R","M","R","T","R","E","M","M","?","R","BOSS","BOSS","R","$","E","BOSS"],"items_purchased_type":["Card","Relic","Relic"],"build_version":"2020-12-22","purchased_purges":3,"victory":false,"max_hp_per_floor":[66,66,66,66,66,66,66,60,67,67,67,67,67,67,67,67,67,67,67,67,67,67,67,67,67,67,67,67,67,67,67,67,67,67,67,67,67,67,67,67,67,67,67,67,67,67,67,67,67,67,67,67,67,67,67,67,67],"relic_stats":{"Happy Flower":[21],"counters":[30,138],"Golden Idol":180,"Snake Skull":[3],"Bag of Preparation":[0],"Peace Pipe":1,"Shovel":5,"Ornamental Fan":[624],"Shuriken":[64],"Sundial":[0],"Pantograph":94,"Bird Faced Urn":[58],"Pandora\u0027s Box":["A Thousand Cuts","Blade Dance","Escape Plan","Corpse Explosion","Escape Plan","Flying Knee","Blade Dance","Sucker Punch","Corpse Explosion","Reflex"],"Art of War":[3],"obtain_stats":[{"NeowsBlessing":0,"Happy Flower":32,"Golden Idol":8,"Snake Skull":42,"Bag of Preparation":26,"Incense Burner":27,"Omamori":30,"Peace Pipe":45,"Shovel":25,"Ornamental Fan":10,"Ninja Scroll":14,"Shuriken":38,"Sundial":44,"Pantograph":6,"Strawberry":9,"Bird Faced Urn":40,"Pandora\u0027s Box":34,"Art of War":13,"Coffee Dripper":17,"Toy Ornithopter":21,"Unceasing Top":55,"Ring of the Snake":0,"Meat on the Bone":23},{"NeowsBlessing":0,"Happy Flower":17,"Golden Idol":4,"Snake Skull":23,"Bag of Preparation":14,"Incense Burner":14,"Omamori":16,"Peace Pipe":24,"Shovel":14,"Ornamental Fan":5,"Ninja Scroll":7,"Shuriken":21,"Sundial":23,"Pantograph":4,"Strawberry":4,"Bird Faced Urn":22,"Pandora\u0027s Box":18,"Art of War":7,"Coffee Dripper":8,"Toy Ornithopter":11,"Unceasing Top":29,"Ring of the Snake":0,"Meat on the Bone":13},{"NeowsBlessing":0,"Happy Flower":74,"Golden Idol":9,"Snake Skull":105,"Bag of Preparation":63,"Incense Burner":63,"Omamori":71,"Peace Pipe":107,"Shovel":63,"Ornamental Fan":13,"Ninja Scroll":23,"Shuriken":97,"Sundial":105,"Pantograph":9,"Strawberry":9,"Bird Faced Urn":103,"Pandora\u0027s Box":86,"Art of War":23,"Coffee Dripper":38,"Toy Ornithopter":50,"Unceasing Top":135,"Ring of the Snake":0,"Meat on the Bone":59}],"Toy Ornithopter":30,"Unceasing Top":[1],"Ring of the Snake":[59],"Meat on the Bone":0},"card_choices":[{"not_picked":["Deflect","Calculated Gamble"],"picked":"Finisher","floor":1.0},{"not_picked":["Sucker Punch","Poisoned Stab"],"picked":"Blade Dance","floor":3.0},{"not_picked":["Underhanded Strike","Quick Slash"],"picked":"Flying Knee","floor":5.0},{"not_picked":["Quick Slash","Outmaneuver","Heel Hook"],"picked":"SKIP","floor":6.0},{"not_picked":["Flying Knee","Predator"],"picked":"After Image","floor":10.0},{"not_picked":["Flying Knee","Underhanded Strike"],"picked":"Finisher","floor":12.0},{"not_picked":["Poisoned Stab","Finisher","Outmaneuver"],"picked":"SKIP","floor":13.0},{"not_picked":["Malaise","Grand Finale"],"picked":"Glass Knife","floor":16.0},{"not_picked":["Distraction","Leg Sweep","Eviscerate"],"picked":"SKIP","floor":18.0},{"not_picked":["Noxious Fumes","Flechettes+1","Expertise"],"picked":"SKIP","floor":19.0},{"not_picked":["Deadly Poison","Quick Slash"],"picked":"Blade Dance","floor":20.0},{"not_picked":["Riddle With Holes","Footwork"],"picked":"Endless Agony","floor":22.0},{"not_picked":["Deadly Poison","Predator","Storm of Steel"],"picked":"SKIP","floor":23.0},{"not_picked":["Outmaneuver","Heel Hook+1"],"picked":"Accuracy","floor":24.0},{"not_picked":["Blade Dance","Dagger Throw"],"picked":"Infinite Blades","floor":28.0},{"not_picked":["Poisoned Stab","PiercingWail"],"picked":"Cloak And Dagger+1","floor":29.0},{"not_picked":["Masterful Stab","Malaise","Flying Knee"],"picked":"SKIP","floor":31.0},{"not_picked":["Glass Knife","Tools of the Trade"],"picked":"A Thousand Cuts","floor":33.0},{"not_picked":["Prepared","Deadly Poison","Sucker Punch+1"],"picked":"SKIP","floor":35.0},{"not_picked":["Bane","Outmaneuver","Deadly Poison"],"picked":"SKIP","floor":36.0},{"not_picked":["Flying Knee","PiercingWail"],"picked":"After Image","floor":37.0},{"not_picked":["Bane","Underhanded Strike"],"picked":"Blade Dance","floor":39.0},{"not_picked":["Deadly Poison+1","PiercingWail"],"picked":"Terror","floor":41.0},{"not_picked":["Poisoned Stab+1","Catalyst+1","Caltrops"],"picked":"SKIP","floor":45.0},{"not_picked":["Acrobatics","Burst","Tactician+1"],"picked":"SKIP","floor":46.0},{"not_picked":["Poisoned Stab","Backflip","Expertise"],"picked":"SKIP","floor":47.0},{"not_picked":["Skewer","Underhanded Strike"],"picked":"Infinite Blades","floor":55.0}],"player_experience":525898,"relics_obtained":[{"floor":6.0,"key":"Pantograph"},{"floor":9.0,"key":"Strawberry"},{"floor":10.0,"key":"Ornamental Fan"},{"floor":13.0,"key":"Art of War"},{"floor":23.0,"key":"Meat on the Bone"},{"floor":26.0,"key":"Bag of Preparation"},{"floor":27.0,"key":"Incense Burner"},{"floor":30.0,"key":"Omamori"},{"floor":32.0,"key":"Happy Flower"},{"floor":40.0,"key":"Bird Faced Urn"},{"floor":42.0,"key":"Snake Skull"},{"floor":44.0,"key":"Sundial"},{"floor":45.0,"key":"Peace Pipe"},{"floor":55.0,"key":"Unceasing Top"}],"event_choices":[{"damage_healed":0.0,"max_hp_gain":0.0,"max_hp_loss":0.0,"gold_gain":150.0,"event_name":"Liars Game","player_choice":"AGREE","floor":2.0,"gold_loss":0.0,"damage_taken":0.0,"cards_obtained":["Doubt"]},{"damage_healed":0.0,"max_hp_gain":0.0,"max_hp_loss":6.0,"gold_gain":0.0,"event_name":"Golden Idol","player_choice":"Lose Max HP","floor":8.0,"gold_loss":0.0,"damage_taken":0.0,"relics_obtained":["Golden Idol"]},{"damage_healed":0.0,"max_hp_gain":0.0,"max_hp_loss":0.0,"gold_gain":0.0,"event_name":"Living Wall","player_choice":"Grow","floor":11.0,"gold_loss":0.0,"damage_taken":0.0,"cards_upgraded":["After Image"]},{"damage_healed":0.0,"max_hp_gain":0.0,"max_hp_loss":0.0,"gold_gain":0.0,"event_name":"Addict","player_choice":"Obtained Relic","floor":21.0,"gold_loss":85.0,"damage_taken":0.0,"relics_obtained":["Toy Ornithopter"]},{"damage_healed":0.0,"max_hp_gain":0.0,"max_hp_loss":0.0,"gold_gain":0.0,"event_name":"The Mausoleum","player_choice":"Opened","floor":25.0,"gold_loss":0.0,"damage_taken":0.0,"relics_obtained":["Shovel"],"cards_obtained":["Writhe"]},{"damage_healed":0.0,"max_hp_gain":0.0,"max_hp_loss":0.0,"gold_gain":0.0,"event_name":"Wheel of Change","player_choice":"Relic","floor":27.0,"gold_loss":0.0,"damage_taken":0.0},{"damage_healed":0.0,"max_hp_gain":0.0,"max_hp_loss":0.0,"gold_gain":0.0,"event_name":"Match and Keep!","player_choice":"0 cards matched","floor":48.0,"gold_loss":0.0,"damage_taken":0.0,"cards_obtained":[]}],"is_beta":false,"boss_relics":[{"not_picked":["Snecko Eye","Philosopher\u0027s Stone"],"picked":"Coffee Dripper"},{"not_picked":["Busted Crown","Astrolabe"],"picked":"Pandora\u0027s Box"}],"items_purged_floors":[4,38,54],"is_endless":false,"potions_floor_spawned":[3,10,12,16,20,24,31,35,39,41,47],"killed_by":"The Heart","ascension_level":20}}