{"host":"5y2vm16xfq9gfmb2","time":1613274473,"event":{"mods":["AchievementEnabler","BaseMod","Better Third Choice","Colored Map","Colored Powertips","DeckTracker","Marisa????????","Minty Spire (QoL Compilation)","Rare Cards Sparkle","Relic Stats","StSLib","The Alterego","The Animator","The Marked","The Servant 0.9.4"],"gold_per_floor":[56,56,56,17,95,140,150,150,150,6,22,22,22,22,22,148,148,184,72,160,160,9,9,9,9,36,56,56,95,270,30,30,150,150,193,38,104,326,345,345,379,414,467,467,530,121,144,160,160,160,160,160,14,47,47,47],"floor_reached":55,"language":"ENG","playtime":3473,"items_purged":[],"score":764,"play_id":"22eae135-ffbd-4578-815d-cdd662fd3ae6","local_time":"20210213224753","is_ascension_mode":false,"campfire_choices":[{"floor":8,"key":"RECALL"},{"floor":13,"key":"REST"},{"data":"Armaments","floor":15,"key":"SMITH"},{"floor":23,"key":"REST"},{"data":"Metallicize","floor":25,"key":"SMITH"},{"data":"Entrench","floor":28,"key":"SMITH"},{"data":"Corruption","floor":32,"key":"SMITH"},{"data":"Demon Form","floor":40,"key":"SMITH"},{"floor":44,"key":"REST"},{"data":"Searing Blow+1","floor":49,"key":"SMITH"},{"data":"Juggernaut","floor":52,"key":"SMITH"}],"circlet_count":0,"master_deck":["Strike_R","Strike_R","Strike_R","Strike_R","Strike_R","Defend_R","Defend_R","Defend_R","Defend_R","Bash","HandOfGreed","Thunderclap","Wish+1","Infernal Blade","Shrug It Off","Entrench+1","Battle Trance","Armaments+1","Juggernaut+1","CurseOfTheBell","Clothesline+1","Metallicize+1","Twin Strike","Blood for Blood+1","Feed","Iron Wave","Corruption+1","Thunderclap","Uppercut+1","Headbutt+1","Demon Form+1","Bloodletting+1","Inflame","Feed","Power Through","Body Slam+1","Mind Blast+1","Double Tap","Wish+1","Chrysalis","Metallicize","Searing Blow+2","Impervious","Warcry"],"relics":["Burning Blood","Dream Catcher","Orichalcum","Membership Card","Golden Idol","Darkstone Periapt","Calling Bell","Regal Pillow","Sundial","Incense Burner","Blood Vial","Red Mask","Lizard Tail","Bag of Marbles","WingedGreaves","Mummified Hand","Eternal Feather","Orrery","Runic Cube","Ginger","CatCart","Calipers","Juzu Bracelet","Molten Egg 2","DollysMirror","HandDrill","Self Forming Clay"],"acts_visited":["Exordium","TheCity","TheBeyond","TheEnding"],"potions_floor_usage":[16,20,33,37,37,41,50,55],"damage_taken":[{"damage":0,"enemies":"2 Louse","floor":1,"turns":3},{"damage":35,"enemies":"Lagavulin","floor":6,"turns":5},{"damage":1,"enemies":"Jaw Worm","floor":7,"turns":3},{"damage":1,"enemies":"Cultist","floor":11,"turns":3},{"damage":38,"enemies":"Hexaghost","floor":16,"turns":13},{"damage":14,"enemies":"Chosen","floor":18,"turns":5},{"damage":48,"enemies":"Masked Bandits","floor":20,"turns":6},{"damage":5,"enemies":"Shell Parasite","floor":27,"turns":4},{"damage":0,"enemies":"Sentry and Sphere","floor":29,"turns":5},{"damage":3,"enemies":"Colosseum Slavers","floor":30,"turns":5},{"damage":29,"enemies":"Colosseum Nobs","floor":30,"turns":6},{"damage":69,"enemies":"Collector","floor":33,"turns":10},{"damage":3,"enemies":"3 Shapes","floor":35,"turns":4},{"damage":55,"enemies":"Orin","floor":37,"turns":9},{"damage":3,"enemies":"Orb Walker","floor":39,"turns":3},{"damage":54,"enemies":"Reptomancer","floor":41,"turns":6},{"damage":42,"enemies":"Jaw Worm Horde","floor":42,"turns":6},{"damage":17,"enemies":"4 Shapes","floor":45,"turns":8},{"damage":25,"enemies":"Maw","floor":47,"turns":8},{"damage":10,"enemies":"Writhing Mass","floor":48,"turns":4},{"damage":93,"enemies":"Donu and Deca","floor":50,"turns":10},{"damage":79,"enemies":"Shield and Spear","floor":54,"turns":7},{"damage":120,"enemies":"The Heart","floor":55,"turns":11}],"seed_played":"-3948272272298304947","potions_obtained":[{"floor":1,"key":"ElixirPotion"},{"floor":11,"key":"Regen Potion"},{"floor":16,"key":"Explosive Potion"},{"floor":18,"key":"Block Potion"},{"floor":30,"key":"SpeedPotion"},{"floor":33,"key":"LiquidBronze"},{"floor":35,"key":"LiquidBronze"},{"floor":37,"key":"Weak Potion"},{"floor":48,"key":"EssenceOfSteel"},{"floor":54,"key":"SkillPotion"}],"is_trial":false,"path_per_floor":["M","?","?","$","?","E","M","R","T","$","M","?","R","T","R","B",null,"M","$","?","?","$","R","?","R","T","M","R","M","?","$","R","B",null,"M","$","?","?","M","R","E","M","T","R","M","$","M","M","R","B",null,"R","$","E","B"],"character_chosen":"IRONCLAD","items_purchased":["Infernal Blade","Membership Card","Blood Vial","Metallicize","Lizard Tail","Eternal Feather","LiquidMemories","Orrery","Ginger","Molten Egg 2","Mind Blast+1","Double Tap","DollysMirror","Chrysalis","Metallicize","Impervious","HandDrill"],"campfire_rested":3,"item_purchase_floors":[4,10,19,19,22,31,31,31,36,46,46,46,46,46,46,53,53],"current_hp_per_floor":[80,68,68,68,68,39,44,44,44,44,49,49,73,73,73,56,86,78,78,38,38,38,78,78,78,78,81,81,86,69,69,87,26,92,95,95,49,49,54,72,26,56,56,101,93,93,76,74,98,13,104,104,104,31,0,0],"gold":47,"neow_bonus":"RANDOM_COLORLESS_2","is_daily":false,"chose_seed":false,"campfire_upgraded":7,"win_rate":0.0,"timestamp":1613274473,"path_taken":["M","?","?","$","?","E","M","R","T","$","M","?","R","?","R","BOSS","M","$","?","?","?","R","?","R","T","M","R","?","?","$","R","BOSS","M","$","?","?","M","R","E","M","T","R","M","$","M","M","R","BOSS","R","$","E","BOSS"],"items_purchased_type":["Card","Relic","Relic","Card","Relic","Relic","Potion","Relic","Relic","Relic","Card","Card","Relic","Card","Card","Card","Relic"],"build_version":"2020-12-22","purchased_purges":0,"victory":false,"max_hp_per_floor":[80,80,80,80,80,80,80,80,80,80,80,80,80,80,80,80,86,86,86,86,86,86,86,86,86,86,86,86,86,92,92,92,92,92,95,95,98,98,98,98,98,101,101,101,104,104,104,104,104,104,104,104,104,104,104,104],"relic_stats":{"Darkstone Periapt":6,"Regal Pillow":15,"counters":[23,144],"Golden Idol":167,"Self Forming Clay":[48],"Eternal Feather":81,"Juzu Bracelet":0,"Ginger":[7],"Orichalcum":[384],"Burning Blood":117,"Blood Vial":22,"Dream Catcher":3,"Lizard Tail":50,"Sundial":[8],"Mummified Hand":[65],"HandDrill":[4],"obtain_stats":[{"Darkstone Periapt":14,"Regal Pillow":17,"Calipers":41,"Incense Burner":17,"Juzu Bracelet":43,"Ginger":36,"Burning Blood":0,"Blood Vial":19,"Dream Catcher":2,"Lizard Tail":22,"Sundial":17,"Mummified Hand":30,"DollysMirror":46,"WingedGreaves":30,"Red Mask":20,"HandDrill":53,"Runic Cube":34,"Golden Idol":12,"Self Forming Clay":54,"Eternal Feather":31,"Orichalcum":6,"Calling Bell":17,"Orrery":31,"Molten Egg 2":46,"Bag of Marbles":26,"Membership Card":10,"CatCart":37},{"Darkstone Periapt":4,"Regal Pillow":5,"Calipers":16,"Incense Burner":5,"Juzu Bracelet":17,"Ginger":13,"Burning Blood":0,"Blood Vial":6,"Dream Catcher":1,"Lizard Tail":7,"Sundial":5,"Mummified Hand":11,"DollysMirror":18,"WingedGreaves":11,"Red Mask":7,"HandDrill":21,"Runic Cube":12,"Golden Idol":4,"Self Forming Clay":22,"Eternal Feather":11,"Orichalcum":2,"Calling Bell":5,"Orrery":11,"Molten Egg 2":18,"Bag of Marbles":7,"Membership Card":3,"CatCart":14},{"Darkstone Periapt":14,"Regal Pillow":27,"Calipers":90,"Incense Burner":27,"Juzu Bracelet":96,"Ginger":72,"Burning Blood":0,"Blood Vial":32,"Dream Catcher":3,"Lizard Tail":38,"Sundial":27,"Mummified Hand":58,"DollysMirror":104,"WingedGreaves":58,"Red Mask":38,"HandDrill":126,"Runic Cube":68,"Golden Idol":14,"Self Forming Clay":133,"Eternal Feather":58,"Orichalcum":8,"Calling Bell":27,"Orrery":58,"Molten Egg 2":104,"Bag of Marbles":38,"Membership Card":11,"CatCart":81}],"Runic Cube":[72]},"card_choices":[{"not_picked":["Secret Weapon","Panache"],"picked":"HandOfGreed","floor":0},{"not_picked":["Cleave","Pommel Strike"],"picked":"Thunderclap","floor":1},{"not_picked":["Clothesline","Pommel Strike"],"picked":"Shrug It Off","floor":6},{"not_picked":["Dark Embrace","Headbutt"],"picked":"Entrench","floor":7},{"not_picked":["Cleave","Clash"],"picked":"Battle Trance","floor":11},{"not_picked":["Warcry","Cleave"],"picked":"Armaments","floor":13},{"not_picked":["Fiend Fire","Brutality"],"picked":"Juggernaut","floor":16},{"not_picked":["Clash","Shockwave"],"picked":"Clothesline+1","floor":18},{"not_picked":["Entrench","Shrug It Off"],"picked":"Twin Strike","floor":20},{"not_picked":["Pommel Strike+1","True Grit"],"picked":"Blood for Blood+1","floor":27},{"not_picked":["Clash","Headbutt+1"],"picked":"Feed","floor":29},{"not_picked":["Entrench","Cleave"],"picked":"Iron Wave","floor":31},{"not_picked":["Thunderclap","Entrench+1"],"picked":"Corruption","floor":31},{"not_picked":["Body Slam","Perfected Strike"],"picked":"Thunderclap","floor":31},{"not_picked":["Iron Wave","Twin Strike"],"picked":"Uppercut+1","floor":31},{"not_picked":["True Grit","Body Slam"],"picked":"Headbutt+1","floor":31},{"not_picked":["Brutality","Impervious"],"picked":"Demon Form","floor":33},{"not_picked":["Clothesline+1","Warcry"],"picked":"Bloodletting+1","floor":35},{"not_picked":["Warcry","Armaments+1"],"picked":"Inflame","floor":37},{"not_picked":["Shrug It Off+1","Twin Strike+1"],"picked":"Feed","floor":39},{"not_picked":["Brutality","Second Wind","Sword Boomerang"],"picked":"SKIP","floor":41},{"not_picked":["Clash","Thunderclap+1"],"picked":"Power Through","floor":42},{"not_picked":["Shrug It Off","Power Through+1"],"picked":"Body Slam+1","floor":45},{"not_picked":["Flex","Body Slam+1"],"picked":"Searing Blow+1","floor":47},{"not_picked":["Shrug It Off","Bloodletting","Rampage+1"],"picked":"SKIP","floor":48},{"not_picked":["Corruption","True Grit+1"],"picked":"Warcry","floor":54}],"player_experience":100078,"relics_obtained":[{"floor":6,"key":"Orichalcum"},{"floor":14,"key":"Darkstone Periapt"},{"floor":17,"key":"Regal Pillow"},{"floor":17,"key":"Sundial"},{"floor":17,"key":"Incense Burner"},{"floor":20,"key":"Red Mask"},{"floor":26,"key":"Bag of Marbles"},{"floor":30,"key":"WingedGreaves"},{"floor":30,"key":"Mummified Hand"},{"floor":37,"key":"CatCart"},{"floor":41,"key":"Calipers"},{"floor":43,"key":"Juzu Bracelet"},{"floor":54,"key":"Self Forming Clay"}],"event_choices":[{"damage_healed":0,"gold_gain":0,"player_choice":"Grow","damage_taken":0,"max_hp_gain":0,"max_hp_loss":0,"event_name":"Living Wall","floor":3,"gold_loss":0,"cards_upgraded":["Wish"]},{"damage_healed":0,"gold_gain":78,"player_choice":"Gained Gold","damage_taken":0,"max_hp_gain":0,"max_hp_loss":0,"event_name":"Golden Wing","floor":5,"gold_loss":0},{"damage_healed":0,"gold_gain":0,"player_choice":"Take Wound","damage_taken":0,"relics_obtained":["Golden Idol"],"max_hp_gain":0,"max_hp_loss":0,"event_name":"Golden Idol","floor":12,"gold_loss":0,"cards_obtained":["Injury"]},{"damage_healed":0,"gold_gain":0,"player_choice":"Fought Bandits","damage_taken":0,"max_hp_gain":0,"max_hp_loss":0,"event_name":"Masked Bandits","floor":20,"gold_loss":0},{"damage_healed":0,"gold_gain":0,"player_choice":"Ignored","damage_taken":0,"max_hp_gain":0,"max_hp_loss":0,"event_name":"Ghosts","floor":21,"gold_loss":0},{"cards_removed":["Injury"],"damage_healed":0,"gold_gain":0,"player_choice":"Removed Curses","damage_taken":0,"max_hp_gain":0,"max_hp_loss":0,"event_name":"Fountain of Cleansing","floor":24,"gold_loss":0},{"damage_healed":0,"gold_gain":0,"player_choice":"Fight","damage_taken":0,"max_hp_gain":0,"max_hp_loss":0,"event_name":"Colosseum","floor":30,"gold_loss":0},{"damage_healed":0,"gold_gain":0,"player_choice":"Fought Nobs","damage_taken":0,"max_hp_gain":0,"max_hp_loss":0,"event_name":"Colosseum","floor":30,"gold_loss":0},{"damage_healed":0,"gold_gain":0,"player_choice":"Fight","damage_taken":0,"max_hp_gain":0,"max_hp_loss":0,"event_name":"OrinTheCat","floor":37,"gold_loss":0},{"damage_healed":0,"gold_gain":222,"player_choice":"Wore Mask","damage_taken":0,"max_hp_gain":0,"max_hp_loss":0,"event_name":"Tomb of Lord Red Mask","floor":38,"gold_loss":0}],"is_beta":false,"boss_relics":[{"not_picked":["Philosopher\u0027s Stone","Empty Cage"],"picked":"Calling Bell"},{"not_picked":["Velvet Choker","SacredBark"],"picked":"Runic Cube"}],"items_purged_floors":[],"is_endless":false,"potions_floor_spawned":[1,11,16,18,30,33,35,37,48,54],"killed_by":"The Heart","ascension_level":0}}