{"host":"jwpp8hxpigr0nknu","time":1613271027,"event":{"mods":["BaseMod","BetterRewards","Colored Map","Colored Powertips","Minty Spire (QoL Compilation)","Rare Cards Sparkle","Shop Mod","StSLib"],"gold_per_floor":[118,134,134,149,163,195,195,229,283,283,309,234,245,195,195,266,266,278,278,293,189,205,231,251,286,286,312,326,344,344,344,344,344,344],"floor_reached":33,"language":"ENG","playtime":1830,"items_purged":["Clothesline"],"score":598,"play_id":"6c2e6e2b-a869-4fa0-8198-4bbe07fa1e6c","local_time":"20210213205027","daily_mods":["Draft"],"is_ascension_mode":true,"campfire_choices":[{"data":"Uppercut","floor":7.0,"key":"SMITH"},{"data":"Infernal Blade","floor":10.0,"key":"SMITH"},{"data":"Rage","floor":15.0,"key":"SMITH"},{"data":"Berserk","floor":30,"key":"SMITH"},{"data":"Sever Soul","floor":32,"key":"SMITH"}],"circlet_count":0,"master_deck":["AscendersBane","Clash","Clash","Twin Strike","Iron Wave","Sword Boomerang","Clash","Battle Trance","Flex","Warcry","Dropkick","Rage+1","Iron Wave","Infernal Blade+1","Feel No Pain","Pommel Strike","Shrug It Off","Uppercut+1","Shrug It Off","Power Through","Thunderclap","Berserk+1","Second Wind","Sever Soul","Second Wind","Sever Soul+1","Battle Trance","Rage","Berserk","Battle Trance+1","Second Wind+1"],"relics":["Burning Blood","Lizard Tail","InkBottle","Red Skull","Omamori","Sozu","Meat on the Bone","Lantern","StrikeDummy","Toxic Egg 2"],"acts_visited":["Exordium","TheCity"],"potions_floor_usage":[29],"damage_taken":[{"damage":3.0,"enemies":"Jaw Worm","floor":1.0,"turns":2.0},{"damage":0.0,"enemies":"2 Louse","floor":2.0,"turns":3.0},{"damage":0.0,"enemies":"Cultist","floor":4.0,"turns":2.0},{"damage":5.0,"enemies":"Gremlin Gang","floor":5.0,"turns":4.0},{"damage":5.0,"enemies":"3 Sentries","floor":6.0,"turns":4.0},{"damage":9.0,"enemies":"Gremlin Nob","floor":8.0,"turns":4.0},{"damage":9.0,"enemies":"Lagavulin","floor":11.0,"turns":5.0},{"damage":8.0,"enemies":"Blue Slaver","floor":13.0,"turns":3.0},{"damage":24.0,"enemies":"Hexaghost","floor":16.0,"turns":8.0},{"damage":14.0,"enemies":"2 Thieves","floor":18.0,"turns":3.0},{"damage":0.0,"enemies":"3 Byrds","floor":20.0,"turns":4.0},{"damage":11.0,"enemies":"Snake Plant","floor":22.0,"turns":4.0},{"damage":18.0,"enemies":"Book of Stabbing","floor":23.0,"turns":4.0},{"damage":4.0,"enemies":"Chosen and Byrds","floor":24.0,"turns":5.0},{"damage":30.0,"enemies":"Gremlin Leader","floor":25.0,"turns":5.0},{"damage":0.0,"enemies":"Book of Stabbing","floor":27.0,"turns":4.0},{"damage":0.0,"enemies":"Cultist and Chosen","floor":28.0,"turns":3.0},{"damage":24,"enemies":"Snecko","floor":29,"turns":4},{"damage":81,"enemies":"Collector","floor":33,"turns":9}],"seed_played":"8352680015017824193","potions_obtained":[{"floor":1.0,"key":"LiquidMemories"},{"floor":2.0,"key":"HeartOfIron"},{"floor":6.0,"key":"FairyPotion"},{"floor":13.0,"key":"LiquidBronze"},{"floor":16.0,"key":"ElixirPotion"}],"is_trial":true,"path_per_floor":["M","M","?","M","M","E","R","E","T","R","E","$","M","?","R","B",null,"M","?","M","$","M","E","M","E","T","E","M","M","R","?","R","B"],"character_chosen":"IRONCLAD","items_purchased":["Sever Soul","Second Wind"],"campfire_rested":0,"item_purchase_floors":[21,21],"current_hp_per_floor":[71,75,75,75,75,75,75,72,72,72,69,69,67,67,67,49,69,61,61,67,67,62,50,52,40,40,46,52,46,46,46,46,37,37],"gold":344,"neow_bonus":"","is_daily":false,"chose_seed":true,"campfire_upgraded":5,"win_rate":0.0,"timestamp":1613271027,"path_taken":["M","M","?","M","M","E","R","E","T","R","E","$","M","?","R","BOSS","M","?","M","$","M","E","M","E","T","E","M","M","R","?","R","BOSS"],"items_purchased_type":["Card","Card"],"build_version":"2020-12-22","purchased_purges":1,"victory":false,"max_hp_per_floor":[75,75,75,75,75,75,75,75,75,75,75,75,75,75,75,75,75,75,75,75,75,75,75,75,75,75,75,75,75,75,75,75,75,75],"card_choices":[{"not_picked":["Burning Pact","Cleave"],"picked":"Clash","floor":0.0},{"not_picked":["Searing Blow","Iron Wave"],"picked":"Clash","floor":0.0},{"not_picked":["Sword Boomerang","Armaments"],"picked":"Metallicize","floor":0.0},{"not_picked":["Havoc","True Grit"],"picked":"Twin Strike","floor":0.0},{"not_picked":["Battle Trance","Shrug It Off"],"picked":"Iron Wave","floor":0.0},{"not_picked":["Headbutt","Sword Boomerang"],"picked":"Wild Strike","floor":0.0},{"not_picked":["Wild Strike","Entrench"],"picked":"Clothesline","floor":0.0},{"not_picked":["Headbutt","Perfected Strike"],"picked":"Sword Boomerang","floor":0.0},{"not_picked":["Anger","Shrug It Off"],"picked":"Clash","floor":0.0},{"not_picked":["True Grit","Spot Weakness"],"picked":"Battle Trance","floor":0.0},{"not_picked":["Perfected Strike","Heavy Blade"],"picked":"Flex","floor":0.0},{"not_picked":["Clothesline","Rupture"],"picked":"Warcry","floor":0.0},{"not_picked":["Rage","Wild Strike"],"picked":"Dropkick","floor":0.0},{"not_picked":["Entrench","Bloodletting"],"picked":"Rage","floor":0.0},{"not_picked":["True Grit","Anger"],"picked":"Iron Wave","floor":0.0},{"not_picked":["Spot Weakness","True Grit"],"picked":"Infernal Blade","floor":1.0},{"not_picked":["Twin Strike","Fire Breathing"],"picked":"Feel No Pain","floor":2.0},{"not_picked":["Body Slam","Evolve"],"picked":"Shrug It Off","floor":4.0},{"not_picked":["Rupture","Iron Wave"],"picked":"Uppercut","floor":5.0},{"not_picked":["Body Slam","Intimidate"],"picked":"Shrug It Off","floor":6.0},{"not_picked":["Demon Form","Pommel Strike"],"picked":"Power Through","floor":8.0},{"not_picked":["Carnage","Twin Strike"],"picked":"Thunderclap","floor":11.0},{"not_picked":["Cleave","Body Slam","Whirlwind"],"picked":"SKIP","floor":13.0},{"not_picked":["Limit Break","Brutality"],"picked":"Berserk","floor":16.0},{"not_picked":["Blood for Blood","Body Slam","Carnage"],"picked":"SKIP","floor":18.0},{"not_picked":["Twin Strike","Shockwave","Ghostly Armor"],"picked":"SKIP","floor":20.0},{"not_picked":["True Grit","Dual Wield"],"picked":"Sever Soul","floor":22.0},{"not_picked":["Sword Boomerang","Entrench"],"picked":"Battle Trance","floor":23.0},{"not_picked":["Reckless Charge+1","Thunderclap","Shrug It Off"],"picked":"SKIP","floor":24.0},{"not_picked":["Heavy Blade","Metallicize+1"],"picked":"Rage","floor":25.0},{"not_picked":["Flex+1","Reckless Charge"],"picked":"Berserk","floor":27.0},{"not_picked":["Ghostly Armor+1","Pummel"],"picked":"Battle Trance+1","floor":28.0},{"not_picked":["Headbutt","Pommel Strike"],"picked":"Second Wind+1","floor":29}],"player_experience":342447,"relics_obtained":[{"floor":6.0,"key":"Lizard Tail"},{"floor":8.0,"key":"InkBottle"},{"floor":9.0,"key":"Red Skull"},{"floor":11.0,"key":"Omamori"},{"floor":23.0,"key":"Meat on the Bone"},{"floor":25.0,"key":"Lantern"},{"floor":26.0,"key":"StrikeDummy"},{"floor":27.0,"key":"Toxic Egg 2"}],"event_choices":[{"damage_healed":0.0,"max_hp_gain":0.0,"max_hp_loss":0.0,"gold_gain":0.0,"cards_transformed":["Wild Strike"],"event_name":"Living Wall","player_choice":"Change","floor":3.0,"gold_loss":0.0,"damage_taken":0.0,"cards_obtained":["Pommel Strike"]},{"cards_removed":["Metallicize"],"damage_healed":0.0,"max_hp_gain":0.0,"max_hp_loss":0.0,"gold_gain":0.0,"event_name":"The Cleric","player_choice":"Card Removal","floor":14.0,"gold_loss":50.0,"damage_taken":0.0},{"damage_healed":0.0,"max_hp_gain":0.0,"max_hp_loss":0.0,"gold_gain":0.0,"event_name":"The Library","player_choice":"Read","floor":19.0,"gold_loss":0.0,"damage_taken":0.0,"cards_obtained":["Second Wind"]},{"damage_healed":0,"gold_gain":0,"player_choice":"Ignored","damage_taken":0,"max_hp_gain":0,"max_hp_loss":0,"event_name":"Vampires","floor":31,"gold_loss":0}],"is_beta":false,"boss_relics":[{"not_picked":["Runic Dome","Velvet Choker"],"picked":"Sozu"}],"items_purged_floors":[12],"is_endless":false,"potions_floor_spawned":[1,2,6,13,16,18,23,28,29],"killed_by":"Collector","ascension_level":14}}