{"host":"nhhqxetgwwd7qseb","time":1613316600,"event":{"mods":["Act Like it!","BaseMod","Dota2Spire","Gensokyo","Hallownest","Hermit","KinomotoSakuraMod(木之本樱)","Koishi","LagranYue(拉格朗・月)","Minty Spire (QoL Compilation)","Quick Restart","Remilia（蕾米莉亚）","Replay The Spire","StSLib","The Alterego","The Animator","The Bug Knight","The Hierophant","The Jungle","TheWitcher","UnlockEverythingMod","WarShipGirlsR/战舰少女R mod","Warlord Emblem","Yakumo Yukari mod","Youmu（魂魄妖梦）","【功能Mod】混沌之环修复补丁"],"gold_per_floor":[115,187,201,220,220,220,236,236,248,268,268,302,321,334,349,366,449,449,449],"floor_reached":18,"language":"ZHS","playtime":878,"items_purged":[],"score":120,"play_id":"1ff32ce9-8e26-4053-9d96-66a95066102b","local_time":"20210214233000","is_ascension_mode":false,"campfire_choices":[{"data":"rmod:supportaircraftcarrier","floor":8,"key":"SMITH"}],"circlet_count":0,"master_deck":["rmod:strick","rmod:strick","rmod:strick","rmod:strick","rmod:defend","rmod:defend","rmod:defend","rmod:defend","rmod:basicallowance","rmod:maingunfire","rmod:wife","rmod:advancebysurprise","rmod:supportaircraftcarrier+1","rmod:mineteam","rmod:firesupport","rmod:supportaircraftcarrier","rmod:victimresponsibility+1","rmod:bulid+1","rmod:shuttlebombing+1"],"relics":["rmod:firstchargereward","NeowsBlessing","Nunchaku","Toxic Egg 2","Dota2Spire:PowerTreads"],"acts_visited":["Exordium"],"potions_floor_usage":[12,12,12,15,16,18],"damage_taken":[{"damage":0,"enemies":"Jaw Worm","floor":1,"turns":1},{"damage":0,"enemies":"2 Louse","floor":3,"turns":1},{"damage":0,"enemies":"Cultist","floor":4,"turns":1},{"damage":13,"enemies":"Exordium Thugs","floor":7,"turns":4},{"damage":0,"enemies":"Exordium Wildlife","floor":9,"turns":3},{"damage":4,"enemies":"Looter","floor":10,"turns":3},{"damage":15,"enemies":"3 Sentries","floor":12,"turns":4},{"damage":6,"enemies":"2 Fungi Beasts","floor":13,"turns":2},{"damage":13,"enemies":"Lots of Slimes","floor":14,"turns":3},{"damage":8,"enemies":"Gremlin Gang","floor":15,"turns":4},{"damage":0,"enemies":"2 Fungi Beasts","floor":16,"turns":3},{"damage":18,"enemies":"The Guardian","floor":18,"turns":5}],"seed_played":"1804805081013947237","potions_obtained":[{"floor":1,"key":"Energy Potion"},{"floor":2,"key":"BlessingOfTheForge"},{"floor":3,"key":"Strength Potion"},{"floor":13,"key":"Adrenaline Potion"},{"floor":14,"key":"DistilledChaos"},{"floor":16,"key":"Block Potion"}],"is_trial":false,"path_per_floor":["M","?","M","M","PTL","PTL","M","R","M","M","T","E","M","M","M","M","R","B"],"character_chosen":"PRAEFECT","items_purchased":[],"campfire_rested":0,"item_purchase_floors":[],"current_hp_per_floor":[75,75,75,75,75,75,62,62,62,58,58,43,37,24,16,16,16,0,0],"gold":449,"neow_bonus":"THREE_ENEMY_KILL","is_daily":false,"chose_seed":false,"campfire_upgraded":1,"win_rate":0.0,"timestamp":1613316600,"path_taken":["M","?","M","M","PTL","PTL","M","R","M","M","T","E","M","M","M","?","R","BOSS"],"items_purchased_type":[],"build_version":"2020-12-22","purchased_purges":0,"victory":false,"max_hp_per_floor":[75,75,75,75,75,75,75,75,75,75,75,75,75,75,75,75,75,75,75],"card_choices":[{"not_picked":["rmod:luckystar","rmod:aggressivemary"],"picked":"rmod:wife","floor":1},{"not_picked":["rmod:steelsupply","rmod:capitalist"],"picked":"rmod:advancebysurprise","floor":2},{"not_picked":["rmod:ring","rmod:ammunitionsupply"],"picked":"rmod:supportaircraftcarrier","floor":2},{"not_picked":["rmod:launchingtorpedo","rmod:tearstotiara"],"picked":"rmod:mineteam","floor":3},{"not_picked":["rmod:luckystar","rmod:fuelsupply"],"picked":"rmod:firesupport","floor":4},{"not_picked":["rmod:tearstotiara","rmod:aluminumsupply"],"picked":"rmod:supportaircraftcarrier","floor":7},{"not_picked":["rmod:luckystar","rmod:generalist","rmod:steelsupply"],"picked":"SKIP","floor":9},{"not_picked":["rmod:fuelsupply","rmod:capitalist","rmod:auspiciousomen"],"picked":"SKIP","floor":10},{"not_picked":["rmod:salvage","rmod:tearstotiara"],"picked":"rmod:victimresponsibility+1","floor":12},{"not_picked":["rmod:punchline+1","rmod:ammunitionsupply+1"],"picked":"rmod:bulid+1","floor":13},{"not_picked":["rmod:maintain+1","rmod:circuitoustactics+1"],"picked":"rmod:shuttlebombing+1","floor":14},{"not_picked":["rmod:circuitoustactics+1","rmod:tearstotiara","rmod:bulid+1"],"picked":"SKIP","floor":15},{"not_picked":["rmod:fletcherpendant","rmod:tearstotiara","rmod:supportescort+1"],"picked":"SKIP","floor":16}],"player_experience":36831,"relics_obtained":[{"floor":2,"key":"Nunchaku"},{"floor":11,"key":"Toxic Egg 2"},{"floor":12,"key":"Dota2Spire:PowerTreads"}],"event_choices":[],"is_beta":false,"boss_relics":[],"items_purged_floors":[],"is_endless":false,"potions_floor_spawned":[1,3,7,13,14,16],"killed_by":"The Guardian","ascension_level":0}}