{"host":"wmojtwekh6s3tor5","time":1613314428,"event":{"mods":["BaseMod","Colored Map","Colored Powertips","DeckTracker","Highlight Path","Minty Spire (QoL Compilation)","StSLib"],"gold_per_floor":[117,41,16,32,49,49,49,49,49,49,59,59,59,74,74,175,175,186,186,186,202,202,202],"floor_reached":22,"language":"ZHS","playtime":952,"items_purged":[],"score":226,"play_id":"5d143e86-2472-43d2-9e53-41a2b628a92b","local_time":"20210214225348","is_ascension_mode":true,"campfire_choices":[{"data":"Flame Barrier","floor":6.0,"key":"SMITH"},{"floor":13.0,"key":"REST"},{"floor":15.0,"key":"REST"}],"circlet_count":0,"master_deck":["Strike_R","Strike_R+1","Strike_R","Strike_R","Strike_R","Defend_R","Defend_R","Defend_R","Defend_R","Bash+1","Seeing Red+1","Flame Barrier+1","Double Tap","Combust"],"relics":["SlaversCollar","Paper Frog","Busted Crown"],"acts_visited":["Exordium","TheCity"],"potions_floor_usage":[16],"damage_taken":[{"damage":13.0,"enemies":"Jaw Worm","floor":1.0,"turns":5.0},{"damage":5.0,"enemies":"2 Louse","floor":4.0,"turns":3.0},{"damage":7.0,"enemies":"Cultist","floor":5.0,"turns":5.0},{"damage":0.0,"enemies":"Large Slime","floor":11.0,"turns":4.0},{"damage":20.0,"enemies":"Exordium Thugs","floor":14.0,"turns":8.0},{"damage":19,"enemies":"The Guardian","floor":16,"turns":11},{"damage":19,"enemies":"3 Byrds","floor":18,"turns":7},{"damage":31,"enemies":"Chosen","floor":21,"turns":5},{"damage":20,"enemies":"Centurion and Healer","floor":22,"turns":6}],"seed_played":"-8343982905318594486","potions_obtained":[{"floor":4.0,"key":"ColorlessPotion"},{"floor":11.0,"key":"DistilledChaos"},{"floor":16,"key":"FearPotion"}],"is_trial":false,"path_per_floor":["M","$","?","M","M","R","?","$","T","?","M","?","R","M","R","B",null,"M","?","?","M","M"],"character_chosen":"IRONCLAD","items_purchased":["Flame Barrier"],"campfire_rested":2,"item_purchase_floors":[2],"current_hp_per_floor":[59,59,59,54,47,47,31,31,31,31,31,31,55,35,59,40,70,51,51,51,20,0,0],"gold":202,"neow_bonus":"BOSS_RELIC","is_daily":false,"chose_seed":false,"campfire_upgraded":1,"win_rate":0.0,"timestamp":1613314428,"path_taken":["M","$","?","M","M","R","?","$","T","?","?","?","R","M","R","BOSS","M","?","?","M","M"],"items_purchased_type":["Card"],"build_version":"2020-12-22","purchased_purges":0,"victory":false,"max_hp_per_floor":[80,80,80,80,80,80,80,80,80,80,80,80,80,80,80,80,80,80,80,80,80,80,80],"card_choices":[{"not_picked":["Headbutt","Wild Strike"],"picked":"Seeing Red","floor":1.0},{"not_picked":["Thunderclap","Searing Blow","Shockwave"],"picked":"SKIP","floor":4.0},{"not_picked":["Clash","Inflame","Clothesline"],"picked":"SKIP","floor":5.0},{"not_picked":["True Grit","Flex","Sword Boomerang"],"picked":"SKIP","floor":11.0},{"not_picked":["True Grit","Clash","Havoc"],"picked":"SKIP","floor":14.0},{"not_picked":["Brutality","Corruption"],"picked":"Double Tap","floor":16},{"not_picked":[],"picked":"Combust","floor":18},{"not_picked":["Twin Strike"],"picked":"SKIP","floor":21}],"player_experience":622663,"relics_obtained":[{"floor":9.0,"key":"Paper Frog"}],"event_choices":[{"damage_healed":0.0,"max_hp_gain":0.0,"max_hp_loss":0.0,"gold_gain":0.0,"event_name":"World of Goop","player_choice":"Left Gold","floor":3.0,"gold_loss":25.0,"damage_taken":0.0},{"damage_healed":0.0,"max_hp_gain":0.0,"max_hp_loss":0.0,"gold_gain":0.0,"event_name":"Shining Light","player_choice":"Entered Light","floor":7.0,"gold_loss":0.0,"damage_taken":16.0,"cards_upgraded":["Strike_R","Seeing Red"]},{"damage_healed":0.0,"max_hp_gain":0.0,"max_hp_loss":0.0,"gold_gain":0.0,"event_name":"Match and Keep!","player_choice":"0 cards matched","floor":10.0,"gold_loss":0.0,"damage_taken":0.0,"cards_obtained":[]},{"damage_healed":0.0,"max_hp_gain":0.0,"max_hp_loss":0.0,"gold_gain":0.0,"event_name":"Accursed Blacksmith","player_choice":"Forge","floor":12.0,"gold_loss":0.0,"damage_taken":0.0,"cards_upgraded":["Bash"]},{"damage_healed":0,"gold_gain":0,"player_choice":"Ignored","damage_taken":0,"max_hp_gain":0,"max_hp_loss":0,"event_name":"Vampires","floor":19,"gold_loss":0},{"damage_healed":0,"gold_gain":0,"player_choice":"Ignored","damage_taken":0,"max_hp_gain":0,"max_hp_loss":0,"event_name":"Ghosts","floor":20,"gold_loss":0}],"is_beta":false,"boss_relics":[{"not_picked":["Philosopher\u0027s Stone","Cursed Key"],"picked":"Busted Crown"}],"items_purged_floors":[],"is_endless":false,"potions_floor_spawned":[4,11,16],"killed_by":"Centurion and Healer","ascension_level":6}}