{"host":"p9vmbvw2hh2n16dn","time":1613319970,"event":{"mods":["AchievementEnabler","BaseMod","Block Reminder","Minty Spire (QoL Compilation)","Relic Stats","SuperFastMode"],"gold_per_floor":[116,129,129,56,56,88,88,88,88,38,3,37,37,363,363,459,459,472,316,331,344,344,344,354,388,413,413,423,423,423,438,438,438,438],"floor_reached":33,"language":"ENG","playtime":741,"items_purged":[],"score":474,"play_id":"34162583-3e36-4ddb-87e6-92ab13879380","local_time":"20210214172610","is_ascension_mode":true,"campfire_choices":[{"data":"Storm","floor":8.0,"key":"SMITH"},{"data":"Defragment","floor":13.0,"key":"SMITH"},{"floor":15.0,"key":"REST"},{"floor":23,"key":"REST"},{"data":"Amplify","floor":30,"key":"SMITH"},{"data":"Echo Form","floor":32,"key":"SMITH"}],"circlet_count":0,"master_deck":["AscendersBane","Strike_B+1","Strike_B+1","Defend_B+1","Defend_B","Defend_B","Zap","Dualcast+1","BootSequence","Storm+1","Amplify+1","Defragment+1","White Noise","Echo Form+1","Static Discharge+1","Leap","Ball Lightning+1","Electrodynamics","Glacier","Defragment","Storm+1"],"relics":["Cracked Core","NeowsBlessing","War Paint","Bag of Preparation","Tiny Chest","Old Coin","Inserter","Blood Vial","Bag of Marbles","Vajra","Ornamental Fan"],"acts_visited":["Exordium","TheCity"],"potions_floor_usage":[31,33],"damage_taken":[{"damage":0.0,"enemies":"Small Slimes","floor":1.0,"turns":1.0},{"damage":0.0,"enemies":"2 Louse","floor":2.0,"turns":1.0},{"damage":0.0,"enemies":"3 Sentries","floor":6.0,"turns":1.0},{"damage":12.0,"enemies":"Lagavulin","floor":12.0,"turns":6.0},{"damage":17.0,"enemies":"3 Sentries","floor":14.0,"turns":6.0},{"damage":23.0,"enemies":"The Guardian","floor":16.0,"turns":8.0},{"damage":27.0,"enemies":"Spheric Guardian","floor":18.0,"turns":4.0},{"damage":6.0,"enemies":"Chosen","floor":20.0,"turns":4.0},{"damage":12.0,"enemies":"3 Cultists","floor":21.0,"turns":3.0},{"damage":16,"enemies":"Snecko","floor":24,"turns":3},{"damage":20,"enemies":"Book of Stabbing","floor":25,"turns":4},{"damage":13,"enemies":"Centurion and Healer","floor":28,"turns":2},{"damage":3,"enemies":"3 Cultists","floor":31,"turns":3},{"damage":27,"enemies":"Collector","floor":33,"turns":2}],"seed_played":"6736295376957296874","potions_obtained":[{"floor":14.0,"key":"ColorlessPotion"},{"floor":21.0,"key":"SteroidPotion"},{"floor":28,"key":"ColorlessPotion"},{"floor":31,"key":"LiquidBronze"}],"is_trial":false,"path_per_floor":["M","M","?","$","?","E","$","R","T","?","$","E","R","E","R","B",null,"M","$","M","M","?","R","M","E","T","?","M","T","R","M","R","B"],"character_chosen":"DEFECT","items_purchased":["Storm","Defragment","Blood Vial"],"campfire_rested":2,"item_purchase_floors":[4,11,19],"current_hp_per_floor":[68,68,53,53,46,46,46,46,46,46,46,34,34,17,39,16,60,33,33,29,19,19,41,27,9,9,34,23,23,23,22,22,0,0],"gold":438,"neow_bonus":"THREE_ENEMY_KILL","is_daily":false,"chose_seed":false,"campfire_upgraded":4,"win_rate":0.0,"timestamp":1613319970,"path_taken":["M","M","?","$","?","E","?","R","T","?","$","E","R","E","R","BOSS","M","$","M","M","?","R","?","E","T","?","M","?","R","?","R","BOSS"],"items_purchased_type":["Card","Card","Relic"],"build_version":"2020-12-22","purchased_purges":0,"victory":false,"max_hp_per_floor":[75,75,75,75,75,75,75,75,75,75,75,75,75,75,75,75,75,75,75,75,75,75,75,75,75,75,75,75,75,75,75,75,75,75],"relic_stats":{"Blood Vial":14,"Inserter":[12],"counters":[14,48],"Ornamental Fan":[0],"Tiny Chest":1,"Bag of Preparation":[22],"War Paint":["Dualcast","Defend_B"],"obtain_stats":[{"Blood Vial":19,"Inserter":17,"NeowsBlessing":0,"Ornamental Fan":29,"Vajra":26,"Tiny Chest":12,"Bag of Preparation":9,"Bag of Marbles":25,"War Paint":6,"Cracked Core":0,"Old Coin":14},{"Blood Vial":7,"Inserter":6,"NeowsBlessing":0,"Ornamental Fan":12,"Vajra":11,"Tiny Chest":4,"Bag of Preparation":3,"Bag of Marbles":11,"War Paint":3,"Cracked Core":0,"Old Coin":5},{"Blood Vial":27,"Inserter":23,"NeowsBlessing":0,"Ornamental Fan":43,"Vajra":41,"Tiny Chest":9,"Bag of Preparation":3,"Bag of Marbles":41,"War Paint":3,"Cracked Core":0,"Old Coin":15}]},"card_choices":[{"not_picked":["Streamline","Turbo"],"picked":"BootSequence","floor":1.0},{"not_picked":["Beam Cell","Stack","Loop"],"picked":"SKIP","floor":2.0},{"not_picked":["Rebound","Tempest"],"picked":"Amplify","floor":6.0},{"not_picked":["Scrape","Recycle","Turbo"],"picked":"SKIP","floor":12.0},{"not_picked":["Barrage","Rainbow"],"picked":"White Noise","floor":14.0},{"not_picked":["Reboot","Amplify"],"picked":"Echo Form","floor":16.0},{"not_picked":["Conserve Battery+1","Auto Shields"],"picked":"Static Discharge+1","floor":18.0},{"not_picked":["Go for the Eyes","Coolheaded"],"picked":"Leap","floor":20.0},{"not_picked":["Hologram","Sweeping Beam+1"],"picked":"Ball Lightning+1","floor":21.0},{"not_picked":["Go for the Eyes+1","BootSequence+1"],"picked":"Glacier","floor":24},{"not_picked":["Reinforced Body","Fusion"],"picked":"Defragment","floor":25},{"not_picked":["Leap+1","Undo"],"picked":"Storm+1","floor":28},{"not_picked":["Ball Lightning","BootSequence","Compile Driver"],"picked":"SKIP","floor":31}],"player_experience":329340,"relics_obtained":[{"floor":6.0,"key":"War Paint"},{"floor":9.0,"key":"Bag of Preparation"},{"floor":12.0,"key":"Tiny Chest"},{"floor":14.0,"key":"Old Coin"},{"floor":25,"key":"Bag of Marbles"},{"floor":26,"key":"Vajra"},{"floor":29,"key":"Ornamental Fan"}],"event_choices":[{"damage_healed":0.0,"max_hp_gain":0.0,"max_hp_loss":0.0,"gold_gain":0.0,"event_name":"Shining Light","player_choice":"Entered Light","floor":3.0,"gold_loss":0.0,"damage_taken":15.0,"cards_upgraded":["Strike_B","Strike_B"]},{"cards_removed":["Defend_B"],"damage_healed":0.0,"max_hp_gain":0.0,"max_hp_loss":0.0,"gold_gain":0.0,"event_name":"Golden Wing","player_choice":"Card Removal","floor":5.0,"gold_loss":0.0,"damage_taken":7.0},{"cards_removed":["Strike_B"],"damage_healed":0.0,"max_hp_gain":0.0,"max_hp_loss":0.0,"gold_gain":0.0,"event_name":"The Cleric","player_choice":"Card Removal","floor":10.0,"gold_loss":50.0,"damage_taken":0.0},{"damage_healed":0,"gold_gain":0,"cards_transformed":["Strike_B"],"player_choice":"Transformed","damage_taken":0,"max_hp_gain":0,"max_hp_loss":0,"event_name":"Transmorgrifier","floor":22,"gold_loss":0,"cards_obtained":["Electrodynamics"]},{"damage_healed":25,"gold_gain":0,"player_choice":"Heal","damage_taken":0,"max_hp_gain":0,"max_hp_loss":0,"event_name":"The Library","floor":27,"gold_loss":0}],"is_beta":false,"boss_relics":[{"not_picked":["Fusion Hammer","Busted Crown"],"picked":"Inserter"}],"items_purged_floors":[],"is_endless":false,"potions_floor_spawned":[14,21,28,31],"killed_by":"Collector","ascension_level":11}}