{"host":"Joker2kill","time":1613339181,"event":{"mods":["BaseMod","Bestiary","Colored Map","Curses Come First","Minty Spire (QoL Compilation)","StSLib"],"gold_per_floor":[114,134,309,309,328,363,423,435,435,435,449,449,464,137,137,241,241,257,257,270,24,34,63,63,95,118,118,128,128,90,104,104,206,206,216,227,246,246,258,272,24,24,49,80,92,107,125,144,144,144],"floor_reached":51,"language":"ENG","playtime":4514,"items_purged":["Defend_B","Parasite"],"score":859,"play_id":"af845544-8228-4d86-9de6-88a92ac5661b","local_time":"20210214164621","is_ascension_mode":true,"campfire_choices":[{"floor":10.0,"key":"REST"},{"data":"Zap","floor":12.0,"key":"SMITH"},{"data":"Capacitor","floor":15.0,"key":"SMITH"},{"data":"Defragment","floor":24.0,"key":"SMITH"},{"data":"Defragment","floor":27.0,"key":"SMITH"},{"floor":29.0,"key":"REST"},{"data":"Loop","floor":32.0,"key":"SMITH"},{"data":"White Noise","floor":49,"key":"SMITH"}],"circlet_count":0,"master_deck":["Strike_B","Strike_B","Strike_B","Strike_B","Defend_B","Defend_B+1","Defend_B","Zap+1","Dualcast","Electrodynamics","Coolheaded","Glacier","BootSequence","Reinforced Body","Genetic Algorithm+1","Capacitor+1","Thunder Strike+1","Static Discharge","Defragment+1","Lockon","Turbo","Defragment+1","Skim","White Noise+1","Force Field+1","Loop+1","Electrodynamics","Hello World+1","Coolheaded","Electrodynamics"],"relics":["Cracked Core","Kunai","Singing Bowl","Mummified Hand","Medical Kit","MealTicket","SacredBark","InkBottle","Lantern","Dream Catcher","Toy Ornithopter","Philosopher\u0027s Stone","War Paint","Vajra","Peace Pipe"],"acts_visited":["Exordium","TheCity","TheBeyond"],"potions_floor_usage":[44,48,50,50],"damage_taken":[{"damage":7.0,"enemies":"Jaw Worm","floor":1.0,"turns":3.0},{"damage":0.0,"enemies":"2 Louse","floor":2.0,"turns":1.0},{"damage":0.0,"enemies":"Cultist","floor":5.0,"turns":2.0},{"damage":21.0,"enemies":"Gremlin Nob","floor":6.0,"turns":5.0},{"damage":30.0,"enemies":"Gremlin Nob","floor":7.0,"turns":4.0},{"damage":2.0,"enemies":"Large Slime","floor":8.0,"turns":4.0},{"damage":0.0,"enemies":"Lots of Slimes","floor":11.0,"turns":2.0},{"damage":5.0,"enemies":"Looter","floor":13.0,"turns":3.0},{"damage":20.0,"enemies":"The Guardian","floor":16.0,"turns":16.0},{"damage":5.0,"enemies":"Spheric Guardian","floor":18.0,"turns":7.0},{"damage":20.0,"enemies":"2 Thieves","floor":20.0,"turns":3.0},{"damage":15.0,"enemies":"Snake Plant","floor":22.0,"turns":4.0},{"damage":0.0,"enemies":"Slavers","floor":23.0,"turns":2.0},{"damage":9.0,"enemies":"Gremlin Leader","floor":25.0,"turns":5.0},{"damage":12.0,"enemies":"Centurion and Healer","floor":28.0,"turns":4.0},{"damage":9.0,"enemies":"3 Cultists","floor":31.0,"turns":4.0},{"damage":14.0,"enemies":"Automaton","floor":33.0,"turns":6.0},{"damage":0,"enemies":"Orb Walker","floor":35,"turns":3},{"damage":11,"enemies":"3 Shapes","floor":36,"turns":3},{"damage":6,"enemies":"Jaw Worm Horde","floor":37,"turns":3},{"damage":9,"enemies":"Spire Growth","floor":39,"turns":3},{"damage":0,"enemies":"Writhing Mass","floor":40,"turns":6},{"damage":0,"enemies":"Giant Head","floor":44,"turns":7},{"damage":18,"enemies":"Sphere and 2 Shapes","floor":45,"turns":3},{"damage":7,"enemies":"3 Darklings","floor":46,"turns":3},{"damage":19,"enemies":"Jaw Worm Horde","floor":47,"turns":3},{"damage":0,"enemies":"4 Shapes","floor":48,"turns":1},{"damage":52,"enemies":"Time Eater","floor":50,"turns":9}],"seed_played":"8389937101051247656","potions_obtained":[{"floor":1.0,"key":"EssenceOfDarkness"},{"floor":7.0,"key":"PowerPotion"},{"floor":13.0,"key":"Energy Potion"},{"floor":16.0,"key":"SkillPotion"},{"floor":18.0,"key":"DistilledChaos"},{"floor":25.0,"key":"GamblersBrew"},{"floor":28.0,"key":"ColorlessPotion"},{"floor":31.0,"key":"SteroidPotion"},{"floor":35,"key":"FocusPotion"},{"floor":45,"key":"Dexterity Potion"},{"floor":46,"key":"Swift Potion"},{"floor":47,"key":"Fire Potion"}],"is_trial":false,"path_per_floor":["M","M","?","?","M","E","?","M","T","R","M","R","M","$","R","B",null,"M","?","M","$","M","E","R","E","T","R","M","R","$","M","R","B",null,"M","M","M","?","M","M","$","?","T","E","M","M","M","M","R","B",null],"character_chosen":"DEFECT","items_purchased":["Medical Kit","Capacitor","MealTicket","Defragment","Lockon","Turbo","Loop","War Paint"],"campfire_rested":2,"item_purchase_floors":[14,14,14,21,21,21,30,41],"current_hp_per_floor":[68,68,68,61,61,40,10,10,10,33,35,35,30,30,30,10,79,74,74,56,71,58,58,58,49,49,49,37,61,76,74,74,65,85,87,78,74,91,84,86,92,92,92,94,76,69,50,57,57,15],"gold":144,"neow_bonus":"ONE_RANDOM_RARE_CARD","is_daily":false,"chose_seed":false,"campfire_upgraded":6,"win_rate":0.0,"timestamp":1613339181,"path_taken":["M","M","?","?","M","E","?","M","T","R","M","R","M","$","R","BOSS","M","?","M","$","M","E","R","E","T","R","M","R","$","M","R","BOSS","M","M","M","?","?","M","$","?","T","E","M","M","M","M","R","BOSS"],"items_purchased_type":["Relic","Card","Relic","Card","Card","Card","Card","Relic"],"build_version":"2020-12-18","purchased_purges":2,"victory":true,"max_hp_per_floor":[75,75,75,75,75,75,75,77,77,77,79,79,79,79,79,79,79,79,79,81,81,83,83,83,83,83,83,83,83,83,85,85,85,85,87,89,91,91,93,95,92,92,92,94,94,94,94,96,96,96],"card_choices":[{"not_picked":["Cold Snap","Chaos"],"picked":"Coolheaded","floor":1.0},{"not_picked":["Sweeping Beam","Stack"],"picked":"Glacier","floor":2.0},{"not_picked":["Chaos","Leap","Compile Driver"],"picked":"SKIP","floor":5.0},{"not_picked":["Aggregate","Beam Cell"],"picked":"BootSequence","floor":6.0},{"not_picked":["Stack","Go for the Eyes"],"picked":"Reinforced Body","floor":7.0},{"not_picked":["Leap","Hello World","Hologram"],"picked":"Singing Bowl","floor":8.0},{"not_picked":["Compile Driver","Force Field","Fusion"],"picked":"Singing Bowl","floor":11.0},{"not_picked":["Redo","Sweeping Beam"],"picked":"Genetic Algorithm","floor":13.0},{"not_picked":["Fission","Rainbow"],"picked":"Thunder Strike","floor":16.0},{"not_picked":["Hologram","BootSequence"],"picked":"Static Discharge","floor":18.0},{"not_picked":["Melter","Sweeping Beam","Streamline"],"picked":"Singing Bowl","floor":20.0},{"not_picked":["Steam","Chill","Sweeping Beam"],"picked":"Singing Bowl","floor":22.0},{"not_picked":["Tempest","Sunder"],"picked":"Defragment","floor":23.0},{"not_picked":["Stack","Chaos"],"picked":"Skim","floor":25.0},{"not_picked":["Compile Driver+1","Rip and Tear"],"picked":"White Noise","floor":28.0},{"not_picked":["Turbo+1","Redo"],"picked":"Force Field+1","floor":29.0},{"not_picked":["Go for the Eyes","Rip and Tear","Hologram"],"picked":"Singing Bowl","floor":31.0},{"not_picked":["Fission","Core Surge"],"picked":"Electrodynamics","floor":33.0},{"not_picked":["Reinforced Body","Ball Lightning","Double Energy+1"],"picked":"Singing Bowl","floor":35},{"not_picked":["Compile Driver","Beam Cell+1","Rip and Tear+1"],"picked":"Singing Bowl","floor":36},{"not_picked":["Reprogram+1","Conserve Battery","Streamline"],"picked":"Singing Bowl","floor":37},{"not_picked":["Consume","Go for the Eyes","Meteor Strike"],"picked":"Singing Bowl","floor":39},{"not_picked":["Steam","Conserve Battery+1","Beam Cell"],"picked":"Singing Bowl","floor":40},{"not_picked":["Stack+1","Cold Snap","Turbo"],"picked":"Singing Bowl","floor":44},{"not_picked":["Ball Lightning","Sweeping Beam"],"picked":"Hello World+1","floor":45},{"not_picked":["Skim","Fusion"],"picked":"Coolheaded","floor":46},{"not_picked":["FTL+1","Turbo+1"],"picked":"Electrodynamics","floor":47},{"not_picked":["Beam Cell+1","Barrage","BootSequence+1"],"picked":"Singing Bowl","floor":48}],"player_experience":338203,"relics_obtained":[{"floor":6.0,"key":"Kunai"},{"floor":9.0,"key":"Mummified Hand"},{"floor":23.0,"key":"Lantern"},{"floor":25.0,"key":"Dream Catcher"},{"floor":26.0,"key":"Toy Ornithopter"},{"floor":43,"key":"Vajra"},{"floor":44,"key":"Peace Pipe"}],"event_choices":[{"damage_healed":0.0,"max_hp_gain":0.0,"max_hp_loss":0.0,"gold_gain":175.0,"event_name":"Liars Game","player_choice":"AGREE","floor":3.0,"gold_loss":0.0,"damage_taken":0.0,"cards_obtained":["Doubt"]},{"cards_removed":["Doubt"],"damage_healed":0.0,"max_hp_gain":0.0,"max_hp_loss":0.0,"gold_gain":0.0,"event_name":"Golden Wing","player_choice":"Card Removal","floor":4.0,"gold_loss":0.0,"damage_taken":7.0},{"damage_healed":0.0,"max_hp_gain":0.0,"max_hp_loss":0.0,"gold_gain":0.0,"event_name":"Dead Adventurer","player_choice":"Searched \u00272\u0027 times","floor":7.0,"gold_loss":0.0,"damage_taken":0.0,"relics_obtained":["Singing Bowl"]},{"damage_healed":0.0,"max_hp_gain":0.0,"max_hp_loss":0.0,"gold_gain":0.0,"event_name":"The Mausoleum","player_choice":"Opened","floor":19.0,"gold_loss":0.0,"damage_taken":0.0,"relics_obtained":["InkBottle"]},{"damage_healed":17,"gold_gain":0,"player_choice":"Full Heal","damage_taken":0,"max_hp_gain":0,"max_hp_loss":0,"event_name":"Wheel of Change","floor":38,"gold_loss":0},{"damage_healed":0,"gold_gain":0,"player_choice":"Forge","damage_taken":0,"max_hp_gain":0,"max_hp_loss":0,"event_name":"Accursed Blacksmith","floor":42,"gold_loss":0,"cards_upgraded":["Thunder Strike"]}],"is_beta":true,"boss_relics":[{"not_picked":["Empty Cage","Nuclear Battery"],"picked":"SacredBark"},{"not_picked":["Astrolabe","Tiny House"],"picked":"Philosopher\u0027s Stone"}],"items_purged_floors":[21,41],"is_endless":false,"potions_floor_spawned":[1,7,13,16,18,25,28,31,35,39,45,46,47],"ascension_level":3}}