{"host":"vz6qv7tthcp8jtis","time":1613332921,"event":{"mods":["BaseMod","Block Reminder","Colored Map","Highlight Path","Keyboard Shortcuts","Minty Spire (QoL Compilation)","Relic Stats"],"gold_per_floor":[115,115,115,131,147,147,147,147],"floor_reached":7,"language":"ENG","playtime":304,"items_purged":[],"score":47,"play_id":"fe63690b-9a9f-47e3-b223-8cd7b988e60c","local_time":"20210214210201","is_ascension_mode":true,"campfire_choices":[{"data":"Eruption","floor":6,"key":"SMITH"}],"circlet_count":0,"master_deck":["Strike_P","Strike_P","Strike_P","Strike_P","Defend_P","Defend_P","Defend_P","Defend_P","Eruption+1","Vigilance","EmptyBody","Regret","Worship"],"relics":["PureWater","Smiling Mask","Mango","Golden Idol"],"acts_visited":["Exordium"],"potions_floor_usage":[7],"damage_taken":[{"damage":0,"enemies":"Cultist","floor":1,"turns":3},{"damage":5,"enemies":"Small Slimes","floor":4,"turns":5},{"damage":5,"enemies":"2 Louse","floor":5,"turns":2},{"damage":85,"enemies":"Gremlin Nob","floor":7,"turns":5}],"seed_played":"-3163699252959121322","potions_obtained":[{"floor":4,"key":"PowerPotion"}],"is_trial":false,"path_per_floor":["M","?","?","M","M","R","E"],"character_chosen":"WATCHER","items_purchased":[],"campfire_rested":0,"item_purchase_floors":[],"current_hp_per_floor":[72,86,65,60,55,55,0,0],"gold":147,"neow_bonus":"RANDOM_COMMON_RELIC","is_daily":false,"chose_seed":false,"campfire_upgraded":1,"win_rate":0.0,"timestamp":1613332921,"path_taken":["M","?","?","M","M","R","E"],"items_purchased_type":[],"build_version":"2020-12-22","purchased_purges":0,"victory":false,"max_hp_per_floor":[72,86,86,86,86,86,86,86],"relic_stats":{"counters":[4,15],"Golden Idol":6,"Smiling Mask":0,"obtain_stats":[{"Golden Idol":3,"Mango":2,"PureWater":0,"Smiling Mask":0},{"Golden Idol":1,"Mango":1,"PureWater":0,"Smiling Mask":0},{"Golden Idol":3,"Mango":3,"PureWater":0,"Smiling Mask":0}]},"card_choices":[{"not_picked":["SashWhip","CrushJoints"],"picked":"EmptyBody","floor":1},{"not_picked":["JustLucky","Meditate","Consecrate"],"picked":"SKIP","floor":4},{"not_picked":["Crescendo","ThirdEye"],"picked":"Worship","floor":5}],"player_experience":149946,"relics_obtained":[],"event_choices":[{"damage_healed":0,"gold_gain":0,"player_choice":"Box","damage_taken":0,"relics_obtained":["Mango"],"max_hp_gain":0,"max_hp_loss":0,"event_name":"Big Fish","floor":2,"gold_loss":0,"cards_obtained":["Regret"]},{"damage_healed":0,"gold_gain":0,"player_choice":"Take Damage","damage_taken":21,"relics_obtained":["Golden Idol"],"max_hp_gain":0,"max_hp_loss":0,"event_name":"Golden Idol","floor":3,"gold_loss":0}],"is_beta":false,"boss_relics":[],"items_purged_floors":[],"is_endless":false,"potions_floor_spawned":[4],"killed_by":"Gremlin Nob","ascension_level":3}}