{"host":"0mhttqdumuceah7q","time":1613311934,"event":{"mods":["AchievementEnabler","BaseMod","Colored Map","DeckTracker","Minty Spire (QoL Compilation)","Permanent Neow"],"gold_per_floor":[109,121,121,140,140,167,182,209,209,209,60,60,24,34,34,133,133,145,176,194,194,194,194],"floor_reached":22,"language":"KOR","playtime":771,"items_purged":[],"score":184,"play_id":"ba83b3ed-ad51-4e11-b1aa-0569b89b95cf","local_time":"20210214231214","is_ascension_mode":false,"campfire_choices":[{"data":"Endless Agony","floor":10,"key":"SMITH"},{"data":"Storm of Steel","floor":12,"key":"SMITH"},{"floor":15,"key":"REST"}],"circlet_count":0,"master_deck":["Strike_G","Strike_G","Strike_G","Strike_G","Defend_G","Defend_G","Survivor","Neutralize","Deadly Poison","Slice","Storm of Steel+1","Calculated Gamble","Endless Agony+1","Blade Dance","Prepared","Finisher","Envenom","Footwork+1","Bouncing Flask+1","Caltrops+1","Endless Agony","Blade Dance","Prepared"],"relics":["WristBlade","Ancient Tea Set","Thread and Needle","Odd Mushroom","Bottled Flame","Strawberry","Astrolabe","Red Mask","Molten Egg 2"],"acts_visited":["Exordium","TheCity"],"potions_floor_usage":[6,8,16],"damage_taken":[{"damage":6,"enemies":"Small Slimes","floor":1,"turns":3},{"damage":5,"enemies":"Jaw Worm","floor":2,"turns":4},{"damage":0,"enemies":"2 Louse","floor":4,"turns":2},{"damage":20,"enemies":"Lagavulin","floor":6,"turns":5},{"damage":0,"enemies":"Exordium Thugs","floor":7,"turns":3},{"damage":0,"enemies":"The Mushroom Lair","floor":8,"turns":2},{"damage":0,"enemies":"2 Fungi Beasts","floor":14,"turns":2},{"damage":23,"enemies":"Hexaghost","floor":16,"turns":6},{"damage":23,"enemies":"Shell Parasite","floor":18,"turns":4},{"damage":25,"enemies":"Masked Bandits","floor":19,"turns":4},{"damage":0,"enemies":"3 Byrds","floor":20,"turns":3},{"damage":29,"enemies":"Centurion and Healer","floor":22,"turns":4}],"seed_played":"6413903189330343364","potions_obtained":[{"floor":4,"key":"SteroidPotion"},{"floor":6,"key":"SneckoOil"},{"floor":14,"key":"Swift Potion"},{"floor":16,"key":"SteroidPotion"},{"floor":19,"key":"SteroidPotion"}],"is_trial":false,"path_per_floor":["M","M","?","M","?","E","M","?","T","R","$","R","?","M","R","B",null,"M","?","M","T","M"],"character_chosen":"THE_SILENT","items_purchased":["Strawberry"],"campfire_rested":1,"item_purchase_floors":[11],"current_hp_per_floor":[64,59,59,59,34,14,14,14,14,14,21,21,21,21,44,21,77,54,29,29,29,0,0],"gold":194,"neow_bonus":"BOSS_RELIC","is_daily":false,"chose_seed":false,"campfire_upgraded":2,"win_rate":0.0,"timestamp":1613311934,"path_taken":["M","M","?","M","?","E","M","?","T","R","$","R","?","M","R","BOSS","M","?","M","?","M"],"items_purchased_type":["Relic"],"build_version":"2020-12-22","purchased_purges":0,"victory":false,"max_hp_per_floor":[70,70,70,70,70,70,70,70,70,70,77,77,77,77,77,77,77,77,77,77,77,77,77],"card_choices":[{"not_picked":["Underhanded Strike","Bane"],"picked":"Deadly Poison","floor":1},{"not_picked":["Backflip","Expertise"],"picked":"Slice","floor":2},{"not_picked":["Choke","Dagger Throw"],"picked":"Calculated Gamble","floor":4},{"not_picked":["Slice","Blur"],"picked":"Endless Agony","floor":6},{"not_picked":["Burst","Poisoned Stab"],"picked":"Blade Dance","floor":7},{"not_picked":["Dash","Dodge and Roll"],"picked":"Prepared","floor":8},{"not_picked":["Dagger Spray","Sucker Punch"],"picked":"Finisher","floor":14},{"not_picked":["Die Die Die","Glass Knife"],"picked":"Envenom","floor":16},{"not_picked":["Poisoned Stab","Slice"],"picked":"Endless Agony","floor":18},{"not_picked":["Dash","Sucker Punch+1"],"picked":"Blade Dance","floor":19},{"not_picked":["Poisoned Stab","Outmaneuver"],"picked":"Prepared","floor":20}],"player_experience":87065,"relics_obtained":[{"floor":6,"key":"Thread and Needle"},{"floor":8,"key":"Odd Mushroom"},{"floor":9,"key":"Bottled Flame"},{"floor":19,"key":"Red Mask"},{"floor":21,"key":"Molten Egg 2"}],"event_choices":[{"damage_healed":0,"gold_gain":0,"cards_transformed":["Defend_G"],"player_choice":"Change","damage_taken":0,"max_hp_gain":0,"max_hp_loss":0,"event_name":"Living Wall","floor":3,"gold_loss":0,"cards_obtained":["Storm of Steel"]},{"damage_healed":0,"gold_gain":0,"player_choice":"Success","damage_taken":25,"relics_obtained":["Ancient Tea Set"],"max_hp_gain":0,"max_hp_loss":0,"event_name":"Scrap Ooze","floor":5,"gold_loss":0},{"damage_healed":0,"gold_gain":0,"player_choice":"Fought Mushrooms","damage_taken":0,"max_hp_gain":0,"max_hp_loss":0,"event_name":"Mushrooms","floor":8,"gold_loss":0},{"damage_healed":0,"gold_gain":0,"player_choice":"Left Gold","damage_taken":0,"max_hp_gain":0,"max_hp_loss":0,"event_name":"World of Goop","floor":13,"gold_loss":36},{"damage_healed":0,"gold_gain":0,"player_choice":"Fought Bandits","damage_taken":0,"max_hp_gain":0,"max_hp_loss":0,"event_name":"Masked Bandits","floor":19,"gold_loss":0}],"is_beta":false,"boss_relics":[{"not_picked":["Calling Bell","Tiny House"],"picked":"Astrolabe"}],"items_purged_floors":[],"is_endless":false,"potions_floor_spawned":[4,6,14,16,19],"killed_by":"Centurion and Healer","ascension_level":0}}