{"host":"bgptblc1sp470rxq","time":1613302117,"event":{"mods":["BaseMod","Highlight Path","Hubris","Minty Spire (QoL Compilation)","Quick Restart","Replay The Spire","StSLib","Waifu the Spire","[IsaacMod]ÒÔÈö¼âËþ"],"gold_per_floor":[119,69,69,29,29,29,54,54,54,86,106,106,125,200,200,295,295,308,319,319,319],"floor_reached":20,"language":"ZHS","playtime":394,"items_purged":[],"score":265,"play_id":"404ab057-f87d-4e20-b5b7-20bb055e9a8a","local_time":"20210214192837","is_ascension_mode":true,"campfire_choices":[{"data":"Rampage","floor":6.0,"key":"SMITH"},{"data":"Power Through","floor":8.0,"key":"SMITH"},{"data":"Evolve","floor":15.0,"key":"SMITH"}],"circlet_count":0,"master_deck":["Strike_R","Strike_R","Strike_R","Defend_R","Defend_R","Defend_R","Defend_R","Bash+1","Armaments+1","Rampage+1","Power Through+1","Pommel Strike","Delirium","Evolve+1","True Grit+1","Headbutt+1"],"relics":["Burning Blood","NeowsBlessing","Letter Opener","Prayer Wheel","Boot","Ring of Fury","Painkiller Herb"],"acts_visited":["Exordium","TheCity"],"potions_floor_usage":[],"damage_taken":[{"damage":0.0,"enemies":"Small Slimes","floor":1.0,"turns":1.0},{"damage":0.0,"enemies":"Gremlin Nob","floor":7.0,"turns":1.0},{"damage":0.0,"enemies":"Lagavulin","floor":10.0,"turns":1.0},{"damage":0.0,"enemies":"Jaw Worm","floor":11.0,"turns":3.0},{"damage":2.0,"enemies":"2 Louse","floor":13.0,"turns":3.0},{"damage":23.0,"enemies":"Slime Boss","floor":16.0,"turns":8.0},{"damage":29.0,"enemies":"Spheric Guardian","floor":18.0,"turns":6.0},{"damage":6.0,"enemies":"3 Byrds","floor":19.0,"turns":6.0},{"damage":0,"enemies":"Centurion and Healer","floor":20,"turns":1}],"seed_played":"7188482310431048053","potions_obtained":[{"floor":7.0,"key":"Block Potion"},{"floor":10.0,"key":"DistilledChaos"},{"floor":11.0,"key":"LifebloodPotion"},{"floor":19.0,"key":"BlessingOfTheForge"}],"is_trial":false,"path_per_floor":["M","?","?","$","?","R","E","R","T","E","M","?","M","?","R","B",null,"?","?","?"],"character_chosen":"IRONCLAD","items_purchased":["Rampage"],"campfire_rested":0,"item_purchase_floors":[4],"current_hp_per_floor":[80,80,73,73,57,57,63,63,63,69,75,75,79,68,68,51,80,57,57,57,57],"gold":319,"neow_bonus":"THREE_ENEMY_KILL","is_daily":false,"chose_seed":false,"campfire_upgraded":3,"win_rate":0.0,"timestamp":1613302117,"path_taken":["M","?","?","$","?","R","E","R","T","E","M","?","M","?","R","BOSS","?","?","?"],"items_purchased_type":["Card"],"build_version":"2020-12-22","purchased_purges":0,"victory":false,"max_hp_per_floor":[80,80,80,80,80,80,80,80,80,80,80,80,80,80,80,80,80,80,80,80,80],"card_choices":[{"not_picked":["Twin Strike","Feel No Pain"],"picked":"Armaments","floor":1.0},{"not_picked":["hubris:ReadiedAction","Run Through"],"picked":"Power Through","floor":7.0},{"not_picked":["Replay:Undeath\u0027s Touch","Power Through","Clothesline"],"picked":"SKIP","floor":10.0},{"not_picked":["Sword Boomerang","Clash"],"picked":"Pommel Strike","floor":11.0},{"not_picked":["Perfected Strike","Flame Barrier","Blood for Blood"],"picked":"SKIP","floor":11.0},{"not_picked":["Anger","Clash"],"picked":"Evolve","floor":13.0},{"not_picked":["Wild Strike","Flex","Replay:Undeath\u0027s Touch"],"picked":"SKIP","floor":13.0},{"not_picked":["Wild Strike","Metallicize"],"picked":"True Grit+1","floor":18.0},{"not_picked":["Clothesline","Body Slam","Sever Soul"],"picked":"SKIP","floor":18.0},{"not_picked":["Seeing Red","Sever Soul"],"picked":"Headbutt+1","floor":19.0},{"not_picked":["Seeing Red+1","Combust","Dark Embrace"],"picked":"SKIP","floor":19.0}],"player_experience":253129,"relics_obtained":[{"floor":7.0,"key":"Letter Opener"},{"floor":9.0,"key":"Prayer Wheel"},{"floor":10.0,"key":"Boot"},{"floor":12.0,"key":"Ring of Fury"}],"event_choices":[{"cards_removed":["Strike_R"],"damage_healed":0.0,"max_hp_gain":0.0,"max_hp_loss":0.0,"gold_gain":0.0,"event_name":"The Cleric","player_choice":"Card Removal","floor":2.0,"gold_loss":50.0,"damage_taken":0.0},{"cards_removed":["Strike_R"],"damage_healed":0.0,"max_hp_gain":0.0,"max_hp_loss":0.0,"gold_gain":0.0,"event_name":"Golden Wing","player_choice":"Card Removal","floor":3.0,"gold_loss":0.0,"damage_taken":7.0},{"damage_healed":0.0,"max_hp_gain":0.0,"max_hp_loss":0.0,"gold_gain":0.0,"event_name":"Shining Light","player_choice":"Entered Light","floor":5.0,"gold_loss":0.0,"damage_taken":16.0,"cards_upgraded":["Bash","Armaments"]},{"damage_healed":0.0,"max_hp_gain":0.0,"max_hp_loss":0.0,"gold_gain":75.0,"event_name":"World of Goop","player_choice":"Gather Gold","floor":14.0,"gold_loss":0.0,"damage_taken":11.0}],"is_beta":false,"boss_relics":[{"not_picked":["Mark of Pain","Cursed Key"],"picked":"Painkiller Herb"}],"items_purged_floors":[],"is_endless":false,"potions_floor_spawned":[7,10,11,13,19],"killed_by":"Centurion and Healer","ascension_level":3}}