{"host":"x4i48uok34n1rpsm","time":1613285851,"event":{"mods":["Aspiration","BaseMod","Better Third Choice","Colored Map","Highlight Path","Minty Spire (QoL Compilation)","Permanent Neow","Replay The Spire","StSLib"],"gold_per_floor":[112,126,137,157,170,200,200,50,99,128,145,145,159,187,187,187,187],"floor_reached":16,"language":"ENG","playtime":936,"items_purged":["Strike_G"],"score":130,"play_id":"688abf18-dba0-45fa-bb9c-f3d6b8a5bfc8","local_time":"20210214085731","is_ascension_mode":true,"campfire_choices":[{"data":"Neutralize","floor":7,"key":"SMITH"},{"data":"Prepared","floor":15,"key":"SMITH"},{"data":"Backflip","floor":15,"key":"SMITH"}],"circlet_count":0,"master_deck":["Strike_G","Strike_G","Strike_G","Strike_G","Defend_G","Defend_G","Defend_G","Defend_G","Defend_G","Survivor","Neutralize+1","Caltrops+1","Slice","Dagger Spray","Backflip+1","Footwork+1","Accuracy","Prepared+1"],"relics":["Ring of the Snake","Painkiller Herb","WristBlade","Golden Egg","Replay:Arrowhead","Replay:Towering Pillar of Hats"],"acts_visited":["Exordium"],"potions_floor_usage":[4,6,14,16],"damage_taken":[{"damage":0,"enemies":"Small Slimes","floor":1,"turns":4},{"damage":0,"enemies":"Cultist","floor":2,"turns":3},{"damage":4,"enemies":"Jaw Worm","floor":3,"turns":4},{"damage":0,"enemies":"Looter","floor":4,"turns":3},{"damage":4,"enemies":"3 Louse","floor":5,"turns":4},{"damage":14,"enemies":"3 Sentries","floor":6,"turns":8},{"damage":20,"enemies":"Gremlin Nob","floor":10,"turns":5},{"damage":0,"enemies":"Red Slaver","floor":11,"turns":4},{"damage":3,"enemies":"Large Slime","floor":13,"turns":7},{"damage":2,"enemies":"Lagavulin","floor":14,"turns":8},{"damage":28,"enemies":"Slime Boss","floor":16,"turns":10}],"seed_played":"82282765021954313","potions_obtained":[{"floor":1,"key":"SkillPotion"},{"floor":3,"key":"SkillPotion"},{"floor":10,"key":"Poison Potion"},{"floor":14,"key":"Weak Potion"}],"is_trial":false,"path_per_floor":["?","?","?","?","?","E","T","T","T","E","?","?","?","E","T","B"],"character_chosen":"THE_SILENT","items_purchased":["Footwork"],"campfire_rested":0,"item_purchase_floors":[8],"current_hp_per_floor":[70,70,66,66,62,48,48,48,48,28,28,28,25,23,23,0,0],"gold":187,"neow_bonus":"DOUBLE_BOSS_RELIC","is_daily":false,"chose_seed":false,"campfire_upgraded":3,"win_rate":0.0,"timestamp":1613285851,"path_taken":["?","?","?","?","?","E","T","T","T","E","?","?","?","E","T","BOSS"],"items_purchased_type":["Card"],"build_version":"2020-12-22","purchased_purges":1,"victory":false,"max_hp_per_floor":[70,70,70,70,70,70,70,70,70,70,70,70,70,70,70,70,70],"card_choices":[{"not_picked":["Underhanded Strike","Skewer"],"picked":"Caltrops","floor":1},{"not_picked":["Outmaneuver","Draining Mist"],"picked":"Slice","floor":2},{"not_picked":["Dodge and Roll","Underhanded Strike"],"picked":"Dagger Spray","floor":3},{"not_picked":["Deadly Poison","Wraith Form v2","Dagger Spray"],"picked":"SKIP","floor":4},{"not_picked":["Slice","Flying Knee"],"picked":"Backflip","floor":5},{"not_picked":["Bullet Time","Endless Agony","Distraction"],"picked":"SKIP","floor":6},{"not_picked":["Poisoned Stab","Dash","Outmaneuver"],"picked":"SKIP","floor":10},{"not_picked":["Prepared","Underhanded Strike"],"picked":"Accuracy","floor":11},{"not_picked":["Deflect","Dodge and Roll","Eviscerate"],"picked":"SKIP","floor":13},{"not_picked":["Corpse Explosion","Deflect"],"picked":"Prepared","floor":14}],"player_experience":254741,"relics_obtained":[{"floor":6,"key":"Golden Egg"},{"floor":10,"key":"Replay:Arrowhead"},{"floor":14,"key":"Replay:Towering Pillar of Hats"}],"event_choices":[{"damage_healed":0,"gold_gain":0,"player_choice":"Forge","damage_taken":0,"max_hp_gain":0,"max_hp_loss":0,"event_name":"Accursed Blacksmith","floor":12,"gold_loss":0,"cards_upgraded":["Caltrops"]}],"is_beta":false,"boss_relics":[],"items_purged_floors":[8],"is_endless":false,"potions_floor_spawned":[1,3,10,14],"killed_by":"Slime Boss","ascension_level":1}}