{"host":"lktusdb9orijgc6z","time":1613345111,"event":{"mods":["BaseMod","Bestiary","Colored Map","Colored Powertips","Filter the Spire","Minty Spire (QoL Compilation)","Permanent Neow","Quick Restart","Relic Stats","StSLib","everything is the same but u backflip on backflip","slay the spire mod where everything is the same but ironclad has a cowboy hat"],"gold_per_floor":[119,119,132,143,158,158,158],"floor_reached":6,"language":"ENG","playtime":303,"items_purged":[],"score":76,"play_id":"10095d8e-9d4c-44ba-9a8b-7dee42718968","local_time":"20210215002511","is_ascension_mode":true,"campfire_choices":[],"circlet_count":0,"master_deck":["AscendersBane","Strike_B","Strike_B","Strike_B","Strike_B","Defend_B","Defend_B","Defend_B","Defend_B","Zap","Dualcast","Genetic Algorithm","Leap","Auto Shields","Sunder"],"relics":["Snecko Eye"],"acts_visited":["Exordium"],"potions_floor_usage":[6,6],"damage_taken":[{"damage":20,"enemies":"2 Louse","floor":1,"turns":3},{"damage":1,"enemies":"Cultist","floor":3,"turns":4},{"damage":4,"enemies":"Small Slimes","floor":4,"turns":4},{"damage":5,"enemies":"Exordium Wildlife","floor":5,"turns":5},{"damage":35,"enemies":"Lagavulin","floor":6,"turns":5}],"seed_played":"4997744978622908793","potions_obtained":[{"floor":1,"key":"AttackPotion"},{"floor":2,"key":"SteroidPotion"}],"is_trial":false,"path_per_floor":["M","?","M","M","M","E"],"character_chosen":"DEFECT","items_purchased":[],"campfire_rested":0,"item_purchase_floors":[],"current_hp_per_floor":[44,44,43,39,34,0,0],"gold":158,"neow_bonus":"BOSS_RELIC","is_daily":false,"chose_seed":false,"campfire_upgraded":0,"win_rate":0.0,"timestamp":1613345111,"path_taken":["M","?","M","M","M","E"],"items_purchased_type":[],"build_version":"2020-12-22","purchased_purges":0,"victory":false,"max_hp_per_floor":[71,71,71,71,71,71,71],"relic_stats":{"counters":[5,21],"Snecko Eye":[30,36,41,35],"obtain_stats":[{"Snecko Eye":0,"Cracked Core":0},{"Snecko Eye":0,"Cracked Core":0},{"Snecko Eye":0,"Cracked Core":0}]},"card_choices":[{"not_picked":["Recycle","Streamline"],"picked":"Genetic Algorithm","floor":1},{"not_picked":["Redo","Streamline"],"picked":"Leap","floor":3},{"not_picked":["Barrage","Turbo"],"picked":"Auto Shields","floor":4},{"not_picked":["Leap","Streamline"],"picked":"Sunder","floor":5}],"player_experience":791436,"relics_obtained":[],"event_choices":[{"damage_healed":0,"gold_gain":0,"player_choice":"Got Potions","damage_taken":0,"max_hp_gain":0,"max_hp_loss":0,"event_name":"Lab","floor":2,"gold_loss":0}],"is_beta":false,"boss_relics":[],"items_purged_floors":[],"is_endless":false,"potions_floor_spawned":[1,5],"killed_by":"Lagavulin","ascension_level":20}}