{"host":"166mvycy0az0i7z6","time":1613283305,"event":{"mods":["AchievementEnabler","Aspiration","BaseMod","Bestiary","Better Altar","Better Third Choice","BetterRewards","Challenge The Spire","Conspire","DeckTracker","Downfall","Halation","Hubris","Minty Spire (QoL Compilation)","Relic Filter","Relic Stats","Replay The Spire","Shop Mod","StSLib"],"gold_per_floor":[99,119,119,119,130,130,155,184,11,11,21,130,130,140,150,250,250,250,270,286,286,286,286,286],"floor_reached":22,"language":"ENG","playtime":1544,"items_purged":[],"score":234,"play_id":"893f0f1f-978f-4179-b3b2-9530773c2521","local_time":"20210214171505","is_ascension_mode":false,"campfire_choices":[{"data":"hexamod:Sear","floor":1,"key":"SMITH"},{"data":"hexamod:BurningTouch","floor":6,"key":"SMITH"},{"floor":13,"key":"REST"},{"data":"hexamod:RadiantFlame","floor":18,"key":"SMITH"}],"circlet_count":0,"master_deck":["hexamod:Strike","hexamod:Strike","hexamod:Strike","hexamod:Strike+1","hexamod:Defend+1","hexamod:Defend","hexamod:Defend","hexamod:Defend","hexamod:Sear+1","hexamod:Float","Blind","hexamod:InspiringFlames","Injury","hexamod:BurningTouch+1","hexamod:FastForward","hexamod:HeatCrush+1","hexamod:EmpoweredFlame","Good Instincts+1","hexamod:RecurringNightmare","hexamod:StepThrough+1","hexamod:FastForward","hexamod:SkipABeat","hexamod:RadiantFlame+1","hexamod:Firestarter+1","hexamod:SixthSeal","hexamod:HeatShield","hexamod:NightmareStrike+1","hexamod:ChargedBarrage+1"],"relics":["hexamod:SpiritBrand","Molten Egg 2","ReplayTheSpireMod:TigerMarble","hubris:MedicalManual","downfall:BrokenWingStatue","aspiration:RitualDagger","PrismaticShard"],"acts_visited":["Exordium","TheCity"],"potions_floor_usage":[16,16,22],"damage_taken":[{"damage":0,"enemies":"2 Louse","floor":2,"turns":3},{"damage":0,"enemies":"Small Slimes","floor":5,"turns":3},{"damage":13,"enemies":"Gremlin Nob","floor":8,"turns":5},{"damage":0,"enemies":"downfall:FleeingMerchant","floor":9,"turns":4},{"damage":0,"enemies":"Jaw Worm","floor":11,"turns":3},{"damage":10,"enemies":"Exordium Thugs","floor":14,"turns":5},{"damage":3,"enemies":"Exordium Wildlife","floor":15,"turns":4},{"damage":0,"enemies":"SI_SHIV_ARCHETYPE","floor":16,"turns":7},{"damage":35,"enemies":"Shell Parasite","floor":19,"turns":5},{"damage":41,"enemies":"3 Byrds","floor":20,"turns":7},{"damage":67,"enemies":"downfall:LadyInBlue","floor":22,"turns":7}],"seed_played":"6232254598634113592","potions_obtained":[{"floor":8,"key":"ColorlessPotion"},{"floor":14,"key":"Dexterity Potion"},{"floor":15,"key":"SmokeBomb"},{"floor":20,"key":"SkillPotion"}],"is_trial":false,"path_per_floor":["R","M","?","?","M","R","T","E","$","?","M","?","R","M","M","B",null,"R","M","M","?","?"],"character_chosen":"THE_SPIRIT","items_purchased":["hexamod:EmpoweredFlame","Good Instincts"],"campfire_rested":1,"item_purchase_floors":[9,9],"current_hp_per_floor":[70,70,70,70,70,70,70,57,57,57,57,57,70,60,57,57,70,70,35,64,56,0,0,0],"gold":286,"neow_bonus":"RANDOM_COLORLESS","is_daily":false,"chose_seed":false,"campfire_upgraded":3,"win_rate":0.0,"timestamp":1613283305,"path_taken":["R","M","?","?","M","R","T","E","$","?","M","?","R","?","M","BOSS","R","M","M","?","?"],"items_purchased_type":["Card","Card"],"build_version":"2020-12-22","purchased_purges":0,"victory":false,"max_hp_per_floor":[70,70,70,70,70,70,70,70,70,70,70,70,70,70,70,70,70,70,70,70,70,70,70,70],"relic_stats":{"counters":[11,53],"obtain_stats":[{"downfall:BrokenWingStatue":10,"Molten Egg 2":4,"hubris:MedicalManual":8,"ReplayTheSpireMod:TigerMarble":7,"aspiration:RitualDagger":17,"PrismaticShard":21,"hexamod:SpiritBrand":0},{"downfall:BrokenWingStatue":4,"Molten Egg 2":1,"hubris:MedicalManual":3,"ReplayTheSpireMod:TigerMarble":2,"aspiration:RitualDagger":8,"PrismaticShard":10,"hexamod:SpiritBrand":0},{"downfall:BrokenWingStatue":15,"Molten Egg 2":3,"hubris:MedicalManual":11,"ReplayTheSpireMod:TigerMarble":6,"aspiration:RitualDagger":34,"PrismaticShard":46,"hexamod:SpiritBrand":0}]},"card_choices":[{"not_picked":["hubris:Ssssneak","Forethought"],"picked":"Blind","floor":0},{"not_picked":["hexamod:CatchUp","hexamod:BacktrackSmack"],"picked":"hexamod:InspiringFlames","floor":2},{"not_picked":["hexamod:GhostOfSpirePast","hexamod:AdvancingGuard"],"picked":"hexamod:BurningTouch","floor":5},{"not_picked":["hexamod:SpectersWail+1","hexamod:BurningTouch"],"picked":"hexamod:FastForward","floor":8},{"not_picked":["hexamod:ParanormalForm","hexamod:BurningTouch"],"picked":"hexamod:HeatCrush+1","floor":9},{"not_picked":["hexamod:PhantomCloak","hexamod:SwordOfDarkness+1"],"picked":"hexamod:RecurringNightmare","floor":11},{"not_picked":["hexamod:SwordOfDarkness+1","hexamod:GhostOfSpireFuture"],"picked":"hexamod:StepThrough+1","floor":12},{"not_picked":["hexamod:BacktrackSmack+1","hexamod:Again"],"picked":"hexamod:FastForward","floor":12},{"not_picked":["hexamod:HeatMetal+1","hexamod:Again"],"picked":"hexamod:SkipABeat","floor":12},{"not_picked":["hexamod:RecurringNightmare","hexamod:PhantomFireball+1"],"picked":"hexamod:RadiantFlame","floor":14},{"not_picked":["hexamod:ShieldOfDarkness","hexamod:HeatMetal+1"],"picked":"hexamod:Firestarter+1","floor":15},{"not_picked":["hexamod:TurnItUp","hexamod:UnlimitedPower"],"picked":"hexamod:SixthSeal","floor":16},{"not_picked":["hexamod:SwordOfDarkness+1","hexamod:HeatCrush+1"],"picked":"hexamod:HeatShield","floor":19},{"not_picked":["hexamod:AdvancingGuard","hexamod:NecessarySacrifice+1"],"picked":"hexamod:NightmareStrike+1","floor":20},{"not_picked":["hexamod:SwordOfDarkness+1","hexamod:Haunt"],"picked":"hexamod:ChargedBarrage+1","floor":21}],"player_experience":108639,"relics_obtained":[{"floor":7,"key":"ReplayTheSpireMod:TigerMarble"},{"floor":8,"key":"hubris:MedicalManual"},{"floor":21,"key":"PrismaticShard"}],"event_choices":[],"is_beta":false,"boss_relics":[{"not_picked":["Tiny House","conspire:RoyalGoblet"],"picked":"aspiration:RitualDagger"}],"items_purged_floors":[],"is_endless":false,"potions_floor_spawned":[8,14,15,20],"killed_by":"downfall:LadyInBlue","ascension_level":0}}