{"host":"qgrlfjrqk9z96gfi","time":1613285665,"event":{"mods":["BaseMod","Block Reminder","Colored Map","Custom Start","DeckTracker","Minty Spire (QoL Compilation)"],"gold_per_floor":[113,113,113,26,37,37,68,68,114,142,217,243,254,269,269,269,269],"floor_reached":16,"language":"ENG","playtime":334,"items_purged":[],"score":286,"play_id":"c3cc004f-831f-4148-bac6-087d9ec4bd0b","local_time":"20210213205425","is_ascension_mode":true,"campfire_choices":[{"data":"Eviscerate","floor":6.0,"key":"SMITH"},{"data":"Neutralize","floor":8.0,"key":"SMITH"},{"floor":15.0,"key":"REST"}],"circlet_count":0,"master_deck":["AscendersBane","Strike_G","Strike_G","Strike_G","Strike_G","Strike_G","Defend_G","Defend_G","Defend_G","Defend_G","Defend_G","Survivor","Neutralize+1","Backstab+1","Dash","Eviscerate+1","Prepared","Backflip","Burst","PiercingWail","Heel Hook"],"relics":["Ring of the Snake","NeowsBlessing","Bag of Preparation","MealTicket","Matryoshka","Anchor"],"acts_visited":["Exordium"],"potions_floor_usage":[],"damage_taken":[{"damage":0.0,"enemies":"Small Slimes","floor":1.0,"turns":1.0},{"damage":0.0,"enemies":"2 Louse","floor":5.0,"turns":1.0},{"damage":0.0,"enemies":"3 Sentries","floor":7.0,"turns":1.0},{"damage":30.0,"enemies":"Gremlin Nob","floor":10.0,"turns":4.0},{"damage":15.0,"enemies":"Lagavulin","floor":12.0,"turns":7.0},{"damage":0.0,"enemies":"Cultist","floor":13.0,"turns":3.0},{"damage":0.0,"enemies":"2 Fungi Beasts","floor":14.0,"turns":2.0},{"damage":36,"enemies":"The Guardian","floor":16,"turns":5}],"seed_played":"-2278529894658148116","potions_obtained":[{"floor":1.0,"key":"Explosive Potion"},{"floor":7.0,"key":"BlessingOfTheForge"},{"floor":13.0,"key":"Regen Potion"}],"is_trial":false,"path_per_floor":["M","?","?","$","M","R","E","R","T","E","?","E","M","M","R","B"],"character_chosen":"THE_SILENT","items_purchased":["Dash"],"campfire_rested":1,"item_purchase_floors":[4],"current_hp_per_floor":[59,64,64,64,64,64,64,64,64,34,23,8,8,13,34,0,0],"gold":269,"neow_bonus":"THREE_ENEMY_KILL","is_daily":false,"chose_seed":false,"campfire_upgraded":2,"win_rate":0.0,"timestamp":1613285665,"path_taken":["M","?","?","$","?","R","E","R","T","E","?","E","M","M","R","BOSS"],"items_purchased_type":["Card"],"build_version":"2020-12-22","purchased_purges":0,"victory":false,"max_hp_per_floor":[66,71,71,71,71,71,71,71,71,71,71,71,71,71,71,71,71],"card_choices":[{"not_picked":["Dodge and Roll","Endless Agony"],"picked":"Backstab","floor":1.0},{"not_picked":["Infinite Blades","Quick Slash"],"picked":"Eviscerate","floor":5.0},{"not_picked":["Tactician","Escape Plan"],"picked":"Prepared","floor":7.0},{"not_picked":["Outmaneuver","Deflect"],"picked":"Backflip","floor":10.0},{"not_picked":["Slice","Caltrops"],"picked":"Burst","floor":12.0},{"not_picked":["Deadly Poison","Concentrate"],"picked":"PiercingWail","floor":13.0},{"not_picked":["Flying Knee","Slice"],"picked":"Heel Hook","floor":14.0}],"player_experience":1141934,"relics_obtained":[{"floor":7.0,"key":"Bag of Preparation"},{"floor":9.0,"key":"MealTicket"},{"floor":10.0,"key":"Matryoshka"},{"floor":12.0,"key":"Anchor"}],"event_choices":[{"damage_healed":0.0,"max_hp_gain":5.0,"max_hp_loss":0.0,"gold_gain":0.0,"event_name":"Big Fish","player_choice":"Donut","floor":2.0,"gold_loss":0.0,"damage_taken":0.0},{"damage_healed":0.0,"max_hp_gain":0.0,"max_hp_loss":0.0,"gold_gain":0.0,"event_name":"Upgrade Shrine","player_choice":"Upgraded","floor":3.0,"gold_loss":0.0,"damage_taken":0.0,"cards_upgraded":["Backstab"]},{"damage_healed":0.0,"max_hp_gain":0.0,"max_hp_loss":0.0,"gold_gain":75.0,"event_name":"World of Goop","player_choice":"Gather Gold","floor":11.0,"gold_loss":0.0,"damage_taken":11.0}],"is_beta":false,"boss_relics":[],"items_purged_floors":[],"is_endless":false,"potions_floor_spawned":[1,7,13],"killed_by":"The Guardian","ascension_level":20}}