{"host":"7qoz5gmva6til3yp","time":1613313451,"event":{"mods":["2.2 Compatiblity","Astrologer","BaseMod","Minty Spire (QoL Compilation)","StSLib","SuperFastMode"],"gold_per_floor":[115,131,142,166,180,180,10,10,37,51,66,36,36,66,66,140,140,151,168,183,183,183,200,200,213,231,231,231,245,145,145,162,162,162,162],"floor_reached":34,"language":"KOR","playtime":721,"items_purged":["Strike_R","Strike_R"],"score":516,"play_id":"8381954a-0fb0-4dba-b63a-3d5f28940d9d","local_time":"20210214233731","is_ascension_mode":true,"campfire_choices":[{"data":"Seeing Red","floor":6.0,"key":"SMITH"},{"data":"Battle Trance","floor":8.0,"key":"SMITH"},{"data":"Perfected Strike","floor":13.0,"key":"SMITH"},{"data":"Offering","floor":15.0,"key":"SMITH"},{"floor":24.0,"key":"REST"},{"floor":28,"key":"REST"},{"floor":31,"key":"REST"},{"data":"Rage","floor":33,"key":"SMITH"}],"circlet_count":0,"master_deck":["AscendersBane","Strike_R","Strike_R","Strike_R","Defend_R","Defend_R","Defend_R","Defend_R","Bash","Headbutt","Seeing Red+1","Battle Trance+1","Dropkick","Flash of Steel","Pommel Strike","Flex","Perfected Strike+1","Offering+1","Corruption+1","Shrug It Off+1","Rage+1"],"relics":["Burning Blood","Anchor","Ancient Tea Set","Lantern","Bag of Marbles","Cursed Key"],"acts_visited":["Exordium","TheCity"],"potions_floor_usage":[34,34],"damage_taken":[{"damage":1.0,"enemies":"Cultist","floor":1.0,"turns":3.0},{"damage":14.0,"enemies":"Jaw Worm","floor":2.0,"turns":5.0},{"damage":4.0,"enemies":"Small Slimes","floor":3.0,"turns":3.0},{"damage":3.0,"enemies":"3 Louse","floor":5.0,"turns":2.0},{"damage":6.0,"enemies":"Looter","floor":10.0,"turns":3.0},{"damage":0.0,"enemies":"2 Fungi Beasts","floor":11.0,"turns":3.0},{"damage":8.0,"enemies":"Gremlin Nob","floor":14.0,"turns":3.0},{"damage":37.0,"enemies":"Hexaghost","floor":16.0,"turns":4.0},{"damage":6.0,"enemies":"Shell Parasite","floor":18.0,"turns":2.0},{"damage":13.0,"enemies":"2 Thieves","floor":19.0,"turns":3.0},{"damage":19.0,"enemies":"Centurion and Healer","floor":20.0,"turns":4.0},{"damage":37.0,"enemies":"Shelled Parasite and Fungi","floor":23.0,"turns":4.0},{"damage":9.0,"enemies":"Snake Plant","floor":25.0,"turns":2.0},{"damage":23.0,"enemies":"Sentry and Sphere","floor":26.0,"turns":4.0},{"damage":17,"enemies":"Cultist and Chosen","floor":29,"turns":4},{"damage":10,"enemies":"Snake Plant","floor":32,"turns":3},{"damage":74,"enemies":"Automaton","floor":34,"turns":6}],"seed_played":"5185384502434787329","potions_obtained":[{"floor":1.0,"key":"AttackPotion"},{"floor":5.0,"key":"SkillPotion"},{"floor":14.0,"key":"DuplicationPotion"},{"floor":18.0,"key":"PowerPotion"},{"floor":19.0,"key":"DistilledChaos"},{"floor":25.0,"key":"SneckoOil"}],"is_trial":false,"path_per_floor":["M","M","M","T","M","R","$","R","T","M","M","$","R","E","R","B",null,"M","M","M","M","?","M","R","M","M","T","R","M","$","R","M","R","B"],"character_chosen":"IRONCLAD","items_purchased":["Flash of Steel","Perfected Strike"],"campfire_rested":3,"item_purchase_floors":[7,12],"current_hp_per_floor":[73,65,67,67,70,70,70,70,70,70,75,75,75,73,73,42,67,67,60,47,47,47,16,38,35,18,18,40,29,29,51,47,47,0,0],"gold":162,"neow_bonus":"RANDOM_COMMON_RELIC","is_daily":false,"chose_seed":false,"campfire_upgraded":5,"win_rate":0.0,"timestamp":1613313451,"path_taken":["M","M","?","?","M","R","$","R","T","?","M","?","R","E","R","BOSS","M","?","M","M","?","M","R","M","M","T","R","M","$","R","?","R","BOSS"],"items_purchased_type":["Card","Card"],"build_version":"2020-12-22","purchased_purges":2,"victory":false,"max_hp_per_floor":[75,75,75,75,75,75,75,75,75,75,75,75,75,75,75,75,75,75,75,75,75,75,75,75,75,75,75,75,75,75,75,75,75,75,75],"card_choices":[{"not_picked":["Flame Barrier","Warcry"],"picked":"Headbutt","floor":1.0},{"not_picked":["Perfected Strike","Headbutt"],"picked":"Seeing Red","floor":2.0},{"not_picked":["Pommel Strike","Perfected Strike"],"picked":"Battle Trance","floor":3.0},{"not_picked":["Dark Embrace","True Grit"],"picked":"Dropkick","floor":5.0},{"not_picked":["Warcry","Flex"],"picked":"Pommel Strike","floor":10.0},{"not_picked":["Pommel Strike","Cleave"],"picked":"Flex","floor":11.0},{"not_picked":["Anger","Blood for Blood"],"picked":"Offering","floor":14.0},{"not_picked":["Offering","Bludgeon"],"picked":"Corruption","floor":16.0},{"not_picked":["Warcry","Spot Weakness","Pommel Strike"],"picked":"SKIP","floor":18.0},{"not_picked":["Hemokinesis","Bloodletting+1","Flex"],"picked":"SKIP","floor":19.0},{"not_picked":["Anger+1","Seeing Red","Ghostly Armor"],"picked":"SKIP","floor":20.0},{"not_picked":["Entrench","Cleave"],"picked":"Shrug It Off+1","floor":23.0},{"not_picked":["Heavy Blade","Clothesline","Shrug It Off"],"picked":"SKIP","floor":25.0},{"not_picked":["Blood for Blood","Anger","Wild Strike"],"picked":"SKIP","floor":26.0},{"not_picked":["Twin Strike","Warcry","Thunderclap"],"picked":"SKIP","floor":29},{"not_picked":["Warcry","Battle Trance"],"picked":"Rage","floor":32}],"player_experience":502860,"relics_obtained":[{"floor":4.0,"key":"Ancient Tea Set"},{"floor":9.0,"key":"Lantern"},{"floor":14.0,"key":"Bag of Marbles"}],"event_choices":[{"damage_healed":0.0,"max_hp_gain":0.0,"max_hp_loss":0.0,"gold_gain":0.0,"event_name":"Accursed Blacksmith","player_choice":"Forge","floor":22.0,"gold_loss":0.0,"damage_taken":0.0,"cards_upgraded":["Corruption"]}],"is_beta":false,"boss_relics":[{"not_picked":["Coffee Dripper","Ectoplasm"],"picked":"Cursed Key"}],"items_purged_floors":[7,30],"is_endless":false,"potions_floor_spawned":[1,5,11,14,18,19,25],"killed_by":"Automaton","ascension_level":20}}