{"host":"lly094a91h6n5nv5","time":1613299187,"event":{"mods":["AchievementEnabler","BaseMod","Block Reminder","Colored Map","Minty Spire (QoL Compilation)"],"gold_per_floor":[118,118,118,23,47,83,158,33,60,60,80,98,98,139,139,263,263,288,324,66,86,109,142,158,158,158,174,29,29,69,83,83,202,202,215,236,599,821,693,693,713,713,713,713,728,262,262,281,281,281],"floor_reached":51,"language":"ENG","playtime":3902,"items_purged":["Defend_P","Strike_P","Defend_P"],"score":985,"play_id":"f14dde86-d03f-4530-acb2-085b6d22d80f","local_time":"20210214043947","is_ascension_mode":true,"campfire_choices":[{"data":"LikeWater","floor":10.0,"key":"SMITH"},{"data":"Nirvana","floor":15.0,"key":"SMITH"},{"floor":25.0,"key":"REST"},{"data":"Eruption","floor":29.0,"key":"SMITH"},{"data":"CrushJoints","floor":32.0,"key":"SMITH"},{"data":"WheelKick","floor":40.0,"key":"SMITH"},{"data":"BowlingBash","floor":42.0,"key":"SMITH"},{"floor":44.0,"key":"REST"},{"data":"ReachHeaven","floor":49,"key":"SMITH"}],"circlet_count":0,"master_deck":["Strike_P","Defend_P","Defend_P","Eruption+1","Vigilance","Nirvana+1","Wireheading","BowlingBash+1","ThirdEye","DeceiveReality+1","LikeWater+1","ClearTheMind+1","CrushJoints+1","BattleHymn","Vengeance+1","Halt+1","Master of Strategy+1","ClearTheMind+1","Conclude+1","Evaluate+1","WheelKick+1","Halt+1","SpiritShield+1","CutThroughFate","TalkToTheHand+1","ReachHeaven+1"],"relics":["SlaversCollar","Golden Idol","Toxic Egg 2","Bronze Scales","Pear","Cursed Key","Red Mask","Incense Burner","Membership Card","Unceasing Top","Busted Crown","Old Coin","MealTicket","GoldenEye","Mango","OrangePellets"],"acts_visited":["Exordium","TheCity","TheBeyond"],"potions_floor_usage":[50,50,50],"damage_taken":[{"damage":7.0,"enemies":"Jaw Worm","floor":1.0,"turns":3.0},{"damage":3.0,"enemies":"2 Louse","floor":5.0,"turns":3.0},{"damage":17.0,"enemies":"3 Sentries","floor":6.0,"turns":10.0},{"damage":1.0,"enemies":"Small Slimes","floor":11.0,"turns":4.0},{"damage":2.0,"enemies":"Exordium Thugs","floor":12.0,"turns":4.0},{"damage":5.0,"enemies":"Lagavulin","floor":14.0,"turns":7.0},{"damage":7.0,"enemies":"Slime Boss","floor":16.0,"turns":7.0},{"damage":2.0,"enemies":"Spheric Guardian","floor":18.0,"turns":6.0},{"damage":29.0,"enemies":"Masked Bandits","floor":19.0,"turns":6.0},{"damage":0.0,"enemies":"Chosen","floor":21.0,"turns":5.0},{"damage":15.0,"enemies":"Snake Plant","floor":22.0,"turns":4.0},{"damage":11.0,"enemies":"Slavers","floor":23.0,"turns":7.0},{"damage":0.0,"enemies":"Centurion and Healer","floor":24.0,"turns":4.0},{"damage":0.0,"enemies":"Chosen and Byrds","floor":27.0,"turns":4.0},{"damage":7.0,"enemies":"Book of Stabbing","floor":30.0,"turns":4.0},{"damage":5.0,"enemies":"Snake Plant","floor":31.0,"turns":3.0},{"damage":2.0,"enemies":"Champ","floor":33.0,"turns":6.0},{"damage":3.0,"enemies":"Orb Walker","floor":35.0,"turns":3.0},{"damage":0.0,"enemies":"3 Shapes","floor":36.0,"turns":3.0},{"damage":33.0,"enemies":"2 Orb Walkers","floor":37.0,"turns":5.0},{"damage":0.0,"enemies":"3 Darklings","floor":41.0,"turns":3.0},{"damage":1,"enemies":"Writhing Mass","floor":45,"turns":5},{"damage":7,"enemies":"Jaw Worm Horde","floor":48,"turns":5},{"damage":9,"enemies":"Donu and Deca","floor":50,"turns":5}],"seed_played":"6701688035837280901","potions_obtained":[{"floor":1.0,"key":"SteroidPotion"},{"floor":6.0,"key":"BlessingOfTheForge"},{"floor":11.0,"key":"SteroidPotion"},{"floor":18.0,"key":"Fire Potion"},{"floor":19.0,"key":"SteroidPotion"},{"floor":23.0,"key":"Swift Potion"},{"floor":45,"key":"Dexterity Potion"}],"is_trial":false,"path_per_floor":["M","?","?","$","M","E","?","$","T","R","M","M","?","E","R","B",null,"M","?","$","M","M","E","M","R","T","M","$","R","E","M","R","B",null,"M","M","?","?","$","R","M","R","T","R","M","$","?","M","R","B",null],"character_chosen":"WATCHER","items_purchased":["Wireheading","BowlingBash","LikeWater","ClearTheMind+1","Master of Strategy+1","Membership Card","MealTicket","GoldenEye","Mango","SpeedPotion","OrangePellets"],"campfire_rested":2,"item_purchase_floors":[4,4,8,8,20,28,39,46,46,46,46],"current_hp_per_floor":[58,58,51,51,48,31,25,25,25,25,24,22,44,49,49,42,68,66,37,37,37,22,11,11,34,34,34,34,34,27,22,22,20,63,60,60,27,27,27,27,27,27,27,50,49,78,78,71,71,62],"gold":281,"neow_bonus":"BOSS_RELIC","is_daily":false,"chose_seed":false,"campfire_upgraded":7,"win_rate":0.0,"timestamp":1613299187,"path_taken":["M","?","?","$","?","E","?","?","T","R","M","M","?","E","R","BOSS","M","?","?","M","M","E","M","R","T","M","$","R","E","M","R","BOSS","M","M","?","?","$","R","M","R","T","R","M","$","?","?","R","BOSS"],"items_purchased_type":["Card","Card","Card","Card","Card","Relic","Relic","Relic","Relic","Potion","Relic"],"build_version":"2020-12-22","purchased_purges":3,"victory":true,"max_hp_per_floor":[72,67,67,67,67,67,67,67,67,67,67,67,67,77,77,77,77,77,77,77,77,77,77,77,77,77,77,77,77,77,77,77,77,77,77,77,77,77,77,77,77,77,77,77,77,91,91,91,91,91],"card_choices":[{"not_picked":["CrushJoints","Pray"],"picked":"Nirvana","floor":1.0},{"not_picked":["EmptyBody","CrushJoints"],"picked":"ThirdEye","floor":5.0},{"not_picked":["JustLucky","Fasting2"],"picked":"DeceiveReality+1","floor":6.0},{"not_picked":["EmptyFist","BowlingBash","Brilliance"],"picked":"SKIP","floor":11.0},{"not_picked":["FollowUp","PathToVictory+1"],"picked":"CrushJoints","floor":12.0},{"not_picked":["FollowUp","EmptyFist"],"picked":"BattleHymn","floor":14.0},{"not_picked":["Protect+1","ClearTheMind+1"],"picked":"Vengeance+1","floor":18.0},{"not_picked":["ThirdEye+1","Protect+1"],"picked":"Halt+1","floor":19.0},{"not_picked":["MentalFortress+1","Vengeance+1"],"picked":"ClearTheMind+1","floor":21.0},{"not_picked":["JustLucky","ClearTheMind+1","BowlingBash"],"picked":"SKIP","floor":22.0},{"not_picked":["BowlingBash+1","Crescendo+1"],"picked":"Conclude+1","floor":23.0},{"not_picked":["Crescendo+1","CrushJoints"],"picked":"Evaluate+1","floor":24.0},{"not_picked":["Consecrate","BowlingBash+1"],"picked":"WheelKick","floor":27.0},{"not_picked":["JustLucky+1","ClearTheMind+1"],"picked":"Halt+1","floor":30.0},{"not_picked":["Conclude","Halt+1","Wireheading"],"picked":"SKIP","floor":31.0},{"not_picked":["Blasphemy+1","DeusExMachina+1"],"picked":"SpiritShield+1","floor":33.0},{"not_picked":["EmptyBody+1"],"picked":"SKIP","floor":35.0},{"not_picked":["JustLucky"],"picked":"SKIP","floor":36.0},{"not_picked":[],"picked":"CutThroughFate","floor":41.0},{"not_picked":[],"picked":"TalkToTheHand+1","floor":45},{"not_picked":[],"picked":"ReachHeaven","floor":48}],"player_experience":241436,"relics_obtained":[{"floor":6.0,"key":"Toxic Egg 2"},{"floor":9.0,"key":"Bronze Scales"},{"floor":14.0,"key":"Pear"},{"floor":19.0,"key":"Red Mask"},{"floor":23.0,"key":"Incense Burner"},{"floor":30.0,"key":"Unceasing Top"},{"floor":37.0,"key":"Old Coin"}],"event_choices":[{"damage_healed":0.0,"max_hp_gain":0.0,"max_hp_loss":5.0,"gold_gain":0.0,"event_name":"Golden Idol","player_choice":"Lose Max HP","floor":2.0,"gold_loss":0.0,"damage_taken":0.0,"relics_obtained":["Golden Idol"]},{"cards_removed":["Strike_P"],"damage_healed":0.0,"max_hp_gain":0.0,"max_hp_loss":0.0,"gold_gain":0.0,"event_name":"Golden Wing","player_choice":"Card Removal","floor":3.0,"gold_loss":0.0,"damage_taken":7.0},{"damage_healed":0.0,"max_hp_gain":0.0,"max_hp_loss":0.0,"gold_gain":75.0,"event_name":"FaceTrader","player_choice":"Touch","floor":7.0,"gold_loss":0.0,"damage_taken":6.0},{"damage_healed":22.0,"max_hp_gain":0.0,"max_hp_loss":0.0,"gold_gain":0.0,"event_name":"Big Fish","player_choice":"Banana","floor":13.0,"gold_loss":0.0,"damage_taken":0.0},{"damage_healed":0.0,"max_hp_gain":0.0,"max_hp_loss":0.0,"gold_gain":0.0,"event_name":"Masked Bandits","player_choice":"Fought Bandits","floor":19.0,"gold_loss":0.0,"damage_taken":0.0},{"damage_healed":0.0,"max_hp_gain":0.0,"max_hp_loss":0.0,"gold_gain":0.0,"event_name":"Mysterious Sphere","player_choice":"Fight","floor":37.0,"gold_loss":0.0,"damage_taken":0.0},{"damage_healed":0.0,"max_hp_gain":0.0,"max_hp_loss":0.0,"gold_gain":222.0,"event_name":"Tomb of Lord Red Mask","player_choice":"Wore Mask","floor":38.0,"gold_loss":0.0,"damage_taken":0.0},{"cards_removed":["Strike_P"],"damage_healed":0,"gold_gain":0,"player_choice":"Purged","damage_taken":0,"max_hp_gain":0,"max_hp_loss":0,"event_name":"Purifier","floor":47,"gold_loss":0}],"is_beta":false,"boss_relics":[{"not_picked":["Black Star","Sozu"],"picked":"Cursed Key"},{"not_picked":["Runic Pyramid","Runic Dome"],"picked":"Busted Crown"}],"items_purged_floors":[20,39,46],"is_endless":false,"potions_floor_spawned":[1,6,11,18,19,22,23,33,36,45],"ascension_level":9}}