{"host":"qp7xs8nuzfsyommi","time":1613317835,"event":{"mods":["2.2 Compatiblity","BaseMod","Colored Powertips","DeckTracker","Highlight Path","Minty Spire (QoL Compilation)","Permanent Neow","Quick Restart","StSLib"],"gold_per_floor":[365,385,385,399,416,0,31,31,31,63,12,12,43,60,60,137,137,151,76,126,138,158,158,183,19,97,113,113,129,129,129,129,203,203,223,34,53,67,67,67,47,47,47,65,84,109,109,109,109,109,109,109],"floor_reached":51,"language":"ENG","playtime":3495,"items_purged":[],"score":1445,"play_id":"0565f9c5-0fb9-4d3f-9632-c93ed2ed2397","local_time":"20210214105035","is_ascension_mode":true,"campfire_choices":[{"floor":8.0,"key":"REST"},{"floor":12.0,"key":"REST"},{"floor":15.0,"key":"REST"},{"floor":23.0,"key":"REST"},{"floor":28.0,"key":"REST"},{"floor":30.0,"key":"REST"},{"floor":32.0,"key":"REST"},{"floor":40.0,"key":"RECALL"},{"data":"Buffer","floor":42.0,"key":"SMITH"},{"data":"Loop","floor":47,"key":"SMITH"},{"data":"Recycle","floor":49,"key":"SMITH"}],"circlet_count":0,"master_deck":["AscendersBane","Strike_B","Strike_B","Strike_B","Defend_B","Defend_B","Defend_B","Defend_B","Zap","Dualcast","Rip and Tear","Glacier","Turbo","Gash","Rebound","Gash","Melter","Sweeping Beam","Recycle+1","Buffer+1","Go for the Eyes","Chill","Loop+1","Capacitor+1","Reinforced Body","Redo","Blizzard+1","Echo Form","Turbo+1","Self Repair","Panacea","Gash+1","Double Energy+1","Madness","Madness","Loop","Beam Cell","Aggregate"],"relics":["FrozenCore","Boot","Orichalcum","Question Card","Gambling Chip","Torii","Symbiotic Virus","Runic Pyramid","PreservedInsect","DataDisk","Bottled Lightning","Nilry\u0027s Codex","Bird Faced Urn"],"acts_visited":["Exordium","TheCity","TheBeyond"],"potions_floor_usage":[44,45],"damage_taken":[{"damage":1.0,"enemies":"Cultist","floor":1.0,"turns":3.0},{"damage":4.0,"enemies":"2 Louse","floor":2.0,"turns":3.0},{"damage":1.0,"enemies":"Jaw Worm","floor":4.0,"turns":4.0},{"damage":21.0,"enemies":"Lots of Slimes","floor":5.0,"turns":6.0},{"damage":28.0,"enemies":"3 Sentries","floor":7.0,"turns":10.0},{"damage":8.0,"enemies":"Lagavulin","floor":10.0,"turns":7.0},{"damage":14.0,"enemies":"Gremlin Nob","floor":13.0,"turns":4.0},{"damage":12.0,"enemies":"Exordium Thugs","floor":14.0,"turns":4.0},{"damage":22.0,"enemies":"Slime Boss","floor":16.0,"turns":12.0},{"damage":1.0,"enemies":"Shell Parasite","floor":18.0,"turns":5.0},{"damage":1.0,"enemies":"Chosen","floor":21.0,"turns":4.0},{"damage":7.0,"enemies":"Snake Plant","floor":22.0,"turns":4.0},{"damage":36.0,"enemies":"Book of Stabbing","floor":24.0,"turns":5.0},{"damage":0.0,"enemies":"Snecko","floor":27.0,"turns":5.0},{"damage":27.0,"enemies":"Shelled Parasite and Fungi","floor":29.0,"turns":9.0},{"damage":0.0,"enemies":"Champ","floor":33.0,"turns":12.0},{"damage":1.0,"enemies":"3 Darklings","floor":35.0,"turns":5.0},{"damage":1.0,"enemies":"3 Shapes","floor":37.0,"turns":6.0},{"damage":8.0,"enemies":"Writhing Mass","floor":38.0,"turns":11.0},{"damage":11,"enemies":"Spire Growth","floor":44,"turns":6},{"damage":1,"enemies":"3 Darklings","floor":45,"turns":7},{"damage":0,"enemies":"Mind Bloom Boss Battle","floor":46,"turns":6},{"damage":54,"enemies":"Donu and Deca","floor":50,"turns":7},{"damage":38,"enemies":"Awakened One","floor":51,"turns":3}],"seed_played":"-4873559781302982766","potions_obtained":[{"floor":2.0,"key":"Fire Potion"},{"floor":7.0,"key":"Fire Potion"},{"floor":13.0,"key":"Ancient Potion"},{"floor":14.0,"key":"BlessingOfTheForge"},{"floor":18.0,"key":"Weak Potion"},{"floor":22.0,"key":"LiquidBronze"},{"floor":29.0,"key":"PowerPotion"},{"floor":33.0,"key":"SpeedPotion"},{"floor":41.0,"key":"LiquidMemories"},{"floor":44,"key":"Weak Potion"}],"is_trial":false,"path_per_floor":["M","M","?","M","M","$","E","R","T","E","?","R","E","M","R","B",null,"M","$","?","M","M","R","E","$","T","M","R","M","R","?","R","B",null,"M","$","M","M","?","R","?","R","T","M","M","?","R","?","R","B","B"],"character_chosen":"DEFECT","items_purchased":["Boot","Orichalcum","Gash","Rebound","Chill","DataDisk","Self Repair","Panacea"],"campfire_rested":7,"item_purchase_floors":[6,6,6,6,19,25,36,36],"current_hp_per_floor":[63,59,52,51,30,30,2,21,21,13,13,32,18,6,25,3,49,48,48,48,47,40,59,23,23,23,23,42,15,34,13,32,32,56,55,55,61,60,48,48,48,48,48,51,64,64,64,64,64,25,0,0],"gold":109,"neow_bonus":"TWO_FIFTY_GOLD","is_daily":false,"chose_seed":false,"campfire_upgraded":3,"win_rate":0.0,"timestamp":1613317835,"path_taken":["M","M","?","M","M","$","E","R","T","E","?","R","E","M","R","BOSS","M","$","?","?","M","R","E","$","T","M","R","M","R","?","R","BOSS","M","$","M","M","?","R","?","R","T","?","M","?","R","?","R","BOSS","BOSS"],"items_purchased_type":["Relic","Relic","Card","Card","Card","Relic","Card","Card"],"build_version":"2020-12-22","purchased_purges":0,"victory":false,"max_hp_per_floor":[64,64,64,64,64,64,64,64,64,64,64,64,64,64,64,64,64,64,64,64,64,64,64,64,64,64,64,64,64,64,64,64,64,64,64,64,64,64,64,64,64,64,64,64,64,64,64,64,64,64,64,64],"card_choices":[{"not_picked":["Steam","Conserve Battery"],"picked":"Rip and Tear","floor":1.0},{"not_picked":["Barrage","Cold Snap"],"picked":"Glacier","floor":2.0},{"not_picked":["Rebound","Capacitor","Stack"],"picked":"SKIP","floor":4.0},{"not_picked":["Undo","Stack"],"picked":"Turbo","floor":5.0},{"not_picked":["Amplify","Glacier"],"picked":"Gash","floor":7.0},{"not_picked":["Auto Shields","Leap","Rainbow"],"picked":"Melter","floor":10.0},{"not_picked":["Recycle","Go for the Eyes","Stack"],"picked":"Sweeping Beam","floor":13.0},{"not_picked":["Cold Snap","Beam Cell","Static Discharge"],"picked":"Recycle","floor":14.0},{"not_picked":["Biased Cognition","Electrodynamics","Meteor Strike"],"picked":"Buffer","floor":16.0},{"not_picked":["Leap+1","Ball Lightning","Beam Cell"],"picked":"Go for the Eyes","floor":18.0},{"not_picked":["Rebound","Tempest","Genetic Algorithm"],"picked":"Loop","floor":21.0},{"not_picked":["Loop","Streamline","Steam Power"],"picked":"Capacitor+1","floor":22.0},{"not_picked":["Doom and Gloom","Rip and Tear","Heatsinks"],"picked":"Reinforced Body","floor":24.0},{"not_picked":["Sweeping Beam","Leap","Steam Power"],"picked":"Redo","floor":27.0},{"not_picked":["Fusion","Reprogram","Rebound+1"],"picked":"Blizzard+1","floor":29.0},{"not_picked":["Hyperbeam","Seek","Biased Cognition"],"picked":"Echo Form","floor":33.0},{"not_picked":["Sweeping Beam","Hologram","Rebound"],"picked":"Turbo+1","floor":35.0},{"not_picked":["Streamline","Heatsinks","Cold Snap"],"picked":"Gash+1","floor":37.0},{"not_picked":["Auto Shields+1","Gash","Turbo"],"picked":"Double Energy+1","floor":38.0},{"not_picked":["Sweeping Beam","Streamline","Redo+1"],"picked":"Loop","floor":44},{"not_picked":["Rip and Tear","Coolheaded+1","Sweeping Beam"],"picked":"Beam Cell","floor":45},{"not_picked":["Compile Driver+1","Sweeping Beam","Conserve Battery"],"picked":"Aggregate","floor":46}],"player_experience":1904249,"relics_obtained":[{"floor":7.0,"key":"Question Card"},{"floor":9.0,"key":"Gambling Chip"},{"floor":10.0,"key":"Torii"},{"floor":13.0,"key":"Symbiotic Virus"},{"floor":24.0,"key":"PreservedInsect"},{"floor":26.0,"key":"Bottled Lightning"},{"floor":31.0,"key":"Nilry\u0027s Codex"},{"floor":46,"key":"Bird Faced Urn"}],"event_choices":[{"cards_removed":["Strike_B"],"damage_healed":0.0,"max_hp_gain":0.0,"max_hp_loss":0.0,"gold_gain":0.0,"event_name":"Golden Wing","player_choice":"Card Removal","floor":3.0,"gold_loss":0.0,"damage_taken":7.0},{"damage_healed":0.0,"max_hp_gain":0.0,"max_hp_loss":0.0,"gold_gain":0.0,"event_name":"World of Goop","player_choice":"Left Gold","floor":11.0,"gold_loss":51.0,"damage_taken":0.0},{"damage_healed":0.0,"max_hp_gain":0.0,"max_hp_loss":0.0,"gold_gain":100.0,"event_name":"The Joust","player_choice":"Bet on Murderer","floor":20.0,"gold_loss":50.0,"damage_taken":0.0},{"damage_healed":0.0,"max_hp_gain":0.0,"max_hp_loss":0.0,"gold_gain":0.0,"event_name":"Cursed Tome","player_choice":"Obtained Book","floor":31.0,"gold_loss":0.0,"damage_taken":21.0},{"damage_healed":0.0,"max_hp_gain":0.0,"max_hp_loss":0.0,"gold_gain":0.0,"event_name":"Winding Halls","player_choice":"Embrace Madness","floor":39.0,"gold_loss":0.0,"damage_taken":12.0,"cards_obtained":["Madness","Madness"]},{"damage_healed":0.0,"max_hp_gain":0.0,"max_hp_loss":0.0,"gold_gain":0.0,"event_name":"The Woman in Blue","player_choice":"Bought 1 Potion","floor":41.0,"gold_loss":0.0,"damage_taken":0.0},{"damage_healed":0,"gold_gain":0,"player_choice":"Fight","damage_taken":0,"max_hp_gain":0,"max_hp_loss":0,"event_name":"MindBloom","floor":46,"gold_loss":0},{"damage_healed":0,"gold_gain":0,"player_choice":"0 cards matched","damage_taken":0,"max_hp_gain":0,"max_hp_loss":0,"event_name":"Match and Keep!","floor":48,"gold_loss":0,"cards_obtained":[]}],"is_beta":false,"boss_relics":[{"not_picked":["Ectoplasm","Calling Bell"],"picked":"Runic Pyramid"},{"not_picked":["Snecko Eye","Coffee Dripper"],"picked":"FrozenCore"}],"items_purged_floors":[],"is_endless":false,"potions_floor_spawned":[2,7,13,14,18,22,29,33,35,44],"killed_by":"Awakened One","ascension_level":20}}