{"host":"f9ntswufr8mq3t4y","time":1613334557,"event":{"mods":["AchievementEnabler","BaseMod","Best Route Mod","Block Reminder","Colored Map","Colored Powertips","Curses Come First","DeckTracker","Displayed Cursed Tome","Highlight Path","Minty Spire (QoL Compilation)","Permanent Neow","Quick Restart","Slay-I","StSLib"],"gold_per_floor":[115,135,135,135,135,170,170,185,185,185,218,218,218,237,237,338,338,349,349,361,381,381,411,411,441,441,441,110,141,141,141,141,244,244,254,81,81,61,76,108,108,141,220,232,252,266,301,319,319,319],"floor_reached":51,"language":"ENG","playtime":2418,"items_purged":[],"score":1051,"play_id":"a57c9091-0097-497c-a696-e74f0619b3fc","local_time":"20210214232917","is_ascension_mode":true,"campfire_choices":[{"data":"Apotheosis","floor":7.0,"key":"SMITH"},{"floor":10.0,"key":"REST"},{"floor":13.0,"key":"REST"},{"data":"Berserk","floor":15.0,"key":"SMITH"},{"floor":24.0,"key":"RECALL"},{"floor":30.0,"key":"REST"},{"floor":32.0,"key":"REST"},{"floor":41,"key":"REST"},{"floor":49,"key":"REST"}],"circlet_count":0,"master_deck":["Strike_R","Strike_R","Strike_R","Strike_R","Defend_R","Defend_R","Defend_R","Bash","Apotheosis+1","Inflame","Anger","Berserk+1","Rampage","Inflame","Immolate","Inflame","Ghostly","Ghostly","Ghostly","Ghostly","Ghostly","Metallicize","Metallicize+1","Berserk","Double Tap","True Grit","Power Through+1","True Grit+1","Shockwave","Feel No Pain+1"],"relics":["Burning Blood","Bottled Lightning","InkBottle","Kunai","SlaversCollar","Blood Vial","Smiling Mask","Matryoshka","Ornamental Fan","Gremlin Horn","StrikeDummy","Fusion Hammer","Boot","MealTicket","Nunchaku","Bottled Tornado","Unceasing Top"],"acts_visited":["Exordium","TheCity","TheBeyond"],"potions_floor_usage":[42],"damage_taken":[{"damage":0.0,"enemies":"Small Slimes","floor":1.0,"turns":3.0},{"damage":10.0,"enemies":"2 Louse","floor":2.0,"turns":3.0},{"damage":40.0,"enemies":"Gremlin Nob","floor":6.0,"turns":5.0},{"damage":0.0,"enemies":"Jaw Worm","floor":8.0,"turns":3.0},{"damage":20.0,"enemies":"Lagavulin","floor":11.0,"turns":4.0},{"damage":0.0,"enemies":"Large Slime","floor":14.0,"turns":4.0},{"damage":12.0,"enemies":"The Guardian","floor":16.0,"turns":7.0},{"damage":21.0,"enemies":"Shell Parasite","floor":18.0,"turns":4.0},{"damage":3.0,"enemies":"Spheric Guardian","floor":20.0,"turns":4.0},{"damage":16.0,"enemies":"Snake Plant","floor":21.0,"turns":4.0},{"damage":11.0,"enemies":"Book of Stabbing","floor":23.0,"turns":5.0},{"damage":13.0,"enemies":"Slavers","floor":25.0,"turns":7.0},{"damage":19.0,"enemies":"Book of Stabbing","floor":29.0,"turns":6.0},{"damage":15.0,"enemies":"Collector","floor":33.0,"turns":8.0},{"damage":0.0,"enemies":"Orb Walker","floor":35.0,"turns":6.0},{"damage":2.0,"enemies":"3 Shapes","floor":39.0,"turns":3.0},{"damage":9,"enemies":"Giant Head","floor":40,"turns":8},{"damage":6,"enemies":"Reptomancer","floor":42,"turns":5},{"damage":3,"enemies":"Jaw Worm Horde","floor":44,"turns":5},{"damage":0,"enemies":"Spire Growth","floor":45,"turns":5},{"damage":7,"enemies":"Writhing Mass","floor":46,"turns":7},{"damage":3,"enemies":"Nemesis","floor":47,"turns":5},{"damage":2,"enemies":"Maw","floor":48,"turns":7},{"damage":28,"enemies":"Donu and Deca","floor":50,"turns":10}],"seed_played":"-9032679645588467972","potions_obtained":[{"floor":11.0,"key":"LiquidMemories"},{"floor":16.0,"key":"Fruit Juice"},{"floor":20.0,"key":"Energy Potion"},{"floor":38.0,"key":"GamblersBrew"},{"floor":39.0,"key":"Dexterity Potion"},{"floor":42,"key":"FairyPotion"},{"floor":44,"key":"AttackPotion"}],"is_trial":false,"path_per_floor":["M","M","?","$","?","E","R","M","T","R","E","?","R","M","R","B",null,"M","?","M","M","?","E","R","E","T","?","$","E","R","?","R","B",null,"M","$","?","?","M","E","R","E","T","M","M","M","E","M","R","B",null],"character_chosen":"IRONCLAD","items_purchased":["Metallicize","Gremlin Horn","Double Tap","True Grit"],"campfire_rested":6,"item_purchase_floors":[28,28,36,36],"current_hp_per_floor":[72,68,73,73,66,32,32,38,38,61,47,47,70,76,76,70,75,60,38,38,28,38,33,33,28,28,28,28,17,28,28,38,29,36,38,38,38,43,43,40,43,43,43,43,43,42,43,43,43,21],"gold":319,"neow_bonus":"RANDOM_COLORLESS_2","is_daily":false,"chose_seed":false,"campfire_upgraded":2,"win_rate":0.0,"timestamp":1613334557,"path_taken":["M","M","?","$","?","E","R","M","T","R","E","?","R","M","R","BOSS","M","?","M","M","?","E","R","E","T","?","$","E","R","?","R","BOSS","M","$","?","?","M","E","R","E","T","M","M","?","E","M","R","BOSS"],"items_purchased_type":["Card","Relic","Card","Card"],"build_version":"2020-12-22","purchased_purges":0,"victory":true,"max_hp_per_floor":[72,72,77,77,77,77,77,77,77,77,77,77,77,77,77,77,77,77,38,38,38,38,38,38,38,38,38,38,38,38,38,38,38,38,38,38,38,43,43,43,43,43,43,43,43,43,43,43,43,43],"card_choices":[{"not_picked":["Metamorphosis","Magnetism"],"picked":"Apotheosis","floor":0.0},{"not_picked":["Blood for Blood","Heavy Blade"],"picked":"Inflame","floor":1.0},{"not_picked":["Hemokinesis","Thunderclap"],"picked":"Anger","floor":2.0},{"not_picked":["Rupture","Sentinel"],"picked":"Berserk","floor":6.0},{"not_picked":["Armaments","Havoc","Shrug It Off"],"picked":"SKIP","floor":8.0},{"not_picked":["Thunderclap","Pommel Strike"],"picked":"Rampage","floor":11.0},{"not_picked":["Heavy Blade","Reaper"],"picked":"Inflame","floor":14.0},{"not_picked":["Double Tap","Juggernaut"],"picked":"Immolate","floor":16.0},{"not_picked":["Feel No Pain","Pommel Strike"],"picked":"Inflame","floor":18.0},{"not_picked":["Seeing Red+1","Clash","Flex"],"picked":"SKIP","floor":20.0},{"not_picked":["Dropkick","Dark Embrace","Perfected Strike"],"picked":"SKIP","floor":21.0},{"not_picked":["Flex+1","Bludgeon","Hemokinesis+1"],"picked":"SKIP","floor":23.0},{"not_picked":["Armaments","Intimidate","Cleave"],"picked":"SKIP","floor":25.0},{"not_picked":["Uppercut+1","Dual Wield"],"picked":"Metallicize+1","floor":29.0},{"not_picked":["Feed","Exhume"],"picked":"Berserk","floor":33.0},{"not_picked":["Anger+1","Dark Embrace","Warcry"],"picked":"SKIP","floor":35.0},{"not_picked":["Reckless Charge+1","Perfected Strike"],"picked":"Power Through+1","floor":39.0},{"not_picked":["Feel No Pain","Thunderclap+1","Perfected Strike"],"picked":"SKIP","floor":40},{"not_picked":["Sentinel+1","Iron Wave+1","Havoc+1"],"picked":"SKIP","floor":42},{"not_picked":["Fiend Fire","Thunderclap","Inflame"],"picked":"SKIP","floor":44},{"not_picked":["Cleave","Armaments"],"picked":"True Grit+1","floor":45},{"not_picked":["Headbutt","Reckless Charge+1"],"picked":"Shockwave","floor":46},{"not_picked":["Wild Strike","Offering"],"picked":"Feel No Pain+1","floor":47},{"not_picked":["Cleave","Dual Wield","Shrug It Off"],"picked":"SKIP","floor":48}],"player_experience":441577,"relics_obtained":[{"floor":6.0,"key":"Bottled Lightning"},{"floor":9.0,"key":"InkBottle"},{"floor":11.0,"key":"Kunai"},{"floor":23.0,"key":"Blood Vial"},{"floor":25.0,"key":"Smiling Mask"},{"floor":26.0,"key":"Matryoshka"},{"floor":29.0,"key":"StrikeDummy"},{"floor":40,"key":"Boot"},{"floor":42,"key":"MealTicket"},{"floor":43,"key":"Nunchaku"},{"floor":43,"key":"Bottled Tornado"},{"floor":47,"key":"Unceasing Top"}],"event_choices":[{"damage_healed":0.0,"max_hp_gain":5.0,"max_hp_loss":0.0,"gold_gain":0.0,"event_name":"Big Fish","player_choice":"Donut","floor":3.0,"gold_loss":0.0,"damage_taken":0.0},{"cards_removed":["Strike_R"],"damage_healed":0.0,"max_hp_gain":0.0,"max_hp_loss":0.0,"gold_gain":0.0,"event_name":"Golden Wing","player_choice":"Card Removal","floor":5.0,"gold_loss":0.0,"damage_taken":7.0},{"damage_healed":0.0,"max_hp_gain":0.0,"max_hp_loss":0.0,"gold_gain":0.0,"event_name":"Shining Light","player_choice":"Ignored","floor":12.0,"gold_loss":0.0,"damage_taken":0.0},{"damage_healed":0.0,"max_hp_gain":0.0,"max_hp_loss":39.0,"gold_gain":0.0,"event_name":"Ghosts","player_choice":"Became a Ghost","floor":19.0,"gold_loss":0.0,"damage_taken":0.0,"cards_obtained":["Ghostly","Ghostly","Ghostly","Ghostly","Ghostly"]},{"damage_healed":13.0,"max_hp_gain":0.0,"max_hp_loss":0.0,"gold_gain":0.0,"event_name":"The Library","player_choice":"Heal","floor":22.0,"gold_loss":0.0,"damage_taken":0.0},{"damage_healed":0.0,"max_hp_gain":0.0,"max_hp_loss":0.0,"gold_gain":0.0,"event_name":"The Mausoleum","player_choice":"Opened","floor":27.0,"gold_loss":0.0,"damage_taken":0.0,"relics_obtained":["Ornamental Fan"]},{"damage_healed":0.0,"max_hp_gain":0.0,"max_hp_loss":0.0,"gold_gain":0.0,"event_name":"Vampires","player_choice":"Ignored","floor":31.0,"gold_loss":0.0,"damage_taken":0.0},{"cards_removed":["Defend_R"],"damage_healed":0.0,"max_hp_gain":0.0,"max_hp_loss":0.0,"gold_gain":0.0,"event_name":"Falling","player_choice":"Removed Skill","floor":37.0,"gold_loss":0.0,"damage_taken":0.0},{"damage_healed":0.0,"max_hp_gain":0.0,"max_hp_loss":0.0,"gold_gain":0.0,"event_name":"The Woman in Blue","player_choice":"Bought 1 Potion","floor":38.0,"gold_loss":0.0,"damage_taken":0.0}],"is_beta":false,"boss_relics":[{"not_picked":["Runic Dome","Busted Crown"],"picked":"SlaversCollar"},{"not_picked":["Velvet Choker","SacredBark"],"picked":"Fusion Hammer"}],"items_purged_floors":[],"is_endless":false,"potions_floor_spawned":[11,16,20,23,35,39,42,44,47],"ascension_level":6}}