{"host":"t1puqh5lxz8sp6fn","time":1613287316,"event":{"mods":["AchievementEnabler","BaseMod","Colored Powertips","Minty Spire (QoL Compilation)","Rare Cards Sparkle","Relic Stats","StSLib"],"gold_per_floor":[18,34,53,63,63,63,93,112,136,136,136,167,7,36,36,107,107,121,134,134,146,10,41,41,68,68,132,165,165,16,31,31,107,107,125,175,225,243,256,291,153,153,178,228,17,17,35,48,48,48,48,48,0,28,28,28],"floor_reached":55,"playtime":3106,"items_purged":["Strike_G","Strike_G","Strike_G","Defend_G"],"score":1269,"play_id":"248a80ff-d3db-4e3b-a807-efcb8eb66fce","local_time":"20210214042156","is_ascension_mode":true,"campfire_choices":[{"data":"Deadly Poison","floor":6.0,"key":"SMITH"},{"data":"Underhanded Strike","floor":11.0,"key":"SMITH"},{"floor":15.0,"key":"REST"},{"floor":24.0,"key":"REST"},{"floor":29.0,"key":"REST"},{"floor":32.0,"key":"REST"},{"floor":42,"key":"RECALL"},{"data":"Bullet Time","floor":46,"key":"SMITH"},{"floor":49,"key":"REST"},{"data":"Noxious Fumes","floor":52,"key":"SMITH"}],"circlet_count":0,"master_deck":["AscendersBane","Strike_G","Strike_G","Defend_G","Defend_G","Defend_G","Survivor","Neutralize","Deadly Poison+1","Underhanded Strike+1","Dagger Throw","Leg Sweep","All Out Attack","PiercingWail","Poisoned Stab","Footwork","Eviscerate","Bullet Time+1","Crippling Poison+1","Prepared","Backstab","Tactician","PiercingWail","Catalyst+1","Night Terror","Panache","Master of Strategy","Deflect+1","Bandage Up","PiercingWail","Noxious Fumes+1","Choke","Flechettes+1"],"relics":["Ring of the Serpent","Unceasing Top","Bottled Lightning","Ornamental Fan","Omamori","Vajra","Runic Pyramid","SsserpentHead","Membership Card","Bag of Preparation","Oddly Smooth Stone","The Courier","White Beast Statue","Meat on the Bone","Juzu Bracelet","Nunchaku","TwistedFunnel","War Paint","Bronze Scales"],"acts_visited":["Exordium","TheCity","TheBeyond","TheEnding"],"potions_floor_usage":[50,54,55,55],"damage_taken":[{"damage":0.0,"enemies":"Cultist","floor":1.0,"turns":6.0},{"damage":5.0,"enemies":"Small Slimes","floor":2.0,"turns":3.0},{"damage":8.0,"enemies":"2 Louse","floor":3.0,"turns":3.0},{"damage":11.0,"enemies":"Exordium Thugs","floor":4.0,"turns":6.0},{"damage":12.0,"enemies":"3 Sentries","floor":7.0,"turns":12.0},{"damage":0.0,"enemies":"Red Slaver","floor":8.0,"turns":3.0},{"damage":6.0,"enemies":"Lagavulin","floor":12.0,"turns":5.0},{"damage":12.0,"enemies":"3 Sentries","floor":14.0,"turns":7.0},{"damage":12.0,"enemies":"Hexaghost","floor":16.0,"turns":11.0},{"damage":0.0,"enemies":"3 Byrds","floor":18.0,"turns":4.0},{"damage":0.0,"enemies":"Chosen","floor":19.0,"turns":4.0},{"damage":21.0,"enemies":"Sentry and Sphere","floor":21.0,"turns":7.0},{"damage":22.0,"enemies":"Book of Stabbing","floor":23.0,"turns":7.0},{"damage":27.0,"enemies":"Gremlin Leader","floor":25.0,"turns":8.0},{"damage":14.0,"enemies":"Shelled Parasite and Fungi","floor":27.0,"turns":5.0},{"damage":2.0,"enemies":"Book of Stabbing","floor":28.0,"turns":6.0},{"damage":4.0,"enemies":"Centurion and Healer","floor":31.0,"turns":5.0},{"damage":29.0,"enemies":"Collector","floor":33.0,"turns":8.0},{"damage":0.0,"enemies":"Orb Walker","floor":35.0,"turns":3.0},{"damage":1.0,"enemies":"3 Shapes","floor":38.0,"turns":3.0},{"damage":15,"enemies":"Sphere and 2 Shapes","floor":39,"turns":8},{"damage":16,"enemies":"Nemesis","floor":40,"turns":7},{"damage":11,"enemies":"3 Darklings","floor":47,"turns":3},{"damage":13,"enemies":"Writhing Mass","floor":48,"turns":5},{"damage":64,"enemies":"Donu and Deca","floor":50,"turns":10},{"damage":41,"enemies":"Shield and Spear","floor":54,"turns":6},{"damage":65,"enemies":"The Heart","floor":55,"turns":2}],"seed_played":"-7610886070982450308","potions_obtained":[{"floor":2.0,"key":"FearPotion"},{"floor":7.0,"key":"Dexterity Potion"},{"floor":12.0,"key":"SpeedPotion"},{"floor":14.0,"key":"SpeedPotion"},{"floor":19.0,"key":"LiquidMemories"},{"floor":25.0,"key":"Swift Potion"},{"floor":31.0,"key":"Poison Potion"},{"floor":33.0,"key":"LiquidMemories"},{"floor":38.0,"key":"Dexterity Potion"},{"floor":54,"key":"CultistPotion"}],"is_trial":false,"path_per_floor":["M","M","M","M","T","R","E","M","T","?","R","E","$","E","R","B",null,"M","M","?","M","$","E","R","E","T","M","E","R","$","M","R","B",null,"M","?","?","M","M","E","$","R","T","?","$","R","M","M","R","B",null,"R","$","E","B"],"character_chosen":"THE_SILENT","items_purchased":["Footwork","PowerPotion","Membership Card","Regen Potion","Meat on the Bone","FairyPotion","Bandage Up","TwistedFunnel","War Paint","Noxious Fumes","SkillPotion","Regen Potion"],"campfire_rested":5,"item_purchase_floors":[13,13,22,22,30,41,41,45,45,45,53,53],"current_hp_per_floor":[59,54,46,35,35,35,23,23,23,28,28,22,22,10,31,19,58,58,58,58,37,37,30,51,24,24,10,8,29,29,37,58,41,64,64,54,54,53,38,34,34,34,34,34,34,34,35,38,59,33,62,62,62,37,0,0],"gold":28,"neow_bonus":"ONE_RARE_RELIC","is_daily":false,"chose_seed":false,"campfire_upgraded":4,"win_rate":0.0,"timestamp":1613287316,"path_taken":["M","M","M","M","?","R","E","M","T","?","R","E","$","E","R","BOSS","M","M","?","M","?","E","R","E","T","?","E","R","$","M","R","BOSS","M","?","?","M","M","E","$","R","T","?","$","R","M","M","R","BOSS","R","$","E","BOSS"],"items_purchased_type":["Card","Potion","Relic","Potion","Relic","Potion","Card","Relic","Relic","Card","Potion","Potion"],"build_version":"2020-12-13","purchased_purges":4,"victory":false,"max_hp_per_floor":[66,66,66,66,66,66,66,66,66,71,71,71,71,71,71,71,71,71,71,71,71,71,71,71,71,71,71,71,71,71,71,71,71,71,71,71,71,71,71,71,71,71,71,71,71,71,71,71,71,71,71,71,71,71,71,71],"relic_stats":{"SsserpentHead":250,"Nunchaku":[4],"counters":[27,157],"Ornamental Fan":[152],"Bronze Scales":[0],"Bag of Preparation":[28],"Juzu Bracelet":0,"War Paint":["Catalyst","Crippling Poison"],"obtain_stats":[{"TwistedFunnel":45,"Vajra":14,"Oddly Smooth Stone":25,"The Courier":26,"Omamori":12,"Bag of Preparation":23,"Juzu Bracelet":40,"War Paint":45,"White Beast Statue":28,"SsserpentHead":20,"Nunchaku":43,"Ornamental Fan":7,"Bronze Scales":54,"Bottled Lightning":5,"Membership Card":22,"Unceasing Top":0,"Ring of the Serpent":34,"Ring of the Snake":0,"Runic Pyramid":17,"Meat on the Bone":30},{"TwistedFunnel":22,"Vajra":8,"Oddly Smooth Stone":14,"The Courier":14,"Omamori":7,"Bag of Preparation":13,"Juzu Bracelet":22,"War Paint":22,"White Beast Statue":16,"SsserpentHead":11,"Nunchaku":22,"Ornamental Fan":5,"Bronze Scales":26,"Bottled Lightning":4,"Membership Card":12,"Unceasing Top":0,"Ring of the Serpent":18,"Ring of the Snake":0,"Runic Pyramid":9,"Meat on the Bone":16},{"TwistedFunnel":131,"Vajra":45,"Oddly Smooth Stone":86,"The Courier":86,"Omamori":38,"Bag of Preparation":78,"Juzu Bracelet":131,"War Paint":131,"White Beast Statue":97,"SsserpentHead":64,"Nunchaku":131,"Ornamental Fan":30,"Bronze Scales":155,"Bottled Lightning":18,"Membership Card":71,"Unceasing Top":0,"Ring of the Serpent":110,"Ring of the Snake":0,"Runic Pyramid":56,"Meat on the Bone":97}],"Unceasing Top":[5],"Meat on the Bone":84},"card_choices":[{"not_picked":["Outmaneuver","Dagger Throw"],"picked":"Deadly Poison","floor":1.0},{"not_picked":["Concentrate","Expertise"],"picked":"Underhanded Strike","floor":2.0},{"not_picked":["Distraction","Setup"],"picked":"Dagger Throw","floor":3.0},{"not_picked":["Infinite Blades","Deflect"],"picked":"Leg Sweep","floor":4.0},{"not_picked":["Prepared","Unload"],"picked":"All Out Attack","floor":7.0},{"not_picked":["Deflect","Acrobatics"],"picked":"PiercingWail","floor":8.0},{"not_picked":["Slice","Concentrate"],"picked":"Poisoned Stab","floor":12.0},{"not_picked":["Distraction","Cloak And Dagger"],"picked":"Eviscerate","floor":14.0},{"not_picked":["Night Terror","Venomology"],"picked":"Bullet Time","floor":16.0},{"not_picked":["Outmaneuver","Dodge and Roll","Bouncing Flask"],"picked":"SKIP","floor":18.0},{"not_picked":["Backstab","Underhanded Strike"],"picked":"Crippling Poison","floor":19.0},{"not_picked":["Blade Dance","Expertise"],"picked":"Prepared","floor":21.0},{"not_picked":["Quick Slash","All Out Attack+1"],"picked":"Backstab","floor":23.0},{"not_picked":["Underhanded Strike","Acrobatics"],"picked":"Tactician","floor":25.0},{"not_picked":["Setup","Distraction","Slice"],"picked":"SKIP","floor":27.0},{"not_picked":["Cloak And Dagger+1","Flechettes"],"picked":"PiercingWail","floor":28.0},{"not_picked":["Dash","Acrobatics"],"picked":"Catalyst","floor":31.0},{"not_picked":["Unload","After Image"],"picked":"Night Terror","floor":33.0},{"not_picked":["Poisoned Stab","Slice","Flying Knee"],"picked":"SKIP","floor":35.0},{"not_picked":["Blind","Dark Shackles"],"picked":"Panache","floor":36.0},{"not_picked":["Good Instincts","Enlightenment"],"picked":"Master of Strategy","floor":36.0},{"not_picked":["Leg Sweep","Deadly Poison+1","Acrobatics"],"picked":"SKIP","floor":38.0},{"not_picked":["Deflect+1","Leg Sweep","Backstab"],"picked":"SKIP","floor":39},{"not_picked":["Leg Sweep","Backstab"],"picked":"Deflect+1","floor":39},{"not_picked":["PiercingWail","Leg Sweep","Outmaneuver"],"picked":"SKIP","floor":40},{"not_picked":["Underhanded Strike","Dodge and Roll","Deflect+1"],"picked":"SKIP","floor":47},{"not_picked":["Sucker Punch","Dagger Throw"],"picked":"Choke","floor":48},{"not_picked":["Quick Slash","Underhanded Strike"],"picked":"Flechettes+1","floor":54}],"player_experience":523285,"relics_obtained":[{"floor":5.0,"key":"Bottled Lightning"},{"floor":7.0,"key":"Ornamental Fan"},{"floor":12.0,"key":"Omamori"},{"floor":14.0,"key":"Vajra"},{"floor":23.0,"key":"Bag of Preparation"},{"floor":25.0,"key":"Oddly Smooth Stone"},{"floor":26.0,"key":"The Courier"},{"floor":28.0,"key":"White Beast Statue"},{"floor":40,"key":"Juzu Bracelet"},{"floor":43,"key":"Nunchaku"},{"floor":54,"key":"Bronze Scales"}],"event_choices":[{"damage_healed":0.0,"max_hp_gain":5.0,"max_hp_loss":0.0,"gold_gain":0.0,"event_name":"Big Fish","player_choice":"Donut","floor":10.0,"gold_loss":0.0,"damage_taken":0.0},{"damage_healed":0.0,"max_hp_gain":0.0,"max_hp_loss":0.0,"gold_gain":0.0,"event_name":"FaceTrader","player_choice":"Trade","floor":20.0,"gold_loss":0.0,"damage_taken":0.0,"relics_obtained":["SsserpentHead"]},{"damage_healed":0.0,"max_hp_gain":0.0,"max_hp_loss":0.0,"gold_gain":0.0,"event_name":"SensoryStone","player_choice":"Memory 3","floor":36.0,"gold_loss":0.0,"damage_taken":10.0},{"damage_healed":0.0,"max_hp_gain":0.0,"max_hp_loss":0.0,"gold_gain":0.0,"event_name":"Tomb of Lord Red Mask","player_choice":"Ignored","floor":37.0,"gold_loss":0.0,"damage_taken":0.0},{"damage_healed":0,"gold_gain":0,"cards_transformed":["Defend_G"],"player_choice":"Transformed","damage_taken":0,"max_hp_gain":0,"max_hp_loss":0,"event_name":"Transmorgrifier","floor":44,"gold_loss":0,"cards_obtained":["PiercingWail"]}],"is_beta":false,"boss_relics":[{"not_picked":["Philosopher\u0027s Stone","Runic Dome"],"picked":"Runic Pyramid"},{"not_picked":["Fusion Hammer","Coffee Dripper"],"picked":"Ring of the Serpent"}],"items_purged_floors":[13,30,41,45],"is_endless":false,"potions_floor_spawned":[2,7,12,14,19,25,31,33,35,38,39,40,47,48,54],"killed_by":"The Heart","ascension_level":15}}