{"host":"xumidyqji6pg2yy3","time":1613302407,"event":{"mods":["Act Like it!","BaseMod","Gensokyo","Marisa（F雨　魔理沙）","Minty Spire (QoL Compilation)","StSLib","[功能]功能增强和修复MOD"],"gold_per_floor":[119,131,16,29,29,29,41,41,65,65,84,84,84,84],"floor_reached":13,"language":"ZHS","playtime":627,"items_purged":["Strike_MRS"],"score":79,"play_id":"d356a0ba-52a0-4e4c-9781-5149df6e5788","local_time":"20210214193327","is_ascension_mode":true,"campfire_choices":[{"data":"MysteriousBeam","floor":6.0,"key":"SMITH"},{"data":"EnergyRecoil","floor":8.0,"key":"SMITH"},{"data":"RefractionSpark","floor":10.0,"key":"SMITH"}],"circlet_count":0,"master_deck":["Strike_MRS","Strike_MRS","Strike_MRS","Defend_MRS","Defend_MRS","Defend_MRS","Defend_MRS","MasterSpark","UpSweep","Jack Of All Trades","MachineGunSpark","MysteriousBeam+1","StarBarrage","EnergyRecoil+1","RefractionSpark+1"],"relics":["MiniHakkero","Dream Catcher"],"acts_visited":["Exordium"],"potions_floor_usage":[13,13],"damage_taken":[{"damage":6.0,"enemies":"Gensokyo:Python","floor":1.0,"turns":3.0},{"damage":2.0,"enemies":"Gensokyo:3_Fairies","floor":2.0,"turns":3.0},{"damage":6.0,"enemies":"Gensokyo:2_Kodama","floor":4.0,"turns":4.0},{"damage":3.0,"enemies":"Gensokyo:2_Rabbits","floor":7.0,"turns":3.0},{"damage":12.0,"enemies":"Gensokyo:Gryphon_and_Rabbit","floor":11.0,"turns":4.0},{"damage":48,"enemies":"Gensokyo:Cirno","floor":13,"turns":5}],"seed_played":"6552034900253918700","potions_obtained":[{"floor":1.0,"key":"SneckoOil"},{"floor":2.0,"key":"AttackPotion"},{"floor":11.0,"key":"Fire Potion"}],"is_trial":false,"path_per_floor":["M","M","$","M","?","R","M","R","T","R","M","$","E"],"character_chosen":"MARISA","items_purchased":["StarBarrage"],"campfire_rested":0,"item_purchase_floors":[3],"current_hp_per_floor":[69,67,67,61,61,61,58,58,58,58,46,46,0,0],"gold":84,"neow_bonus":"RANDOM_COLORLESS","is_daily":false,"chose_seed":false,"campfire_upgraded":3,"win_rate":0.0,"timestamp":1613302407,"path_taken":["M","M","$","M","?","R","M","R","T","R","M","$","E"],"items_purchased_type":["Card"],"build_version":"2020-12-22","purchased_purges":1,"victory":false,"max_hp_per_floor":[75,75,75,75,75,75,75,75,75,75,75,75,75,75],"card_choices":[{"not_picked":["Trip","Impatience"],"picked":"Jack Of All Trades","floor":0.0},{"not_picked":["GravityBeat","MagicAbsorber"],"picked":"MachineGunSpark","floor":1.0},{"not_picked":["ChargingUp","OrrerysSun"],"picked":"MysteriousBeam","floor":2.0},{"not_picked":["Orbital","MysteriousBeam"],"picked":"EnergyRecoil","floor":4.0},{"not_picked":["Singularity","MilkyWay"],"picked":"RefractionSpark","floor":5.0},{"not_picked":["Occultation","GalacticHalo","ShootTheMoon"],"picked":"SKIP","floor":7.0},{"not_picked":["MysteriousBeam","DeepEcoloBomb","SporeBomb"],"picked":"SKIP","floor":11.0}],"player_experience":73135,"relics_obtained":[{"floor":9.0,"key":"Dream Catcher"}],"event_choices":[],"is_beta":false,"boss_relics":[],"items_purged_floors":[3],"is_endless":false,"potions_floor_spawned":[1,2,11],"killed_by":"Gensokyo:Cirno","ascension_level":1}}