{"host":"i4yzoangb31cseo0","time":1613307665,"event":{"mods":["AchievementEnabler","BaseMod","Colored Powertips","Curses Come First","Downfall","Hermit","Minty Spire (QoL Compilation)","Permanent Neow","Rare Cards Sparkle","Robot Space Explorer","Shop Mod","StSLib","The Construct","The Cursed","The Jungle","The Marked","The Mystic","The Senshi","The Servant 0.9.4"],"gold_per_floor":[144,189,189,189,189,189,287,336,336,434,483,483,532,581,581,906,1069,1118,621,531,580,92,141,141,239,289,338,338,387,436,485,485,810,810,859,488,488,228,277,375,375,424,499,548,548,597,646,809,809,809],"floor_reached":51,"language":"ENG","playtime":5307,"items_purged":["Normality"],"score":888,"play_id":"91c3eee3-798a-4366-b63b-f81186dc5829","local_time":"20210214233105","daily_mods":["Cursed Run","Colorless Cards","Midas"],"is_ascension_mode":false,"campfire_choices":[{"floor":6.0,"key":"REST"},{"floor":12,"key":"REST"},{"floor":15,"key":"REST"},{"floor":24,"key":"REST"},{"floor":28,"key":"REST"},{"floor":32,"key":"REST"},{"floor":41,"key":"REST"},{"floor":49,"key":"REST"}],"circlet_count":0,"master_deck":["theSenshi:SailorKick","theSenshi:SailorKick","theSenshi:SailorKick","theSenshi:SailorKick","theSenshi:SailorBlock+1","theSenshi:SailorBlock","theSenshi:SailorBlock","theSenshi:SailorBlock","theSenshi:RoseThrow","theSenshi:MoonPrismPowerMakeUp+1","theSenshi:EncouragingSpeech+1","theSenshi:SailorStarMakerAssists","Injury","theSenshi:SailorMarsAssists","theSenshi:MoonlightKnight","theSenshi:SaturnsMystery","theSenshi:MoonPower","theSenshi:UranusStrength","theSenshi:KlutzyLuck+1","theSenshi:ChibiMoonsLove","Flash of Steel","theSenshi:MoonPower+1","theSenshi:EncouragingSpeech","theSenshi:MoonsReflection","theSenshi:YouCanTalk+1","theSenshi:JupitersPower","Deep Breath","theSenshi:SailorChibiMoonAssists+1","theSenshi:SailorJupiterAssists+1","Doubt","Finesse","theSenshi:LunaWiseMentor+1","theSenshi:GlimpseOfThePast","Regret","theSenshi:ChibiMoonsLove","theSenshi:SailorPlanetAttack","theSenshi:MoonCosmicPowerMakeUp","theSenshi:MoonCrystalPowerMakeUp","theSenshi:SchoolBag+1","theSenshi:MoonKick+1","theSenshi:MoonPower+1","Shame","Flash of Steel+1","Writhe","downfall:Malfunctioning"],"relics":["Cursed Key","Darkstone Periapt","Du-Vu Doll","Golden Idol","Strawberry","StrikeDummy","Matryoshka","Tiny House","theSenshi:CrescentMoonWandRelic","Mercury Hourglass","Happy Flower","Smiling Mask","Boot","construct:WeddingRing","Membership Card","Slimebound:PreparedRelic","Calipers","OrangePellets","Regal Pillow","Ancient Tea Set","Bottled Flame","StoneCalendar"],"acts_visited":["Exordium","TheCity","TheBeyond"],"potions_floor_usage":[16,16,21,25,33,33,33,35,40,44,44,50,50,50],"damage_taken":[{"damage":0.0,"enemies":"Jaw Worm","floor":1.0,"turns":4.0},{"damage":0.0,"enemies":"Cultist","floor":2.0,"turns":3.0},{"damage":8.0,"enemies":"Lagavulin","floor":7.0,"turns":7.0},{"damage":3.0,"enemies":"2 Louse","floor":8.0,"turns":3.0},{"damage":39.0,"enemies":"3 Sentries","floor":10.0,"turns":7.0},{"damage":7,"enemies":"Red Slaver","floor":11,"turns":3},{"damage":15,"enemies":"Large Slime","floor":13,"turns":5},{"damage":10,"enemies":"Exordium Wildlife","floor":14,"turns":4},{"damage":33,"enemies":"Hexaghost","floor":16,"turns":9},{"damage":32,"enemies":"2 Thieves","floor":18,"turns":4},{"damage":12,"enemies":"3 Byrds","floor":21,"turns":7},{"damage":57,"enemies":"Cultist and Chosen","floor":23,"turns":8},{"damage":97,"enemies":"Book of Stabbing","floor":25,"turns":9},{"damage":8,"enemies":"Shelled Parasite and Fungi","floor":27,"turns":5},{"damage":9,"enemies":"Centurion and Healer","floor":29,"turns":5},{"damage":26,"enemies":"Snecko","floor":30,"turns":6},{"damage":5,"enemies":"Shelled Parasite and Fungi","floor":31,"turns":3},{"damage":17,"enemies":"Automaton","floor":33,"turns":6},{"damage":48,"enemies":"3 Darklings","floor":35,"turns":7},{"damage":32,"enemies":"Orb Walker","floor":39,"turns":4},{"damage":34,"enemies":"Giant Head","floor":40,"turns":8},{"damage":4,"enemies":"Writhing Mass","floor":42,"turns":4},{"damage":27,"enemies":"4 Shapes","floor":44,"turns":3},{"damage":36,"enemies":"Jaw Worm Horde","floor":46,"turns":6},{"damage":49,"enemies":"Sphere and 2 Shapes","floor":47,"turns":7},{"damage":14,"enemies":"Mind Bloom Boss Battle","floor":48,"turns":5},{"damage":106,"enemies":"Donu and Deca","floor":50,"turns":7}],"seed_played":"-463004689936713651","potions_obtained":[{"floor":1.0,"key":"Regen Potion"},{"floor":7.0,"key":"Regen Potion"},{"floor":13,"key":"EssenceOfSteel"},{"floor":17,"key":"Fire Potion"},{"floor":27,"key":"ColorlessPotion"},{"floor":30,"key":"ColorlessPotion"},{"floor":31,"key":"FearPotion"},{"floor":33,"key":"FearPotion"},{"floor":40,"key":"Explosive Potion"},{"floor":42,"key":"Fire Potion"},{"floor":44,"key":"bronze:BurnAndBuffPotion"},{"floor":47,"key":"SkillPotion"},{"floor":48,"key":"GamblersBrew"}],"is_trial":false,"path_per_floor":["M","M","?","?","?","R","E","M","T","E","M","R","M","M","R","B",null,"M","$","?","M","$","M","R","E","T","M","R","M","M","M","R","B",null,"M","$","?","$","M","E","R","M","T","M","?","M","M","?","R","B",null],"character_chosen":"THE_SENSHI","items_purchased":["theSenshi:CrescentMoonWandRelic","theSenshi:EncouragingSpeech","Guardian:BlockOnCardUsePotion","theSenshi:MoonsReflection","theSenshi:JupitersPower","Deep Breath","Mercury Hourglass","Membership Card","Slimebound:PreparedRelic","theSenshi:SailorPlanetAttack","theSenshi:MoonCosmicPowerMakeUp","DistilledChaos","theSenshi:MoonCrystalPowerMakeUp","Calipers","OrangePellets"],"campfire_rested":8,"item_purchase_floors":[19,19,19,19,22,22,22,36,36,36,36,36,38,38,38],"current_hp_per_floor":[75,75,81,65,70,86,85,82,88,64,57,86,86,88,99,101,110,78,78,78,81,81,45,78,10,16,21,55,68,64,59,93,94,122,84,84,84,84,76,80,122,118,124,97,134,108,79,75,130,51],"gold":809,"neow_bonus":"","is_daily":true,"chose_seed":false,"campfire_upgraded":0,"win_rate":0.0,"timestamp":1613307665,"path_taken":["M","M","?","?","?","R","E","M","T","E","M","R","M","M","R","BOSS","M","$","?","M","$","M","R","E","T","?","R","M","M","M","R","BOSS","M","$","?","$","M","E","R","M","T","?","?","M","M","?","R","BOSS"],"items_purchased_type":["Relic","Card","Potion","Card","Card","Card","Relic","Relic","Relic","Card","Card","Potion","Card","Relic","Relic"],"build_version":"2020-12-22","purchased_purges":1,"victory":true,"max_hp_per_floor":[75,75,81,81,86,86,93,93,99,99,99,99,99,99,99,105,110,110,110,110,110,110,110,110,110,116,116,116,116,116,116,116,122,122,122,122,122,122,122,122,122,122,128,128,134,134,134,134,134,140],"card_choices":[{"not_picked":["Panacea","theSenshi:LateForSchool"],"picked":"theSenshi:EncouragingSpeech","floor":1.0},{"not_picked":["Purity","theSenshi:GatheringStrength"],"picked":"theSenshi:SailorStarMakerAssists","floor":2.0},{"not_picked":["theSenshi:Sidestep","Deep Breath"],"picked":"theSenshi:SailorMarsAssists","floor":7.0},{"not_picked":["theSenshi:MoonPunch","theSenshi:TuxedoSmokingBomber"],"picked":"theSenshi:MoonlightKnight","floor":8.0},{"not_picked":["theSenshi:SailorChibiMoonAssists","theSenshi:MoonTiaraMagic"],"picked":"theSenshi:SaturnsMystery","floor":10},{"not_picked":["theSenshi:MoonKick","theSenshi:MoonPunch"],"picked":"theSenshi:MoonPower","floor":11},{"not_picked":["theSenshi:LunasBite","theSenshi:SailorChibiMoonAssists"],"picked":"theSenshi:UranusStrength","floor":13},{"not_picked":["theSenshi:Sidestep","theSenshi:MoonPrincessHalation"],"picked":"theSenshi:KlutzyLuck","floor":14},{"not_picked":["Violence","theSenshi:LunaSensingAllies"],"picked":"theSenshi:ChibiMoonsLove","floor":16},{"not_picked":["Mind Blast","theSenshi:MarsPride"],"picked":"Flash of Steel","floor":17},{"not_picked":["theSenshi:LateForSchool","theSenshi:SupersonicWaves"],"picked":"theSenshi:MoonPower","floor":18},{"not_picked":["theSenshi:TallSilhouette","Dramatic Entrance"],"picked":"theSenshi:YouCanTalk+1","floor":21},{"not_picked":["theSenshi:MoonsReflection","theSenshi:SailorMarsAssists"],"picked":"theSenshi:SailorChibiMoonAssists+1","floor":23},{"not_picked":["theSenshi:GatheringStrength","Flash of Steel"],"picked":"theSenshi:SailorJupiterAssists+1","floor":25},{"not_picked":["theSenshi:MoonsReflection","Madness+1"],"picked":"Finesse","floor":27},{"not_picked":["theSenshi:SailorMarsAssists","theSenshi:NeptunesGrace+1"],"picked":"theSenshi:LunaWiseMentor+1","floor":29},{"not_picked":["theSenshi:TuxedoSmokingBomber+1","theSenshi:SailorNeptuneAssists","theSenshi:SupersonicWaves+1"],"picked":"SKIP","floor":30},{"not_picked":["Panacea","theSenshi:VenusGlamour+1"],"picked":"theSenshi:GlimpseOfThePast","floor":31},{"not_picked":["Master of Strategy","theSenshi:SilverMoonCrystalPowerKiss"],"picked":"theSenshi:ChibiMoonsLove","floor":33},{"not_picked":["theSenshi:TuxedoMaskAssists+1","theSenshi:SailorMercuryAssists","theSenshi:EncouragingSpeech+1"],"picked":"SKIP","floor":35},{"not_picked":["theSenshi:TuxedoSmokingBomber+1","theSenshi:UranusStrength+1"],"picked":"theSenshi:SchoolBag+1","floor":39},{"not_picked":["theSenshi:LateForSchool","theSenshi:LunasBite+1"],"picked":"theSenshi:MoonKick+1","floor":40},{"not_picked":["theSenshi:MoonsReflection+1","theSenshi:EncouragingSpeech+1"],"picked":"theSenshi:MoonPower+1","floor":42},{"not_picked":["theSenshi:SailorChibiMoonAssists+1","theSenshi:TuxedoSmokingBomber+1"],"picked":"Flash of Steel+1","floor":44},{"not_picked":["theSenshi:SailorPlutoAssists","theSenshi:YouCanTalk+1","Panacea"],"picked":"SKIP","floor":46},{"not_picked":["theSenshi:MoonTiaraMagic+1","theSenshi:SailorMarsAssists+1","theSenshi:TallSilhouette"],"picked":"SKIP","floor":47}],"player_experience":179823,"relics_obtained":[{"floor":7.0,"key":"Strawberry"},{"floor":9.0,"key":"StrikeDummy"},{"floor":10,"key":"Matryoshka"},{"floor":25,"key":"Happy Flower"},{"floor":26,"key":"Smiling Mask"},{"floor":26,"key":"Boot"},{"floor":40,"key":"Regal Pillow"},{"floor":43,"key":"Ancient Tea Set"},{"floor":43,"key":"Bottled Flame"},{"floor":48,"key":"StoneCalendar"}],"event_choices":[{"damage_healed":0.0,"max_hp_gain":0.0,"max_hp_loss":0.0,"gold_gain":0.0,"event_name":"Golden Idol","player_choice":"Take Wound","floor":3.0,"gold_loss":0.0,"damage_taken":0.0,"relics_obtained":["Golden Idol"],"cards_obtained":["Injury"]},{"damage_healed":0.0,"max_hp_gain":0.0,"max_hp_loss":0.0,"gold_gain":0.0,"event_name":"Shining Light","player_choice":"Entered Light","floor":4.0,"gold_loss":0.0,"damage_taken":16.0,"cards_upgraded":["theSenshi:EncouragingSpeech","theSenshi:MoonPrismPowerMakeUp"]},{"damage_healed":0.0,"max_hp_gain":5.0,"max_hp_loss":0.0,"gold_gain":0.0,"event_name":"Big Fish","player_choice":"Donut","floor":5.0,"gold_loss":0.0,"damage_taken":0.0},{"cards_removed":["downfall:Icky"],"damage_healed":0,"gold_gain":0,"player_choice":"Upgrade and Remove","damage_taken":0,"max_hp_gain":0,"max_hp_loss":0,"event_name":"Designer","floor":20,"gold_loss":90,"cards_upgraded":["theSenshi:SailorBlock"]},{"damage_healed":0,"gold_gain":0,"player_choice":"Upgraded","damage_taken":0,"max_hp_gain":0,"max_hp_loss":0,"event_name":"Upgrade Shrine","floor":37,"gold_loss":0,"cards_upgraded":["theSenshi:MoonPower"]},{"damage_healed":32,"gold_gain":0,"player_choice":"Writhe","damage_taken":0,"max_hp_gain":0,"max_hp_loss":0,"event_name":"Winding Halls","floor":45,"gold_loss":0,"cards_obtained":["Writhe"]},{"damage_healed":0,"gold_gain":0,"player_choice":"Fight","damage_taken":0,"max_hp_gain":0,"max_hp_loss":0,"event_name":"MindBloom","floor":48,"gold_loss":0}],"is_beta":false,"boss_relics":[{"not_picked":["Philosopher\u0027s Stone","Runic Pyramid"],"picked":"Tiny House"},{"not_picked":["Coffee Dripper","Snecko Eye"],"picked":"construct:WeddingRing"}],"items_purged_floors":[19],"is_endless":false,"potions_floor_spawned":[1,7,13,27,30,31,33,40,42,44,47,48],"ascension_level":0}}