{"host":"2pffx5rqbod9ds0c","time":1613295183,"event":{"mods":["BaseMod","Better Altar","Better Match","Better Note","Better Sensory Stone","Better Skull","Better Third Choice","Bossed Relics","Custom Start","Hubris","MarisaÅiñ∂âJÅ@ñÇóùçπÅj","Minty Spire (QoL Compilation)","Quick Restart","Relic Stats","Spicy Shops","StSLib"],"gold_per_floor":[109,121,121,121,138,166,166,199,199,232,292,318,331,344,344,423,423,442,110274,110274,110293,110493,110524,110544,110561,110561,109081,109061,107020,107054,107064,107064,107141,107141,107161,105835,105852,104561,104561,104588,104606,104636,104636,104636,104636,103239,103254,103269,103269,103269,103269],"floor_reached":52,"language":"ENG","playtime":2014,"items_purged":["Pain","Strike_R","Strike_R","Strike_R","Strike_R","Strike_R","Wild Strike"],"score":2135,"play_id":"2ce5fd57-f419-45ca-ba98-9c32a7ff3e13","local_time":"20210214013303","is_ascension_mode":true,"campfire_choices":[{"data":"True Grit","floor":7.0,"key":"SMITH"},{"data":"Spot Weakness","floor":15.0,"key":"SMITH"},{"data":"Pommel Strike","floor":32.0,"key":"SMITH"},{"data":"Double Tap","floor":45,"key":"SMITH"},{"data":"1","floor":49,"key":"LIFT"}],"circlet_count":0,"master_deck":["AscendersBane","Defend_R","Defend_R","Defend_R","Bash","Twin Strike","Shrug It Off","Spot Weakness+1","True Grit+1","Bludgeon","Sword Boomerang","Heavy Blade","Limit Break","Limit Break","Limit Break","Shrug It Off","Pommel Strike+1","Double Tap+1","Limit Break"],"relics":["Black Blood","WarpedTongs","Dream Catcher","hubris:Zylophone","Eternal Feather","Happy Flower","Pen Nib","Ginger","Runic Dome","Bag of Preparation","Question Card","hubris:ChampionShield","Orrery","Blood Vial","Bloody Idol","hubris:ToyBattleship","hubris:TinFlute","Omamori","MealTicket","Lee\u0027s Waffle","hubris:Reverence","Frozen Egg 2","Brimstone","Blue Candle","Boot","TheAbacus","hubris:GlazedTorus","hubris:CrystalStatue","HandDrill","hubris:Potato","Sling","White Beast Statue","Bronze Scales","Juzu Bracelet","Bag of Marbles","Chemical X","Regal Pillow","InkBottle","Calipers","Blood Vial","Vajra","Strawberry","hubris:IronBody","Girya","Mercury Hourglass","hubris:PeanutButter","Bottled Flame"],"acts_visited":["Exordium","TheCity","TheBeyond"],"potions_floor_usage":[33,48],"damage_taken":[{"damage":12.0,"enemies":"Jaw Worm","floor":1.0,"turns":4.0},{"damage":1.0,"enemies":"2 Louse","floor":2.0,"turns":4.0},{"damage":2.0,"enemies":"Cultist","floor":5.0,"turns":3.0},{"damage":21.0,"enemies":"Lagavulin","floor":6.0,"turns":6.0},{"damage":38.0,"enemies":"3 Sentries","floor":8.0,"turns":9.0},{"damage":43.0,"enemies":"Lagavulin","floor":10.0,"turns":9.0},{"damage":22.0,"enemies":"Lagavulin Event","floor":11.0,"turns":5.0},{"damage":37.0,"enemies":"3 Sentries","floor":12.0,"turns":8.0},{"damage":1.0,"enemies":"Exordium Wildlife","floor":13.0,"turns":4.0},{"damage":1.0,"enemies":"Large Slime","floor":14.0,"turns":4.0},{"damage":26.0,"enemies":"The Guardian","floor":16.0,"turns":8.0},{"damage":33.0,"enemies":"Chosen","floor":18.0,"turns":6.0},{"damage":22.0,"enemies":"2 Thieves","floor":21.0,"turns":3.0},{"damage":72.0,"enemies":"Slavers","floor":23.0,"turns":5.0},{"damage":18.0,"enemies":"Snecko","floor":24.0,"turns":4.0},{"damage":26.0,"enemies":"Cultist and Chosen","floor":25.0,"turns":6.0},{"damage":8.0,"enemies":"Book of Stabbing","floor":30.0,"turns":2.0},{"damage":4.0,"enemies":"Chosen and Byrds","floor":31.0,"turns":2.0},{"damage":11,"enemies":"hubris:MusketHawk","floor":33,"turns":2},{"damage":6,"enemies":"3 Shapes","floor":35,"turns":5},{"damage":12,"enemies":"3 Darklings","floor":37,"turns":3},{"damage":50,"enemies":"Nemesis","floor":40,"turns":3},{"damage":0,"enemies":"4 Shapes","floor":41,"turns":3},{"damage":15,"enemies":"Giant Head","floor":42,"turns":4},{"damage":0,"enemies":"Writhing Mass","floor":47,"turns":2},{"damage":0,"enemies":"Sphere and 2 Shapes","floor":48,"turns":4},{"damage":0,"enemies":"hubris:GrandSnecko","floor":50,"turns":4},{"damage":4,"enemies":"Awakened One","floor":51,"turns":5}],"seed_played":"4929294493383534789","potions_obtained":[{"floor":1.0,"key":"Block Potion"},{"floor":6.0,"key":"SneckoOil"},{"floor":13.0,"key":"DuplicationPotion"},{"floor":37,"key":"SneckoOil"},{"floor":48,"key":"Fruit Juice"}],"is_trial":false,"path_per_floor":["M","M","?","?","M","E","R","E","T","E","?","E","M","M","R","B",null,"M","$","?","M","?","E","M","M","T","$","?","$","E","M","R","B",null,"M","$","M","$","?","E","M","E","T","?","R","$","M","M","R","B","B",null],"character_chosen":"IRONCLAD","items_purchased":["Bag of Preparation","Question Card","hubris:ChampionShield","Orrery","Limit Break","Omamori","MealTicket","Lee\u0027s Waffle","hubris:Reverence","Frozen Egg 2","Brimstone","Pommel Strike","Blue Candle","Boot","TheAbacus","hubris:GlazedTorus","hubris:CrystalStatue","HandDrill","Double Tap","Sling","White Beast Statue","Bronze Scales","Juzu Bracelet","Bag of Marbles","Limit Break","Chemical X","Regal Pillow","InkBottle","Calipers","Blood Vial","Girya","Mercury Hourglass","hubris:PeanutButter","Bottled Flame"],"campfire_rested":0,"item_purchase_floors":[19,19,19,19,19,27,27,27,27,27,27,27,29,29,29,29,29,29,29,36,36,36,36,36,36,38,38,38,38,38,46,46,46,46],"current_hp_per_floor":[62,67,67,67,71,56,56,24,24,60,44,13,18,23,35,15,60,33,33,48,44,49,33,28,15,15,82,82,82,82,82,82,82,82,82,82,82,82,82,49,70,83,83,83,89,89,89,94,94,94,94],"gold":103269,"neow_bonus":"THREE_CARDS","is_daily":false,"chose_seed":false,"campfire_upgraded":4,"win_rate":0.0,"timestamp":1613295183,"path_taken":["M","M","?","?","?","E","R","E","T","E","?","E","M","M","R","BOSS","M","$","?","M","?","E","M","?","T","$","?","$","E","?","R","BOSS","M","$","M","$","?","E","M","E","T","?","R","$","M","M","R","BOSS","BOSS"],"items_purchased_type":["Relic","Relic","Relic","Relic","Card","Relic","Relic","Relic","Relic","Relic","Relic","Card","Relic","Relic","Relic","Relic","Relic","Relic","Card","Relic","Relic","Relic","Relic","Relic","Card","Relic","Relic","Relic","Relic","Relic","Relic","Relic","Relic","Relic"],"build_version":"2020-12-22","purchased_purges":7,"victory":true,"max_hp_per_floor":[75,75,75,75,75,75,75,75,75,75,75,75,75,75,75,75,75,75,75,75,75,75,75,75,75,75,82,82,82,82,82,82,82,82,82,82,82,82,82,82,82,89,89,89,89,89,89,94,94,94,94],"relic_stats":{"Regal Pillow":0,"Black Blood":170,"Bag of Preparation":[32],"Juzu Bracelet":0,"Ginger":[12],"Boot":[0],"Blood Vial":16,"Dream Catcher":0,"TheAbacus":[30],"MealTicket":0,"HandDrill":[8],"Chemical X":[6],"InkBottle":[6],"Lee\u0027s Waffle":67,"Happy Flower":[30],"counters":[28,127],"Blue Candle":[0],"Eternal Feather":18,"Pen Nib":[11],"Question Card":19,"WarpedTongs":[117],"Mercury Hourglass":[66],"Bloody Idol":52,"Bronze Scales":[52],"obtain_stats":[{"Regal Pillow":38,"hubris:CrystalStatue":29,"Calipers":38,"Black Blood":34,"Vajra":40,"Bag of Preparation":19,"Juzu Bracelet":36,"Ginger":12,"Boot":29,"Sling":36,"Burning Blood":0,"Blood Vial":20,"Dream Catcher":6,"TheAbacus":29,"Strawberry":42,"MealTicket":27,"hubris:IronBody":43,"HandDrill":29,"Chemical X":38,"hubris:ChampionShield":19,"hubris:TinFlute":26,"InkBottle":38,"hubris:GlazedTorus":29,"Girya":46,"Lee\u0027s Waffle":27,"Happy Flower":10,"Blue Candle":29,"Eternal Feather":9,"Pen Nib":11,"Omamori":27,"Frozen Egg 2":27,"Question Card":19,"White Beast Statue":36,"WarpedTongs":4,"Mercury Hourglass":46,"hubris:Zylophone":8,"Runic Dome":17,"Bottled Flame":46,"Brimstone":27,"Bloody Idol":20,"Bronze Scales":36,"Orrery":19,"hubris:PeanutButter":46,"hubris:ToyBattleship":23,"Bag of Marbles":36,"hubris:Potato":30,"hubris:Reverence":27},{"Regal Pillow":21,"hubris:CrystalStatue":16,"Calipers":21,"Black Blood":19,"Vajra":22,"Bag of Preparation":12,"Juzu Bracelet":20,"Ginger":8,"Boot":16,"Sling":20,"Burning Blood":0,"Blood Vial":12,"Dream Catcher":4,"TheAbacus":16,"Strawberry":24,"MealTicket":16,"hubris:IronBody":24,"HandDrill":16,"Chemical X":21,"hubris:ChampionShield":12,"hubris:TinFlute":16,"InkBottle":21,"hubris:GlazedTorus":16,"Girya":24,"Lee\u0027s Waffle":16,"Happy Flower":6,"Blue Candle":16,"Eternal Feather":5,"Pen Nib":7,"Omamori":16,"Frozen Egg 2":16,"Question Card":12,"White Beast Statue":20,"WarpedTongs":2,"Mercury Hourglass":24,"hubris:Zylophone":5,"Runic Dome":11,"Bottled Flame":24,"Brimstone":16,"Bloody Idol":12,"Bronze Scales":20,"Orrery":12,"hubris:PeanutButter":24,"hubris:ToyBattleship":14,"Bag of Marbles":20,"hubris:Potato":17,"hubris:Reverence":16},{"Regal Pillow":102,"hubris:CrystalStatue":88,"Calipers":102,"Black Blood":94,"Vajra":105,"Bag of Preparation":70,"Juzu Bracelet":99,"Ginger":48,"Boot":88,"Sling":99,"Burning Blood":0,"Blood Vial":70,"Dream Catcher":17,"TheAbacus":88,"Strawberry":112,"MealTicket":88,"hubris:IronBody":112,"HandDrill":88,"Chemical X":102,"hubris:ChampionShield":70,"hubris:TinFlute":88,"InkBottle":102,"hubris:GlazedTorus":88,"Girya":112,"Lee\u0027s Waffle":88,"Happy Flower":35,"Blue Candle":88,"Eternal Feather":26,"Pen Nib":40,"Omamori":88,"Frozen Egg 2":88,"Question Card":70,"White Beast Statue":99,"WarpedTongs":8,"Mercury Hourglass":112,"hubris:Zylophone":26,"Runic Dome":64,"Bottled Flame":112,"Brimstone":88,"Bloody Idol":70,"Bronze Scales":99,"Orrery":70,"hubris:PeanutButter":112,"hubris:ToyBattleship":78,"Bag of Marbles":99,"hubris:Potato":90,"hubris:Reverence":88}]},"card_choices":[{"not_picked":["hubris:ReadiedAction","hubris:CleavingFinish"],"picked":"Wild Strike","floor":0.0},{"not_picked":["Reckless Charge","Sword Boomerang","Headbutt"],"picked":"SKIP","floor":1.0},{"not_picked":["hubris:CleavingFinish","Body Slam"],"picked":"Twin Strike","floor":2.0},{"not_picked":["Pummel","Wild Strike"],"picked":"Spot Weakness","floor":5.0},{"not_picked":["Body Slam","hubris:ReadiedAction"],"picked":"True Grit","floor":6.0},{"not_picked":["Shrug It Off","Rage","Twin Strike"],"picked":"SKIP","floor":8.0},{"not_picked":["Twin Strike","Iron Wave"],"picked":"Bludgeon","floor":10.0},{"not_picked":["Reaper","Intimidate"],"picked":"Sword Boomerang","floor":12.0},{"not_picked":["Thunderclap","Wild Strike"],"picked":"Heavy Blade","floor":13.0},{"not_picked":["Cleave","Carnage","Thunderclap"],"picked":"SKIP","floor":14.0},{"not_picked":["Berserk","Fiend Fire"],"picked":"Limit Break","floor":16.0},{"not_picked":["Cleave","Armaments","hubris:ReadiedAction"],"picked":"SKIP","floor":18.0},{"not_picked":["Clothesline+1","Wild Strike","Evolve"],"picked":"Limit Break","floor":19.0},{"not_picked":["Armaments","Dual Wield","Ghostly Armor","Clothesline+1"],"picked":"SKIP","floor":21.0},{"not_picked":["Entrench","hubris:CleavingFinish","Clothesline","Thunderclap"],"picked":"SKIP","floor":23.0},{"not_picked":["Iron Wave","True Grit","Body Slam+1","Armaments+1"],"picked":"SKIP","floor":24.0},{"not_picked":["Battle Trance+1","Iron Wave+1","True Grit"],"picked":"Shrug It Off","floor":25.0},{"not_picked":["hubris:CleavingFinish","Pommel Strike","Carnage","Flame Barrier"],"picked":"SKIP","floor":30.0},{"not_picked":["Shockwave","Shrug It Off","Perfected Strike","Dual Wield"],"picked":"SKIP","floor":31.0},{"not_picked":["Clash","Anger+1","Combust+1","Pommel Strike"],"picked":"SKIP","floor":35},{"not_picked":["Wild Strike+1","Reckless Charge","hubris:ReadiedAction","Anger+1"],"picked":"SKIP","floor":37},{"not_picked":["Second Wind","Burning Pact+1","Shrug It Off+1","Body Slam"],"picked":"SKIP","floor":40},{"not_picked":["hubris:ReadiedAction","Twin Strike","Thunderclap","Hemokinesis"],"picked":"SKIP","floor":41},{"not_picked":["Ghostly Armor","Anger","Sword Boomerang+1","Flex"],"picked":"SKIP","floor":42},{"not_picked":["Power Through","Blood for Blood","Cleave","Anger"],"picked":"SKIP","floor":47},{"not_picked":["Rage","Intimidate","Iron Wave","Cleave+1"],"picked":"SKIP","floor":48}],"player_experience":861206,"relics_obtained":[{"floor":6.0,"key":"Dream Catcher"},{"floor":8.0,"key":"hubris:Zylophone"},{"floor":9.0,"key":"Eternal Feather"},{"floor":10.0,"key":"Happy Flower"},{"floor":11.0,"key":"Pen Nib"},{"floor":12.0,"key":"Ginger"},{"floor":23.0,"key":"hubris:ToyBattleship"},{"floor":26.0,"key":"hubris:TinFlute"},{"floor":30.0,"key":"hubris:Potato"},{"floor":40,"key":"Vajra"},{"floor":42,"key":"Strawberry"},{"floor":43,"key":"hubris:IronBody"}],"event_choices":[{"damage_healed":0.0,"max_hp_gain":0.0,"max_hp_loss":0.0,"gold_gain":0.0,"event_name":"Accursed Blacksmith","player_choice":"Rummage","floor":4.0,"gold_loss":0.0,"damage_taken":0.0,"relics_obtained":["WarpedTongs"],"cards_obtained":["Pain"]},{"damage_healed":0.0,"max_hp_gain":0.0,"max_hp_loss":0.0,"gold_gain":0.0,"event_name":"Dead Adventurer","player_choice":"Searched \u00271\u0027 times","floor":11.0,"gold_loss":0.0,"damage_taken":0.0},{"damage_healed":0.0,"max_hp_gain":33.0,"max_hp_loss":48.0,"gold_gain":0.0,"event_name":"betterAltar:BetterAltar","player_choice":" Vial Idol Potion ","floor":20.0,"potions_obtained":["betterAltar:AltarPotion"],"relics_lost":[],"gold_loss":0.0,"damage_taken":86.0,"relics_obtained":["Blood Vial","Bloody Idol"]},{"damage_healed":0.0,"max_hp_gain":0.0,"max_hp_loss":0.0,"gold_gain":200.0,"event_name":"Wheel of Change","player_choice":"Gold","floor":22.0,"gold_loss":0.0,"damage_taken":0.0},{"damage_healed":0.0,"max_hp_gain":0.0,"max_hp_loss":0.0,"gold_gain":0.0,"event_name":"The Woman in Blue","player_choice":"Bought 1 Potion","floor":28.0,"gold_loss":0.0,"damage_taken":0.0},{"damage_healed":0,"gold_gain":0,"player_choice":"Ignored","damage_taken":0,"max_hp_gain":0,"max_hp_loss":0,"event_name":"Tomb of Lord Red Mask","floor":39,"gold_loss":0},{"cards_removed":["Defend_R"],"damage_healed":0,"gold_gain":0,"player_choice":"Removed Skill","damage_taken":0,"max_hp_gain":0,"max_hp_loss":0,"event_name":"Falling","floor":44,"gold_loss":0}],"is_beta":false,"boss_relics":[{"not_picked":["SacredBark","Calling Bell"],"picked":"Runic Dome"},{"not_picked":["hubris:GrandSneckoEye","hubris:HollowSoul"],"picked":"Black Blood"}],"items_purged_floors":[19,27,29,29,36,38,46],"is_endless":false,"potions_floor_spawned":[1,6,8,13,21,23,31,37,40,41,42,47,48],"ascension_level":20}}