{"host":"hrtq1r2z0jdgxy6l","time":1613333392,"event":{"mods":["AchievementEnabler","BaseMod","Bestiary","Colored Map","Colored Powertips","Downfall","Highlight Path","Minty Spire (QoL Compilation)","Permanent Neow","StSLib"],"gold_per_floor":[99,109,128,278,278,278,354,354,374,399,419,430,430,430,444,542,542,542,560,560,572,63,63,63,73,73,84,31,65,65,65,65,65],"floor_reached":31,"language":"ENG","playtime":4100,"items_purged":[],"score":280,"play_id":"6ec72529-259c-490c-8a09-11d431f943e4","local_time":"20210215040952","is_ascension_mode":false,"campfire_choices":[{"data":"hexamod:Sear","floor":1,"key":"SMITH"},{"data":"hexamod:HeatCrush","floor":8,"key":"SMITH"},{"data":"hexamod:DynamicBlow","floor":13,"key":"SMITH"},{"floor":18,"key":"RECALL"},{"data":"expansioncontent:QuickStudy","floor":23,"key":"SMITH"},{"data":"hexamod:Rewind","floor":26,"key":"SMITH"},{"data":"hexamod:HeatCrush","floor":30,"key":"SMITH"}],"circlet_count":0,"master_deck":["hexamod:Strike","hexamod:Strike","hexamod:Defend","hexamod:Sear+1","hexamod:Float","hexamod:RetreatToShadows","hexamod:NightmareGuise","hexamod:HeatCrush+1","hexamod:DynamicBlow+1","downfall:Icky","hexamod:RainOfEmbers","hexamod:ChargedBarrage","hexamod:Hexaguard","hexamod:WildfireWeapon","hexamod:GhostShield+1","hexamod:NightmareGuise","hexamod:RecurringNightmare+1","expansioncontent:QuickStudy+1","hexamod:HeatCrush+1","hexamod:Rewind+1","hexamod:StepThrough","hexamod:StepThrough","hexamod:GhostOfSpirePresent+1"],"relics":["hexamod:SpiritBrand","Calipers","Sozu","Frozen Egg 2","Orichalcum","Regal Pillow"],"acts_visited":["Exordium","TheCity"],"potions_floor_usage":[15,16,16],"damage_taken":[{"damage":8,"enemies":"Small Slimes","floor":2,"turns":4},{"damage":6,"enemies":"2 Louse","floor":3,"turns":3},{"damage":0,"enemies":"Cultist","floor":9,"turns":4},{"damage":19,"enemies":"Lagavulin","floor":10,"turns":5},{"damage":6,"enemies":"downfall:LooterAlt","floor":11,"turns":2},{"damage":7,"enemies":"3 Louse","floor":12,"turns":4},{"damage":3,"enemies":"Red Slaver","floor":15,"turns":3},{"damage":8,"enemies":"IC_STATUS_ARCHETYPE","floor":16,"turns":3},{"damage":6,"enemies":"Spheric Guardian","floor":19,"turns":5},{"damage":12,"enemies":"downfall:LooterAlt2","floor":21,"turns":5},{"damage":6,"enemies":"downfall:FleeingMerchant","floor":22,"turns":4},{"damage":7,"enemies":"Centurion and Healer","floor":25,"turns":5},{"damage":0,"enemies":"Chosen and Byrds","floor":27,"turns":4},{"damage":6,"enemies":"downfall:FleeingMerchant","floor":28,"turns":4},{"damage":19,"enemies":"Slavers","floor":29,"turns":6},{"damage":16,"enemies":"Gremlin Leader","floor":31,"turns":2}],"seed_played":"-3612514929507308600","potions_obtained":[{"floor":2,"key":"hexamod:SoulburnPotion"},{"floor":11,"key":"hexamod:DoubleChargePotion"},{"floor":12,"key":"Regen Potion"}],"is_trial":false,"path_per_floor":["R","M","M","?","?","?","T","R","M","E","M","M","R","?","M","B",null,"R","M","?","M","$","R","T","M","R","M","$","E","R","E"],"character_chosen":"THE_SPIRIT","items_purchased":["Frozen Egg 2","expansioncontent:QuickStudy","hexamod:HeatCrush","hexamod:StepThrough"],"campfire_rested":0,"item_purchase_floors":[22,22,22,28],"current_hp_per_floor":[49,41,35,35,35,35,35,35,35,16,10,3,3,3,12,4,70,70,64,64,52,46,46,46,39,39,39,33,14,14,0,0,0],"gold":65,"neow_bonus":"TRANSFORM_TWO_CARDS","is_daily":false,"chose_seed":false,"campfire_upgraded":6,"win_rate":0.0,"timestamp":1613333392,"path_taken":["R","M","M","?","?","?","T","R","M","E","M","?","R","?","M","BOSS","R","M","?","M","$","R","T","M","R","M","$","E","R","E"],"items_purchased_type":["Relic","Card","Card","Card"],"build_version":"2020-12-22","purchased_purges":0,"victory":false,"max_hp_per_floor":[70,70,70,70,70,70,70,70,70,70,70,70,70,70,70,70,70,70,70,70,70,70,70,70,70,70,70,70,70,70,70,70,70],"card_choices":[{"not_picked":["hexamod:Firestarter","hexamod:HeatMetal"],"picked":"hexamod:HeatCrush","floor":2},{"not_picked":["hexamod:BacktrackSmack","hexamod:InspiringFlames"],"picked":"hexamod:DynamicBlow","floor":3},{"not_picked":["hexamod:HauntingEcho","hexamod:SwordOfDarkness"],"picked":"hexamod:RainOfEmbers","floor":9},{"not_picked":["hexamod:HauntingEcho","hexamod:BacktrackSmack"],"picked":"hexamod:ChargedBarrage","floor":10},{"not_picked":["hexamod:UnlimitedPower","hexamod:FastForward","hexamod:NightmareGuise"],"picked":"SKIP","floor":11},{"not_picked":["hexamod:RecurringNightmare","hexamod:BurningTouch"],"picked":"hexamod:Hexaguard","floor":12},{"not_picked":["hexamod:AdvancingGuard","hexamod:RecurringNightmare","hexamod:Incineration"],"picked":"SKIP","floor":15},{"not_picked":["hexamod:TurnItUp","hexamod:UnleashSpirits"],"picked":"hexamod:WildfireWeapon","floor":16},{"not_picked":["hexamod:AdvancingGuard","hexamod:ThermalTransfer"],"picked":"hexamod:GhostShield+1","floor":19},{"not_picked":["hexamod:NightmareStrike","hexamod:ThermalTransfer","hexamod:HauntingEcho"],"picked":"SKIP","floor":21},{"not_picked":["hexamod:HauntingEcho+1","hexamod:GhostOfSpireFuture+1"],"picked":"hexamod:RecurringNightmare+1","floor":22},{"not_picked":["hexamod:NightmareGuise","hexamod:RainOfEmbers"],"picked":"hexamod:Rewind","floor":25},{"not_picked":["hexamod:EmpoweredFlame+1","hexamod:Firestarter+1"],"picked":"hexamod:StepThrough","floor":27},{"not_picked":["hexamod:Haunt","hexamod:NightmareGuise","hexamod:AdvancingGuard"],"picked":"SKIP","floor":28},{"not_picked":["hexamod:HeatCrush","hexamod:HauntingEcho+1"],"picked":"hexamod:GhostOfSpirePresent+1","floor":29}],"player_experience":29596,"relics_obtained":[{"floor":10,"key":"Calipers"},{"floor":24,"key":"Orichalcum"},{"floor":29,"key":"Regal Pillow"}],"event_choices":[{"damage_healed":0,"gold_gain":0,"player_choice":"Ignored","damage_taken":0,"max_hp_gain":0,"max_hp_loss":0,"event_name":"NoteForYourself","floor":6,"gold_loss":0},{"cards_removed":["hexamod:Defend"],"damage_healed":0,"gold_gain":0,"player_choice":"Forget","damage_taken":0,"max_hp_gain":0,"max_hp_loss":0,"event_name":"Living Wall","floor":14,"gold_loss":0}],"is_beta":false,"boss_relics":[{"not_picked":["Velvet Choker","SlaversCollar"],"picked":"Sozu"}],"items_purged_floors":[],"is_endless":false,"potions_floor_spawned":[2,11,12,25,27,29],"killed_by":"Gremlin Leader","ascension_level":0}}