{"host":"7jxhn92mkgyil7o5","time":1613313168,"event":{"mods":["BaseMod","Colored Map","Colored Powertips","Friendly Minions","Hermit","Kiyohime????","Marisa????????","Minty Spire (QoL Compilation)","Permanent Neow","StSLib","The Cursed","The Disciple","The Hierophant","The Poker Player","The Runesmith"],"gold_per_floor":[113,127,127,139,25,52,52,52,52],"floor_reached":8,"language":"ENG","playtime":297,"items_purged":["Normality"],"score":112,"play_id":"1285d6f0-5b52-4c94-96cd-136550e729bb","local_time":"20210214153248","is_ascension_mode":true,"campfire_choices":[{"data":"Bash","floor":7,"key":"SMITH"}],"circlet_count":0,"master_deck":["AscendersBane","Strike_R","Strike_R","Strike_R","Strike_R","Strike_R","Defend_R","Defend_R","Defend_R","Defend_R","Bash+1","Iron Wave","Hemokinesis","Second Wind","Fire Breathing","Inflame"],"relics":["Burning Blood","Shovel","Singing Bowl"],"acts_visited":["Exordium"],"potions_floor_usage":[6,6],"damage_taken":[{"damage":12.0,"enemies":"Small Slimes","floor":1.0,"turns":5.0},{"damage":2.0,"enemies":"Cultist","floor":2.0,"turns":4.0},{"damage":14.0,"enemies":"Jaw Worm","floor":4.0,"turns":2.0},{"damage":33,"enemies":"Gremlin Nob","floor":6,"turns":5},{"damage":7,"enemies":"Lagavulin","floor":8,"turns":4}],"seed_played":"3204541528267367165","potions_obtained":[{"floor":1.0,"key":"SkillPotion"},{"floor":4.0,"key":"SteroidPotion"}],"is_trial":false,"path_per_floor":["M","M","?","M","$","E","R","E"],"character_chosen":"IRONCLAD","items_purchased":["Fire Breathing"],"campfire_rested":0,"item_purchase_floors":[5],"current_hp_per_floor":[62,66,55,47,47,20,20,13,13],"gold":52,"neow_bonus":"ONE_RARE_RELIC","is_daily":false,"chose_seed":false,"campfire_upgraded":1,"win_rate":0.0,"timestamp":1613313168,"path_taken":["M","M","?","?","$","E","R","E"],"items_purchased_type":["Card"],"build_version":"2020-12-22","purchased_purges":1,"victory":false,"max_hp_per_floor":[75,75,75,75,75,75,75,75,75],"card_choices":[{"not_picked":["Havoc","Heavy Blade"],"picked":"Iron Wave","floor":1.0},{"not_picked":["Pommel Strike","Shrug It Off"],"picked":"Hemokinesis","floor":2.0},{"not_picked":["Warcry","Perfected Strike"],"picked":"Second Wind","floor":4.0},{"not_picked":["Cleave","Reckless Charge"],"picked":"Inflame","floor":6}],"player_experience":2024702,"relics_obtained":[{"floor":6,"key":"Singing Bowl"}],"event_choices":[{"damage_healed":0.0,"max_hp_gain":0.0,"max_hp_loss":0.0,"gold_gain":0.0,"event_name":"Wheel of Change","player_choice":"Damaged","floor":3.0,"gold_loss":0.0,"damage_taken":11.0}],"is_beta":false,"boss_relics":[],"items_purged_floors":[5],"is_endless":false,"potions_floor_spawned":[1,4],"killed_by":"Lagavulin","ascension_level":20}}