{"host":"92wx9z21c4p52du4","time":1613331424,"event":{"mods":["Act Like it!","Bard","BaseMod","ChefMod","Elementarium","Evolution","GungeonMod","Hallownest","Infinite Spire","Minty Spire (QoL Compilation)","QueenMod","Relic Stats","Reliquary","StSLib","SuperFastMode","The Blue Laboratory","The Bug Knight","The Disciple","The Hierophant","The Runesmith","TheSurvivalist"],"gold_per_floor":[116,216,227,227,227,227,243,92,92,92,110,210,225,558,558,558,558],"floor_reached":16,"language":"ENG","playtime":620,"items_purged":["Regret"],"score":125,"play_id":"4182b071-756d-4a68-963f-768867fa0c67","local_time":"20210214133704","is_ascension_mode":false,"campfire_choices":[{"data":"QueenMod:Recruit","floor":6,"key":"SMITH"},{"data":"QueenMod:BirthingCells","floor":10,"key":"SMITH"},{"data":"QueenMod:FlankingStrike","floor":15,"key":"SMITH"}],"circlet_count":0,"master_deck":["QueenMod:PollenBlast","QueenMod:Strike","QueenMod:Strike","QueenMod:Strike","QueenMod:Defend","QueenMod:Defend","QueenMod:Defend","QueenMod:Defend","QueenMod:QuickJabs","QueenMod:Recruit+1","QueenMod:MilitaryHandbook","QueenMod:GatheringSwarm","QueenMod:GatheringSwarm","QueenMod:Fortify","QueenMod:BirthingCells+1","QueenMod:FlankingStrike+1","QueenMod:Feint","QueenMod:TortureDance"],"relics":["QueenMod:QueensBanner","EVO:Axolotl","reliquary:OuijaBoard","DemoMod:PoisonVial","infinitespire:BottledMercury","Old Coin"],"acts_visited":["Exordium"],"potions_floor_usage":[13],"damage_taken":[{"damage":6,"enemies":"Jaw Worm","floor":1,"turns":2},{"damage":7,"enemies":"Small Slimes","floor":3,"turns":4},{"damage":8,"enemies":"2 Louse","floor":7,"turns":3},{"damage":7,"enemies":"Looter","floor":11,"turns":3},{"damage":0,"enemies":"Red Slaver","floor":13,"turns":4},{"damage":0,"enemies":"HollowMod:MossKnight","floor":14,"turns":11},{"damage":49,"enemies":"Hexaghost","floor":16,"turns":13}],"seed_played":"-3686932735208700917","potions_obtained":[{"floor":7,"key":"DistilledChaos"},{"floor":13,"key":"blueLaboratory:HorrorPotion"}],"is_trial":false,"path_per_floor":["M","?","M","?","?","R","M","$","T","R","M","?","M","E","R","B"],"character_chosen":"THE_QUEEN","items_purchased":["QueenMod:BirthingCells"],"campfire_rested":0,"item_purchase_floors":[8],"current_hp_per_floor":[69,69,62,62,62,62,54,54,54,54,47,47,47,47,47,0,0],"gold":558,"neow_bonus":"ONE_RANDOM_RARE_CARD","is_daily":false,"chose_seed":false,"campfire_upgraded":3,"win_rate":0.0,"timestamp":1613331424,"path_taken":["M","?","M","?","?","R","M","$","T","R","M","?","M","E","R","BOSS"],"items_purchased_type":["Card"],"build_version":"2020-12-22","purchased_purges":1,"victory":false,"max_hp_per_floor":[75,75,75,75,75,75,75,75,75,75,75,75,75,75,75,75,75],"relic_stats":{"counters":[7,40],"obtain_stats":[{"reliquary:OuijaBoard":4,"infinitespire:BottledMercury":9,"DemoMod:PoisonVial":5,"QueenMod:QueensBanner":0,"DemoMod:GlassGuonStoneRelic":11,"EVO:Axolotl":0,"Old Coin":14},{"reliquary:OuijaBoard":2,"infinitespire:BottledMercury":3,"DemoMod:PoisonVial":2,"QueenMod:QueensBanner":0,"DemoMod:GlassGuonStoneRelic":4,"EVO:Axolotl":0,"Old Coin":6},{"reliquary:OuijaBoard":6,"infinitespire:BottledMercury":9,"DemoMod:PoisonVial":6,"QueenMod:QueensBanner":0,"DemoMod:GlassGuonStoneRelic":12,"EVO:Axolotl":0,"Old Coin":27}]},"card_choices":[{"not_picked":["QueenMod:Rally","QueenMod:AttackOrder"],"picked":"QueenMod:GatheringSwarm","floor":1},{"not_picked":["QueenMod:InspiringStrike","QueenMod:Flyby"],"picked":"QueenMod:GatheringSwarm","floor":2},{"not_picked":["QueenMod:OverwhelmingForce","QueenMod:Gather"],"picked":"QueenMod:Fortify","floor":3},{"not_picked":["QueenMod:SplitStrike","QueenMod:ChainStrike","QueenMod:HoneycombSmash"],"picked":"SKIP","floor":7},{"not_picked":["QueenMod:PollenBlast","QueenMod:HoldPosition"],"picked":"QueenMod:FlankingStrike","floor":11},{"not_picked":["QueenMod:Rally","QueenMod:AttackOrder"],"picked":"QueenMod:Feint","floor":13},{"not_picked":["QueenMod:HoneyTrap","QueenMod:Regroup"],"picked":"QueenMod:TortureDance","floor":14}],"player_experience":273788,"relics_obtained":[{"floor":5,"key":"DemoMod:PoisonVial"},{"floor":9,"key":"infinitespire:BottledMercury"},{"floor":14,"key":"Old Coin"}],"event_choices":[{"damage_healed":0,"gold_gain":0,"player_choice":"Box","damage_taken":0,"relics_obtained":["reliquary:OuijaBoard"],"max_hp_gain":0,"max_hp_loss":0,"event_name":"Big Fish","floor":4,"gold_loss":0,"cards_obtained":["Regret"]},{"damage_healed":0,"gold_gain":100,"player_choice":"Gold","damage_taken":0,"max_hp_gain":0,"max_hp_loss":0,"event_name":"Wheel of Change","floor":12,"gold_loss":0}],"is_beta":false,"boss_relics":[],"items_purged_floors":[8],"is_endless":false,"potions_floor_spawned":[7,13],"killed_by":"Hexaghost","ascension_level":0}}