{"host":"fbtt2xdrd49xyqed","time":1613339846,"event":{"mods":["Act Like it!","BaseMod","Gensokyo","Koishi","Marisa£®ÏF”Í°°ƒß¿Ì…≥£©","Minty Spire (QoL Compilation)","Remilia£®¿Ÿ√◊¿Ú—«£©","StSLib","The Servant 0.9.4"],"gold_per_floor":[110,122,149,162,5,5,16,16,43,58,58,58,284,309,309,408,408,426,386,95,113,113,147,147,347,347],"floor_reached":25,"language":"ZHS","playtime":1100,"items_purged":[],"score":257,"play_id":"7348e844-066f-4677-9da1-2f8ac7c10f8c","local_time":"20210215055726","is_ascension_mode":true,"campfire_choices":[{"data":"Koishi:HeartStoppingHorror","floor":6,"key":"SMITH"},{"floor":15,"key":"REST"},{"data":"Koishi:HauntingSlash","floor":24,"key":"SMITH"}],"circlet_count":0,"master_deck":["Koishi:BasicStrike","Koishi:BasicStrike","Koishi:BasicStrike","Koishi:BasicStrike","Koishi:BasicDefend","Koishi:BasicDefend","Koishi:BasicDefend","Koishi:BasicDefend","Koishi:Provoke","Koishi:HauntingSlash+1","Koishi:HeartStoppingHorror+1","Koishi:FourthEye","Koishi:StingingMind","Koishi:JumpScare","Koishi:RacingHeart+1","Koishi:RuptureMind","Koishi:DNAsFlaw+1","Gensokyo:BlemishedSteel","Koishi:UnconsciousUrges"],"relics":["Koishi:ImaginaryFriend","Happy Flower","Gensokyo:Mercy","Oddly Smooth Stone","Omamori","WingedGreaves","Pocketwatch","Potion Belt","SacredBark","TheAbacus","Dream Catcher","Koishi:AHoleWhereASisterShouldBe","Frozen Eye"],"acts_visited":["Gensokyo:Gensokyo","Gensokyo:Gensokyoer"],"potions_floor_usage":[7,13,23,25],"damage_taken":[{"damage":3,"enemies":"Gensokyo:Gryphon","floor":1,"turns":5},{"damage":4,"enemies":"Gensokyo:3_Fairies","floor":2,"turns":5},{"damage":12,"enemies":"Gensokyo:Python","floor":4,"turns":4},{"damage":15,"enemies":"Gensokyo:5_Fairies","floor":7,"turns":7},{"damage":7,"enemies":"Gensokyo:Python_and_Kodama","floor":10,"turns":8},{"damage":20,"enemies":"Gensokyo:Aya","floor":13,"turns":8},{"damage":14,"enemies":"Gensokyo:Mamizou","floor":14,"turns":6},{"damage":6,"enemies":"Gensokyo:Kokoro","floor":16,"turns":11},{"damage":5,"enemies":"Gensokyo:Chomper","floor":18,"turns":5},{"damage":20,"enemies":"Gensokyo:2_Gloops","floor":21,"turns":7},{"damage":42,"enemies":"Gensokyo:Koishi","floor":23,"turns":9},{"damage":45,"enemies":"Gensokyo:Tenshi","floor":25,"turns":3}],"seed_played":"3464258869605835696","potions_obtained":[{"floor":4,"key":"Fire Potion"},{"floor":10,"key":"Fire Potion"},{"floor":16,"key":"Swift Potion"},{"floor":18,"key":"ColorlessPotion"}],"is_trial":false,"path_per_floor":["M","M","T","M","COS","R","M","?","T","M","$","?","E","E","R","B",null,"M","?","COS","M","?","E","R","E"],"character_chosen":"KOISHI","items_purchased":[],"campfire_rested":1,"item_purchase_floors":[],"current_hp_per_floor":[53,51,51,42,42,42,29,29,29,26,26,31,18,24,41,59,59,59,59,59,56,56,34,34,0,0],"gold":347,"neow_bonus":"THREE_RARE_CARDS","is_daily":false,"chose_seed":false,"campfire_upgraded":2,"win_rate":0.0,"timestamp":1613339846,"path_taken":["M","M","?","M","COS","R","M","?","T","?","$","?","E","E","R","BOSS","M","?","COS","M","?","E","R","E"],"items_purchased_type":[],"build_version":"2020-12-22","purchased_purges":0,"victory":false,"max_hp_per_floor":[54,54,54,54,54,54,54,54,54,54,54,59,59,59,59,59,59,59,59,59,59,59,59,59,59,59],"card_choices":[{"not_picked":["Koishi:FormlessExistence","Koishi:GrowingPain"],"picked":"Koishi:HeartStoppingHorror","floor":0},{"not_picked":["Koishi:UnansweredLove","Koishi:UnseenTerror"],"picked":"Koishi:DreadfulBlow","floor":1},{"not_picked":["Koishi:Possession","Koishi:SubconsciousSweep","Koishi:FourthEye"],"picked":"SKIP","floor":2},{"not_picked":["Koishi:Possession","Koishi:SubconsciousSweep"],"picked":"Koishi:FourthEye","floor":2},{"not_picked":["Koishi:Prune","Koishi:ApparitionsStalkTheNight","Koishi:FourthEye"],"picked":"SKIP","floor":4},{"not_picked":["Koishi:SubconsciousSweep","Koishi:ReflexRadar","Koishi:HeartfeltFancy"],"picked":"SKIP","floor":7},{"not_picked":["Koishi:FleetingPhantom","Koishi:SprinkleStarAndHeart"],"picked":"Koishi:StingingMind","floor":10},{"not_picked":["Koishi:FormlessExistence","Koishi:ReleaseOfTheId"],"picked":"Koishi:JumpScare","floor":13},{"not_picked":["Koishi:FourthEye","Koishi:PhantomBarrier"],"picked":"Koishi:RacingHeart","floor":14},{"not_picked":["Koishi:FormlessExistence","Koishi:RollingInRichesHeart"],"picked":"Koishi:RuptureMind","floor":16},{"not_picked":["Koishi:DreadfulBlow","Koishi:HeartfeltFancy"],"picked":"Koishi:DNAsFlaw+1","floor":18},{"not_picked":["Koishi:UnansweredLove","Koishi:HeartfeltFancy","Koishi:DreadfulBlow+1"],"picked":"SKIP","floor":21},{"not_picked":["Koishi:GeneticsOfTheUnconscious","Koishi:DreadfulBlow"],"picked":"Koishi:UnconsciousUrges","floor":23}],"player_experience":748834,"relics_obtained":[{"floor":3,"key":"Happy Flower"},{"floor":9,"key":"Oddly Smooth Stone"},{"floor":13,"key":"WingedGreaves"},{"floor":14,"key":"Potion Belt"},{"floor":23,"key":"Koishi:AHoleWhereASisterShouldBe"}],"event_choices":[],"is_beta":false,"boss_relics":[{"not_picked":["Ectoplasm","Fusion Hammer"],"picked":"SacredBark"}],"items_purged_floors":[],"is_endless":false,"potions_floor_spawned":[4,10,16,18],"killed_by":"Gensokyo:Tenshi","ascension_level":3}}