{"host":"as9fo7ctujj2pdsp","time":1613298632,"event":{"mods":["BaseMod","Downfall","Gremlin Mod","Marisa（霧雨　魔理沙）","Minty Spire (QoL Compilation)","StSLib","The Cursed","The Judge","The Senshi","The Servant 0.9.4"],"gold_per_floor":[99,112,126,144,144,154,154,179,179,196,228,228,228,246,262,362,362,362,362,272,285,93,93,120,130,130,130,147,180,180,212,227,329,329,329,341,341,356,381,415,415,431,156,156,173,173,173,173,189,189],"floor_reached":51,"language":"ENG","playtime":5245,"items_purged":["Regret","Parasite"],"score":727,"play_id":"df8694b4-70ad-499b-bd59-ef283a9b4652","local_time":"20210214233032","is_ascension_mode":false,"campfire_choices":[{"data":"Slimebound:Split","floor":1.0,"key":"SMITH"},{"data":"Slimebound:SelfFormingGoo","floor":13.0,"key":"SMITH"},{"data":"Slimebound:MassRepurpose","floor":18.0,"key":"SMITH"},{"data":"Slimebound:PrepareCrush","floor":23.0,"key":"SMITH"},{"data":"Slimebound:PrepareCrush","floor":30.0,"key":"SMITH"},{"data":"Slimebound:MassFeed","floor":35.0,"key":"SMITH"},{"data":"Slimebound:MassRepurpose","floor":44.0,"key":"SMITH"},{"data":"Slimebound:WasteNot","floor":47.0,"key":"SMITH"}],"circlet_count":0,"master_deck":["Slimebound:Tackle","Slimebound:Defend_Slimebound+1","Slimebound:Defend_Slimebound+1","Slimebound:Defend_Slimebound+1","Slimebound:Split+1","Slimebound:CorrosiveSpit","Slimebound:PressTheAttack","Slimebound:SplitLeeching","Slimebound:LevelUp","Slimebound:SplitAcid","Slimebound:SelfFormingGoo+1","Slimebound:LevelUp","Slimebound:PrepareCrush+1","Slimebound:PrepareCrush+1","Slimebound:MassRepurpose+1","Slimebound:SplitLeeching","Slimebound:SplitBruiser+1","expansioncontent:QuickStudy","Slimebound:Tackle+1","Slimebound:Tackle+1","Slimebound:Tackle+1","Slimebound:Nibble","Slimebound:MassRepurpose+1","Slimebound:SamplingLick+1","Slimebound:MassFeed+1","Slimebound:SplitMire+1","Slimebound:SlimeTap+1","Slimebound:Repurpose+1","Slimebound:HauntingLick+1","Slimebound:SelfFormingGoo+1","Slimebound:WasteNot+1","Wraith","Slimebound:GoopSpray+1"],"relics":["Slimebound:AbsorbEndCombat","CaptainsWheel","Lizard Tail","Blue Candle","Calipers","Bottled Flame","SlaversCollar","Ginger","Anchor","bronze:MakeshiftBattery","Potion Belt","Dead Branch","Smiling Mask","HornCleat","DollysMirror","Bag of Preparation"],"acts_visited":["Exordium","TheCity","TheBeyond"],"potions_floor_usage":[],"damage_taken":[{"damage":12.0,"enemies":"Small Slimes","floor":2.0,"turns":4.0},{"damage":0.0,"enemies":"Jaw Worm","floor":3.0,"turns":4.0},{"damage":0.0,"enemies":"2 Louse","floor":4.0,"turns":2.0},{"damage":2.0,"enemies":"Blue Slaver","floor":6.0,"turns":4.0},{"damage":8.0,"enemies":"Gremlin Nob","floor":8.0,"turns":4.0},{"damage":1.0,"enemies":"3 Louse","floor":10.0,"turns":4.0},{"damage":37.0,"enemies":"3 Sentries","floor":11.0,"turns":7.0},{"damage":3.0,"enemies":"2 Fungi Beasts","floor":14.0,"turns":4.0},{"damage":24.0,"enemies":"Exordium Thugs","floor":15.0,"turns":4.0},{"damage":26.0,"enemies":"WA_ARCHETYPE_RETAIN","floor":16.0,"turns":8.0},{"damage":1.0,"enemies":"downfall:FleeingMerchant","floor":20.0,"turns":4.0},{"damage":1.0,"enemies":"Chosen","floor":21.0,"turns":5.0},{"damage":7.0,"enemies":"downfall:FleeingMerchant","floor":22.0,"turns":4.0},{"damage":2.0,"enemies":"Spheric Guardian","floor":25.0,"turns":5.0},{"damage":24.0,"enemies":"Shelled Parasite and Fungi","floor":28.0,"turns":4.0},{"damage":7.0,"enemies":"Book of Stabbing","floor":29.0,"turns":4.0},{"damage":21.0,"enemies":"Gremlin Leader","floor":31.0,"turns":4.0},{"damage":11.0,"enemies":"Snake Plant","floor":32.0,"turns":2.0},{"damage":39.0,"enemies":"SI_MIRROR_ARCHETYPE","floor":33.0,"turns":7.0},{"damage":0.0,"enemies":"Orb Walker","floor":36.0,"turns":3.0},{"damage":28.0,"enemies":"3 Darklings","floor":38.0,"turns":7.0},{"damage":23.0,"enemies":"Reptomancer","floor":40.0,"turns":6.0},{"damage":0.0,"enemies":"Jaw Worm Horde","floor":42.0,"turns":3.0},{"damage":18.0,"enemies":"downfall:FleeingMerchant","floor":43.0,"turns":4.0},{"damage":0.0,"enemies":"Maw","floor":45.0,"turns":6.0},{"damage":1,"enemies":"4 Shapes","floor":49,"turns":3},{"damage":13,"enemies":"DF_ARCHETYPE_ORBS","floor":50,"turns":5}],"seed_played":"-1862379019313299992","potions_obtained":[{"floor":2.0,"key":"SteroidPotion"},{"floor":11.0,"key":"Guardian:BlockOnCardUsePotion"},{"floor":15.0,"key":"Slimebound:ThreeZeroPotion"},{"floor":16.0,"key":"Regen Potion"},{"floor":25.0,"key":"Explosive Potion"},{"floor":32.0,"key":"champ:CounterPotion"},{"floor":36.0,"key":"bronze:BurnAndBuffPotion"},{"floor":38.0,"key":"SkillPotion"}],"is_trial":false,"path_per_floor":["R","M","M","M","?","M","T","E","?","M","E","?","R","M","M","B",null,"R","?","$","M","$","R","T","M","?","?","M","E","R","E","M","B",null,"R","M","?","M","T","E","T","M","$","R","M","?","R","?","M","B",null],"character_chosen":"SLIMEBOUND","items_purchased":["expansioncontent:QuickStudy","HornCleat","DollysMirror","Bag of Preparation"],"campfire_rested":0,"item_purchase_floors":[22,43,43,43],"current_hp_per_floor":[71,63,69,71,68,68,68,64,64,67,30,47,47,44,20,2,71,71,71,70,70,63,63,63,61,61,61,37,44,44,27,20,23,71,71,71,71,51,51,34,34,50,40,40,48,48,48,48,71,66],"gold":189,"neow_bonus":"TEN_PERCENT_HP_BONUS","is_daily":false,"chose_seed":false,"campfire_upgraded":8,"win_rate":0.0,"timestamp":1613298632,"path_taken":["R","M","M","M","?","M","T","E","?","M","E","?","R","M","M","BOSS","R","?","$","M","$","R","T","M","?","?","M","E","R","E","M","BOSS","R","M","?","M","?","E","T","M","?","R","?","?","R","?","M","BOSS"],"items_purchased_type":["Card","Relic","Relic","Relic"],"build_version":"2020-12-22","purchased_purges":2,"victory":true,"max_hp_per_floor":[71,71,71,71,71,71,71,71,71,71,71,71,71,71,71,71,71,71,71,71,71,71,71,71,71,71,71,71,71,71,71,71,71,71,71,71,71,75,75,75,75,87,84,84,84,84,84,84,100,100],"card_choices":[{"not_picked":["Slimebound:GrowthPunch","Slimebound:RollThrough"],"picked":"Slimebound:PressTheAttack","floor":2.0},{"not_picked":["Slimebound:FinishingTackle","Slimebound:TongueLash"],"picked":"Slimebound:SplitLeeching","floor":3.0},{"not_picked":["Slimebound:Schlurp","Slimebound:Prepare"],"picked":"Slimebound:LevelUp","floor":4.0},{"not_picked":["Slimebound:Equalize","Slimebound:SlimeBrawl"],"picked":"Slimebound:SplitAcid","floor":6.0},{"not_picked":["Slimebound:SlimeSpikes","Slimebound:GoopTackle"],"picked":"Slimebound:SelfFormingGoo","floor":8.0},{"not_picked":["Slimebound:Prepare","Slimebound:RollThrough"],"picked":"Slimebound:LevelUp","floor":10.0},{"not_picked":["Slimebound:LivingWall","Slimebound:LeechingTouch"],"picked":"Slimebound:PrepareCrush","floor":11.0},{"not_picked":["Slimebound:HauntingLick","Slimebound:GoopSpray","Slimebound:FinishingTackle"],"picked":"SKIP","floor":14.0},{"not_picked":["Slimebound:Prepare","Slimebound:SamplingLick"],"picked":"Slimebound:PrepareCrush","floor":15.0},{"not_picked":["Slimebound:RallyTheTroops","Slimebound:SlimeSlap"],"picked":"Slimebound:MassRepurpose","floor":16.0},{"not_picked":["Slimebound:HauntingLick","Slimebound:Prepare"],"picked":"Slimebound:SplitLeeching","floor":20.0},{"not_picked":["Slimebound:HauntingLick","Slimebound:FinishingTackle"],"picked":"Slimebound:SplitBruiser+1","floor":21.0},{"not_picked":["Slimebound:FinishingTackle+1","Slimebound:SplitBruiser","Slimebound:SplitAcid"],"picked":"SKIP","floor":22.0},{"not_picked":["Slimebound:BestDefense","Slimebound:SlimeBarrage","Slimebound:SlimeSpikes"],"picked":"SKIP","floor":25.0},{"not_picked":["Slimebound:RejuvenatingLick","Slimebound:ForwardTackle"],"picked":"Slimebound:Nibble","floor":28.0},{"not_picked":["Slimebound:RollThrough","Slimebound:AcidTongue"],"picked":"Slimebound:MassRepurpose","floor":29.0},{"not_picked":["Slimebound:Teamwork","Slimebound:RollThrough"],"picked":"Slimebound:SamplingLick+1","floor":31.0},{"not_picked":["Slimebound:LivingWall","Slimebound:FinishingTackle","Slimebound:GoopTackle"],"picked":"SKIP","floor":32.0},{"not_picked":["Slimebound:LeechLife","Slimebound:OozeBath"],"picked":"Slimebound:MassFeed","floor":33.0},{"not_picked":["Slimebound:Schlurp+1","Slimebound:TongueLash"],"picked":"Slimebound:SplitMire+1","floor":36.0},{"not_picked":["Slimebound:FinishingTackle+1","Slimebound:LeadByExample"],"picked":"Slimebound:SlimeTap+1","floor":38.0},{"not_picked":["Slimebound:RejuvenatingLick","Slimebound:PrepareCrush"],"picked":"Slimebound:Repurpose+1","floor":40.0},{"not_picked":["Slimebound:LevelUp","Slimebound:ItLooksTasty","Slimebound:SlimeBrawl"],"picked":"SKIP","floor":42.0},{"not_picked":["Slimebound:Chomp+1","Slimebound:LeechEnergy+1"],"picked":"Slimebound:HauntingLick+1","floor":43.0},{"not_picked":["Slimebound:FinishingTackle","Slimebound:LeechEnergy+1"],"picked":"Slimebound:WasteNot","floor":45.0},{"not_picked":["Slimebound:ComboTackle","Slimebound:Schlurp+1"],"picked":"Slimebound:GoopSpray+1","floor":49}],"player_experience":201887,"relics_obtained":[{"floor":7.0,"key":"Lizard Tail"},{"floor":8.0,"key":"Blue Candle"},{"floor":11.0,"key":"Bottled Flame"},{"floor":29.0,"key":"Ginger"},{"floor":31.0,"key":"Anchor"},{"floor":39.0,"key":"Potion Belt"},{"floor":40.0,"key":"Dead Branch"},{"floor":41.0,"key":"Smiling Mask"}],"event_choices":[{"damage_healed":0.0,"max_hp_gain":0.0,"max_hp_loss":0.0,"gold_gain":0.0,"event_name":"Scrap Ooze","player_choice":"Success","floor":5.0,"gold_loss":0.0,"damage_taken":3.0,"relics_obtained":["CaptainsWheel"]},{"damage_healed":0.0,"max_hp_gain":0.0,"max_hp_loss":0.0,"gold_gain":0.0,"event_name":"Big Fish","player_choice":"Box","floor":9.0,"gold_loss":0.0,"damage_taken":0.0,"relics_obtained":["Calipers"],"cards_obtained":["Regret"]},{"damage_healed":17.0,"max_hp_gain":0.0,"max_hp_loss":0.0,"gold_gain":0.0,"event_name":"Mushrooms","player_choice":"Healed and dodged fight","floor":12.0,"gold_loss":0.0,"damage_taken":0.0,"cards_obtained":["Parasite"]},{"cards_removed":["Slimebound:Defend_Slimebound"],"damage_healed":0.0,"max_hp_gain":0.0,"max_hp_loss":0.0,"gold_gain":0.0,"event_name":"Falling","player_choice":"Removed Skill","floor":37.0,"gold_loss":0.0,"damage_taken":0.0},{"damage_healed":0.0,"max_hp_gain":0.0,"max_hp_loss":0.0,"gold_gain":0.0,"event_name":"OrinTheCat","player_choice":"Ignored","floor":48.0,"gold_loss":0.0,"damage_taken":0.0}],"is_beta":false,"boss_relics":[{"not_picked":["Runic Dome","Tiny House"],"picked":"SlaversCollar"},{"not_picked":["Fusion Hammer","Empty Cage"],"picked":"bronze:MakeshiftBattery"}],"items_purged_floors":[20,43],"is_endless":false,"potions_floor_spawned":[2,11,15,16,25,28,32,36,38],"ascension_level":0}}