{"host":"8yg5xi2a6w9qkgsw","time":1613319888,"event":{"mods":["AchievementEnabler","BaseMod","Block Reminder","Colored Powertips","Minty Spire (QoL Compilation)","MonsterHotkey","Random Character Button","Relic Stats"],"gold_per_floor":[119,119,134,209,159,192,203,237,262,262,262,288,307,307,307,383,383,397,411,611,56,56,56],"floor_reached":22,"language":"ENG","playtime":2139,"items_purged":["Strike_R"],"score":400,"play_id":"b319e851-8351-42ce-84f3-f7a7c1a4028c","local_time":"20210214172448","is_ascension_mode":true,"campfire_choices":[{"data":"Limit Break","floor":10,"key":"SMITH"},{"data":"Inflame","floor":15,"key":"SMITH"}],"circlet_count":0,"master_deck":["AscendersBane","Strike_R","Strike_R","Strike_R","Defend_R","Defend_R","Defend_R","Defend_R","Bash","Disarm+1","Inflame+1","Pummel","Limit Break+1","Flex","True Grit","Feed","Spot Weakness","Limit Break"],"relics":["Burning Blood","NeowsBlessing","Akabeko","Boot","MealTicket","Meat on the Bone","Question Card","SacredBark","Pear"],"acts_visited":["Exordium","TheCity"],"potions_floor_usage":[13,18,22],"damage_taken":[{"damage":0,"enemies":"2 Louse","floor":1,"turns":1},{"damage":0,"enemies":"Jaw Worm","floor":3,"turns":1},{"damage":0,"enemies":"Lagavulin","floor":6,"turns":1},{"damage":2,"enemies":"Small Slimes","floor":7,"turns":4},{"damage":34,"enemies":"Gremlin Nob","floor":8,"turns":5},{"damage":27,"enemies":"Lagavulin","floor":12,"turns":8},{"damage":1,"enemies":"3 Louse","floor":13,"turns":3},{"damage":20,"enemies":"Slime Boss","floor":16,"turns":8},{"damage":28,"enemies":"2 Thieves","floor":18,"turns":5},{"damage":11,"enemies":"Chosen","floor":19,"turns":4},{"damage":89,"enemies":"3 Cultists","floor":22,"turns":6}],"seed_played":"9207387332340106017","potions_obtained":[{"floor":1,"key":"Swift Potion"},{"floor":3,"key":"Explosive Potion"},{"floor":16,"key":"LiquidBronze"}],"is_trial":false,"path_per_floor":["M","?","M","?","?","E","M","E","T","R","T","E","M","?","R","B",null,"M","M","?","$","M"],"character_chosen":"IRONCLAD","items_purchased":["Limit Break","Pear","DuplicationPotion"],"campfire_rested":0,"item_purchase_floors":[21,21,21],"current_hp_per_floor":[78,78,80,69,69,75,79,51,51,51,51,42,47,47,47,45,71,52,50,50,75,0,0],"gold":56,"neow_bonus":"THREE_ENEMY_KILL","is_daily":false,"chose_seed":false,"campfire_upgraded":2,"win_rate":0.0,"timestamp":1613319888,"path_taken":["M","?","M","?","?","E","M","E","T","R","?","E","M","?","R","BOSS","M","M","?","$","?"],"items_purchased_type":["Card","Relic","Potion"],"build_version":"2020-12-22","purchased_purges":1,"victory":false,"max_hp_per_floor":[80,80,80,80,80,80,80,80,80,80,80,80,80,80,80,80,80,83,86,86,96,99,99],"relic_stats":{"counters":[11,46],"MealTicket":15,"Boot":[0],"Question Card":4,"obtain_stats":[{"Pear":21,"NeowsBlessing":0,"SacredBark":17,"MealTicket":9,"Boot":8,"Question Card":12,"Burning Blood":0,"Akabeko":6,"Meat on the Bone":11},{"Pear":10,"NeowsBlessing":0,"SacredBark":8,"MealTicket":5,"Boot":5,"Question Card":6,"Burning Blood":0,"Akabeko":3,"Meat on the Bone":5},{"Pear":40,"NeowsBlessing":0,"SacredBark":31,"MealTicket":12,"Boot":12,"Question Card":20,"Burning Blood":0,"Akabeko":3,"Meat on the Bone":12}],"Burning Blood":56,"Meat on the Bone":24},"card_choices":[{"not_picked":["Inflame","Infernal Blade"],"picked":"Disarm","floor":1},{"not_picked":["Wild Strike","Infernal Blade"],"picked":"Inflame","floor":3},{"not_picked":["Armaments","True Grit","Warcry"],"picked":"SKIP","floor":6},{"not_picked":["Twin Strike","Pommel Strike"],"picked":"Pummel","floor":7},{"not_picked":["Whirlwind","Blood for Blood"],"picked":"Limit Break","floor":8},{"not_picked":["Cleave","Ghostly Armor"],"picked":"Flex","floor":12},{"not_picked":["Twin Strike","Fire Breathing","Cleave"],"picked":"True Grit","floor":13},{"not_picked":["Barricade","Demon Form","Corruption"],"picked":"Feed","floor":16},{"not_picked":["Clash","Rage+1","Rampage"],"picked":"Spot Weakness","floor":18},{"not_picked":["Second Wind","Entrench","Flex","Twin Strike+1"],"picked":"SKIP","floor":19}],"player_experience":1508731,"relics_obtained":[{"floor":6,"key":"Akabeko"},{"floor":8,"key":"Boot"},{"floor":9,"key":"MealTicket"},{"floor":11,"key":"Meat on the Bone"},{"floor":12,"key":"Question Card"}],"event_choices":[{"damage_healed":0,"gold_gain":0,"player_choice":"Grow","damage_taken":0,"max_hp_gain":0,"max_hp_loss":0,"event_name":"Living Wall","floor":2,"gold_loss":0,"cards_upgraded":["Disarm"]},{"damage_healed":0,"gold_gain":75,"player_choice":"Gather Gold","damage_taken":11,"max_hp_gain":0,"max_hp_loss":0,"event_name":"World of Goop","floor":4,"gold_loss":0},{"cards_removed":["Strike_R"],"damage_healed":0,"gold_gain":0,"player_choice":"Card Removal","damage_taken":0,"max_hp_gain":0,"max_hp_loss":0,"event_name":"The Cleric","floor":5,"gold_loss":50},{"damage_healed":0,"gold_gain":0,"player_choice":"Ignored","damage_taken":0,"max_hp_gain":0,"max_hp_loss":0,"event_name":"Liars Game","floor":14,"gold_loss":0},{"damage_healed":0,"gold_gain":250,"player_choice":"Bet on Owner","damage_taken":0,"max_hp_gain":0,"max_hp_loss":0,"event_name":"The Joust","floor":20,"gold_loss":50}],"is_beta":false,"boss_relics":[{"not_picked":["Tiny House","Busted Crown"],"picked":"SacredBark"}],"items_purged_floors":[21],"is_endless":false,"potions_floor_spawned":[1,3,12,16],"killed_by":"3 Cultists","ascension_level":13}}