{"host":"i6fsgsx2qwsg1do0","time":1613340169,"event":{"mods":["AchievementEnabler","BaseMod","Colored Powertips","Conspire","Curses Come First","Downfall","Hubris","Infinite Spire","Minty Spire (QoL Compilation)","Quick Restart","Replay The Spire","Spicy Shops","StSLib","slay the spire mod where everything is the same but ironclad has a cowboy hat"],"gold_per_floor":[111,124,210,220,220,254,254,274,356,381,397,397,59,78,78,78,78],"floor_reached":16,"language":"ENG","playtime":958,"items_purged":["Writhe"],"score":157,"play_id":"1007a133-ac4d-48c7-8d99-1aa13bfc6919","local_time":"20210214170249","is_ascension_mode":true,"campfire_choices":[{"data":"After Image","floor":7,"key":"SMITH"},{"floor":15,"key":"REST"}],"circlet_count":0,"master_deck":["Strike_G","Strike_G","Strike_G","Strike_G","Strike_G","Defend_G","Defend_G","Defend_G","Defend_G","Defend_G","Survivor","Neutralize","Blade Dance","Replay:Poison Smokescreen+1","PiercingWail","Hidden Blade","After Image+1","Catalyst","Catalyst","Feel No Pain","Well Laid Plans","Defy Death"],"relics":["Ring of the Snake","NeowsBlessing","Bag of Preparation","infinitespire:Lucky Rock","hubris:DisguiseKit","Paper Crane","HandDrill"],"acts_visited":["Exordium"],"potions_floor_usage":[6,6,14,16],"damage_taken":[{"damage":0,"enemies":"Small Slimes","floor":1,"turns":1},{"damage":0,"enemies":"Jaw Worm","floor":2,"turns":1},{"damage":0,"enemies":"conspire:RoseBush","floor":4,"turns":1},{"damage":31,"enemies":"3 Sentries","floor":6,"turns":10},{"damage":11,"enemies":"conspire:2 RoseBushes","floor":8,"turns":6},{"damage":5,"enemies":"Replay:BlueRogue","floor":10,"turns":7},{"damage":2,"enemies":"Blue Slaver","floor":11,"turns":4},{"damage":5,"enemies":"Lots of Slimes","floor":14,"turns":6},{"damage":40,"enemies":"Fading Forest","floor":16,"turns":7}],"seed_played":"6086452127849869913","potions_obtained":[{"floor":1,"key":"DistilledChaos"},{"floor":3,"key":"Death Potion"},{"floor":3,"key":"AttackPotion"},{"floor":6,"key":"Ancient Potion"},{"floor":11,"key":"champ:CounterPotion"}],"is_trial":false,"path_per_floor":["M","M","?","M","?","E","R","M","T","E","M","T","$","M","R","B"],"character_chosen":"THE_SILENT","items_purchased":["HandDrill","Well Laid Plans"],"campfire_rested":1,"item_purchase_floors":[13,13],"current_hp_per_floor":[63,63,63,63,63,32,32,21,21,16,14,14,14,9,30,0,0],"gold":78,"neow_bonus":"THREE_ENEMY_KILL","is_daily":false,"chose_seed":false,"campfire_upgraded":1,"win_rate":0.0,"timestamp":1613340169,"path_taken":["M","M","?","M","?","E","R","M","T","E","M","?","$","M","R","BOSS"],"items_purchased_type":["Relic","Card"],"build_version":"2020-12-22","purchased_purges":1,"victory":false,"max_hp_per_floor":[70,70,70,70,70,70,70,70,70,70,70,70,70,70,70,70,70],"card_choices":[{"not_picked":["Riddle With Holes","Hidden Blade"],"picked":"Blade Dance","floor":1},{"not_picked":["Endless Agony","conspire:PoisonWeapons"],"picked":"Replay:Poison Smokescreen","floor":2},{"not_picked":["Deflect","hubris:Sniper"],"picked":"PiercingWail","floor":3},{"not_picked":["Bane","Dagger Throw"],"picked":"Hidden Blade","floor":4},{"not_picked":["Phantasmal Killer","Prepared"],"picked":"After Image","floor":6},{"not_picked":["Sucker Punch","Acrobatics"],"picked":"Catalyst","floor":8},{"not_picked":["Cloak And Dagger","Sucker Punch","Body Slam"],"picked":"Catalyst","floor":10},{"not_picked":["Underhanded Strike","Bane","Sucker Punch"],"picked":"Feel No Pain","floor":11},{"not_picked":["Hidden Blade","Bane","ReplayTheSpireMod:Exploit Weakness"],"picked":"Defy Death","floor":14}],"player_experience":365140,"relics_obtained":[{"floor":3,"key":"Bag of Preparation"},{"floor":6,"key":"infinitespire:Lucky Rock"},{"floor":9,"key":"hubris:DisguiseKit"},{"floor":10,"key":"Paper Crane"}],"event_choices":[],"is_beta":false,"boss_relics":[],"items_purged_floors":[13],"is_endless":false,"potions_floor_spawned":[1,6,11],"killed_by":"Fading Forest","ascension_level":8}}