{"host":"wqsqub3crsxqknzv","time":1613324879,"event":{"mods":["BaseMod","Colored Powertips","Lobotomy","LobotomyExtend","Minty Spire (QoL Compilation)","StSLib"],"gold_per_floor":[20,40,40,59,234,234,159,234,234,184,184,37,48,48,48,144,144,161,61,11,11,28,28,48,48,48,59,59,79,97,97,97,197,197,215,215,215,215,225,259,59,93,93,93,93,116,127,146,146,146,146],"floor_reached":52,"playtime":1360,"items_purged":["Doubt","SpecialBullet","QueenOfHatred"],"score":848,"play_id":"b06ee11d-3bff-457e-b3d0-8c558f3c7366","local_time":"20210214194759","is_ascension_mode":false,"campfire_choices":[{"data":"Moonlight","floor":6.0,"key":"SMITH"}],"circlet_count":0,"master_deck":["BodiesMountain","LongBird","SpecialBullet","SpecialBullet","SpecialBullet","SpecialBullet","SpecialBullet","SecurityCode","RecordCode","DisciplinaryCode","Heaven","Moonlight+1","HereticApostle","WristCuter","CENSORED_ego","Scorched","Hornet","Twilight+1","Lamp+2","GoldRush","Madness","Madness","Reverberation+1","Diffraction+1","WhiteNight"],"relics":["CogitoBucket","RabbitCall","Gambling Chip","LetterFromLob","Mercury Hourglass","Ginger","Busted Crown","TreeSap","Question Card","Justitia_r","HellTrain","Bird Faced Urn","InTheNameOfLoveAndHate_r","Fusion Hammer","TheSmile_r","Molten Egg 2","Lizard Tail","HornCleat","MealTicket","FleshIdol","AtMidnight"],"acts_visited":["Exordium","TheCity","TheBeyond"],"potions_floor_usage":[],"damage_taken":[{"damage":6.0,"enemies":"Cultist","floor":1.0,"turns":3.0},{"damage":0.0,"enemies":"Small Slimes","floor":2.0,"turns":2.0},{"damage":0.0,"enemies":"Jaw Worm","floor":4.0,"turns":2.0},{"damage":6.0,"enemies":"3 Louse","floor":13.0,"turns":2.0},{"damage":8.0,"enemies":"Slime Boss","floor":16.0,"turns":7.0},{"damage":0.0,"enemies":"3 Byrds","floor":18.0,"turns":1.0},{"damage":4.0,"enemies":"Shell Parasite","floor":22.0,"turns":3.0},{"damage":6.0,"enemies":"Centurion and Healer","floor":24.0,"turns":3.0},{"damage":9.0,"enemies":"Snake Plant","floor":27.0,"turns":3.0},{"damage":30.0,"enemies":"Snecko","floor":29.0,"turns":3.0},{"damage":0.0,"enemies":"Centurion and Healer","floor":30.0,"turns":2.0},{"damage":58.0,"enemies":"Champ","floor":33.0,"turns":9.0},{"damage":27.0,"enemies":"3 Shapes","floor":35.0,"turns":2.0},{"damage":27.0,"enemies":"3 Darklings","floor":39.0,"turns":3.0},{"damage":7.0,"enemies":"Giant Head","floor":40.0,"turns":4.0},{"damage":9.0,"enemies":"Reptomancer","floor":42.0,"turns":3.0},{"damage":8.0,"enemies":"Transient","floor":47.0,"turns":4.0},{"damage":2.0,"enemies":"Sphere and 2 Shapes","floor":48.0,"turns":3.0},{"damage":3.0,"enemies":"Donu and Deca","floor":50.0,"turns":5.0},{"damage":34.0,"enemies":"Malkuth","floor":51.0,"turns":4.0},{"damage":85.0,"enemies":"Yesod","floor":51.0,"turns":5.0},{"damage":82,"enemies":"Chesed","floor":52,"turns":3}],"seed_played":"3997413262832139987","potions_obtained":[{"floor":1.0,"key":"GamblersBrew"},{"floor":24.0,"key":"Fruit Juice"},{"floor":27.0,"key":"Fruit Juice"},{"floor":33.0,"key":"Weak Potion"},{"floor":35.0,"key":"FairyPotion"},{"floor":48.0,"key":"SmokeBomb"}],"is_trial":false,"path_per_floor":["M","M","?","M","?","R","$","?","T","?","R","$","M","T","R","B",null,"M","$","?","$","M","R","M","R","T","M","?","M","M","?","R","B",null,"M","?","?","?","M","E","$","E","T","R","$","T","M","M","R","B",null,null,null],"character_chosen":"Angela","items_purchased":["CENSORED_ego","Reverberation+1"],"campfire_rested":0,"item_purchase_floors":[12,41],"current_hp_per_floor":[70,70,63,70,70,70,70,59,59,59,59,59,70,70,70,70,70,70,70,70,70,66,66,70,70,70,70,70,65,70,70,70,32,70,140,140,140,122,133,140,140,131,140,140,140,140,140,140,140,140,88],"gold":146,"neow_bonus":"ONE_RARE_RELIC","is_daily":false,"chose_seed":false,"campfire_upgraded":1,"win_rate":0.0,"timestamp":1613324879,"path_taken":["M","?","?","M","?","R","?","?","T","?","R","?","M","?","R","BOSS","M","$","?","?","M","R","M","R","T","M","?","M","?","?","R","BOSS","M","?","?","?","M","E","$","E","T","R","$","?","M","M","R","BOSS"],"items_purchased_type":["Card","Card"],"build_version":"2020-11-29","purchased_purges":3,"victory":true,"max_hp_per_floor":[70,70,70,70,70,70,70,70,70,70,70,70,70,70,70,70,70,70,70,70,70,70,70,70,70,70,70,70,70,70,70,70,70,70,140,140,140,140,140,140,140,140,140,140,140,140,140,140,140,140,150],"card_choices":[{"not_picked":["Wingbeat"],"picked":"Heaven","floor":1.0},{"not_picked":["Penitence"],"picked":"Moonlight","floor":2.0},{"not_picked":["MHz","Funeral"],"picked":"OSAHOGD","floor":4.0},{"not_picked":["Beak"],"picked":"WristCuter","floor":4.0},{"not_picked":["MHz","BeautyBeast"],"picked":"Scorched","floor":13.0},{"not_picked":["Regret_ego"],"picked":"Hornet","floor":13.0},{"not_picked":["GoldRush"],"picked":"Twilight","floor":16.0},{"not_picked":["Alriune","VoidDream"],"picked":"QueenOfHatred","floor":22.0},{"not_picked":["Harvest+1"],"picked":"SKIP","floor":27.0},{"not_picked":["FairyFestival","ShyLook"],"picked":"LongBird","floor":29.0},{"not_picked":[],"picked":"Lamp","floor":29.0},{"not_picked":["DespairKnight","BlackArmy"],"picked":"BodiesMountain","floor":30.0},{"not_picked":["Christmas"],"picked":"SKIP","floor":30.0},{"not_picked":[],"picked":"GoldRush","floor":33.0},{"not_picked":["Wingbeat+1"],"picked":"SKIP","floor":35.0},{"not_picked":["Beak"],"picked":"SKIP","floor":35.0},{"not_picked":["FourthMatchFlame+1"],"picked":"SKIP","floor":39.0},{"not_picked":["SoundOfStar"],"picked":"SKIP","floor":39.0},{"not_picked":["GrinderMk4+1"],"picked":"SKIP","floor":40.0},{"not_picked":["Tough+1"],"picked":"SKIP","floor":40.0},{"not_picked":[],"picked":"Diffraction+1","floor":42.0},{"not_picked":["Loneliness"],"picked":"SKIP","floor":42.0},{"not_picked":["TodaysExpression+1"],"picked":"SKIP","floor":47.0},{"not_picked":["Horn+1"],"picked":"SKIP","floor":47.0},{"not_picked":["DespairKnight","QueenOfHatred"],"picked":"WhiteNight","floor":48.0},{"not_picked":["Harvest+1"],"picked":"SKIP","floor":48.0},{"not_picked":["Noise+1"],"picked":"SKIP","floor":48.0}],"player_experience":13294,"relics_obtained":[{"floor":1.0,"key":"LetterFromLob"},{"floor":9.0,"key":"Mercury Hourglass"},{"floor":14.0,"key":"Ginger"},{"floor":26.0,"key":"Question Card"},{"floor":40.0,"key":"Molten Egg 2"},{"floor":42.0,"key":"Lizard Tail"},{"floor":43.0,"key":"HornCleat"},{"floor":46.0,"key":"MealTicket"},{"floor":47.0,"key":"AtMidnight"}],"event_choices":[{"cards_removed":["SpecialBullet"],"damage_healed":0.0,"max_hp_gain":0.0,"max_hp_loss":0.0,"gold_gain":0.0,"event_name":"Golden Wing","player_choice":"Card Removal","floor":3.0,"gold_loss":0.0,"damage_taken":7.0},{"damage_healed":0.0,"max_hp_gain":0.0,"max_hp_loss":0.0,"gold_gain":175.0,"event_name":"Liars Game","player_choice":"AGREE","floor":5.0,"gold_loss":0.0,"damage_taken":0.0,"cards_obtained":["Doubt"]},{"damage_healed":0.0,"max_hp_gain":0.0,"max_hp_loss":0.0,"gold_gain":75.0,"event_name":"World of Goop","player_choice":"Gather Gold","floor":8.0,"gold_loss":0.0,"damage_taken":11.0},{"cards_removed":["SpecialBullet"],"damage_healed":0.0,"max_hp_gain":0.0,"max_hp_loss":0.0,"gold_gain":0.0,"event_name":"The Cleric","player_choice":"Card Removal","floor":10.0,"gold_loss":50.0,"damage_taken":0.0},{"damage_healed":0.0,"max_hp_gain":0.0,"max_hp_loss":0.0,"gold_gain":0.0,"event_name":"The Joust","player_choice":"Bet on Murderer","floor":20.0,"gold_loss":50.0,"damage_taken":0.0},{"damage_healed":0.0,"max_hp_gain":0.0,"max_hp_loss":0.0,"gold_gain":0.0,"event_name":"Accursed Blacksmith","player_choice":"Forge","floor":28.0,"gold_loss":0.0,"damage_taken":0.0,"cards_upgraded":["Twilight"]},{"damage_healed":0.0,"max_hp_gain":0.0,"max_hp_loss":0.0,"gold_gain":0.0,"event_name":"The Mausoleum","player_choice":"Opened","floor":31.0,"gold_loss":0.0,"damage_taken":0.0,"relics_obtained":["Bird Faced Urn"]},{"damage_healed":0.0,"max_hp_gain":0.0,"max_hp_loss":0.0,"gold_gain":0.0,"event_name":"Tomb of Lord Red Mask","player_choice":"Ignored","floor":36.0,"gold_loss":0.0,"damage_taken":0.0},{"damage_healed":0.0,"max_hp_gain":0.0,"max_hp_loss":0.0,"gold_gain":0.0,"event_name":"SensoryStone","player_choice":"Memory 1","floor":37.0,"gold_loss":0.0,"damage_taken":0.0},{"damage_healed":0.0,"max_hp_gain":0.0,"max_hp_loss":0.0,"gold_gain":0.0,"event_name":"Winding Halls","player_choice":"Embrace Madness","floor":38.0,"gold_loss":0.0,"damage_taken":18.0,"cards_obtained":["Madness","Madness"]}],"is_beta":false,"boss_relics":[{"not_picked":["Coffee Dripper","SacredBark"],"picked":"Busted Crown"},{"not_picked":["Black Star","Runic Pyramid"],"picked":"Fusion Hammer"}],"items_purged_floors":[7,19,41],"is_endless":false,"potions_floor_spawned":[1,24,27,33,35,48],"ascension_level":0}}