{"host":"vrsxkkch9ccrec7k","time":1613335821,"event":{"mods":["Act Like it!","BaseMod","Bestiary","Better Altar","Better Match","Better Note","Better Sensory Stone","Better Skull","Better Third Choice","Better Vampires","Downfall","Minty Spire (QoL Compilation)","Permanent Neow","Relic Stats","Spicy Shops","StSLib"],"gold_per_floor":[99,110,110,110,122,155,155,167,67,79,79,79,79,110,121,193,193,93,104,104,104,104,104,130,130,147,178,78,108,18,118,131,208,208,208,225,244,261,312,23,23,42,42,61,61,61,76,104,124,124,124,156,7,7,7,7,7,7],"floor_reached":56,"language":"ENG","playtime":4576,"items_purged":["champ:Defend","champ:Defend"],"score":1410,"play_id":"2b10ecef-40cc-4d4e-95a2-1d5918da1610","local_time":"20210214155021","is_ascension_mode":true,"campfire_choices":[{"data":"champ:Execute","floor":1.0,"key":"SMITH"},{"data":"champ:Taunt","floor":9.0,"key":"SMITH"},{"data":"champ:Backstep","floor":11.0,"key":"SMITH"},{"data":"champ:ArenaPreparation","floor":13.0,"key":"SMITH"},{"floor":18.0,"key":"RECALL"},{"floor":23.0,"key":"REST"},{"floor":28.0,"key":"REST"},{"floor":35.0,"key":"REST"},{"floor":43,"key":"REST"},{"floor":45,"key":"REST"},{"floor":54,"key":"REST"}],"circlet_count":0,"master_deck":["AscendersBane","champ:Defend+1","champ:Defend","champ:Execute+1","champ:Taunt+1","champ:Duel","champ:ArenaPreparation+1","champ:ShieldWall","champ:DeathBlow+1","champ:Backstep+1","champ:FocusedBerserking","champ:ShieldSigil","champ:LastStand","champ:FanOfKnives","Necronomicurse","Bite","champ:SwordSigil+1","champ:CalledShot","champ:Backstep+1","champ:BerserkerStyle","J.A.X.","champ:TripleStrike","Trip","champ:ShieldWall","champ:MurderStrike","champ:CalledShot","champ:FancyFootwork+1","champ:CrookedStrike+1","champ:BerserkerStyle","champ:SteelEdge","champ:RapidStrikes","champ:Haymaker+1","champ:HoldFirm"],"relics":["champ:ChampionCrown","FossilizedHelix","downfall:HeartBlessingBlue","Bottled Lightning","Fusion Hammer","downfall:HeartBlessingGreen","Necronomicon","Bag of Preparation","Orichalcum","downfall:HeartBlessingRed","Torii","MutagenicStrength","sneckomod:SneckoTalon","Lizard Tail","champ:Barbells","Eternal Feather","Blue Candle","Thread and Needle","Happy Flower","Lee\u0027s Waffle"],"acts_visited":["Exordium","TheCity","TheBeyond","TheEnding"],"potions_floor_usage":[44,50,55,56],"damage_taken":[{"damage":11.0,"enemies":"Cultist","floor":2.0,"turns":4.0},{"damage":22.0,"enemies":"Small Slimes","floor":5.0,"turns":3.0},{"damage":89.0,"enemies":"Lagavulin","floor":6.0,"turns":8.0},{"damage":5.0,"enemies":"2 Louse","floor":8.0,"turns":2.0},{"damage":25.0,"enemies":"Exordium Wildlife","floor":10.0,"turns":4.0},{"damage":39.0,"enemies":"3 Sentries","floor":14.0,"turns":6.0},{"damage":44.0,"enemies":"2 Fungi Beasts","floor":15.0,"turns":2.0},{"damage":151.0,"enemies":"IC_STATUS_ARCHETYPE","floor":16.0,"turns":10.0},{"damage":55.0,"enemies":"Spheric Guardian","floor":19.0,"turns":3.0},{"damage":15.0,"enemies":"downfall:LooterAlt2","floor":26.0,"turns":3.0},{"damage":80.0,"enemies":"Book of Stabbing","floor":27.0,"turns":3.0},{"damage":65.0,"enemies":"Slavers","floor":29.0,"turns":2.0},{"damage":105.0,"enemies":"downfall:FleeingMerchant","floor":30.0,"turns":4.0},{"damage":86.0,"enemies":"downfall:Augmenter","floor":31.0,"turns":4.0},{"damage":14.0,"enemies":"Snake Plant","floor":32.0,"turns":3.0},{"damage":211.0,"enemies":"WA_ARCHETYPE_CALM","floor":33.0,"turns":7.0},{"damage":50.0,"enemies":"3 Shapes","floor":36.0,"turns":4.0},{"damage":33.0,"enemies":"3 Darklings","floor":37.0,"turns":2.0},{"damage":56,"enemies":"Writhing Mass","floor":38,"turns":4},{"damage":94,"enemies":"2 Orb Walkers","floor":39,"turns":3},{"damage":130,"enemies":"downfall:FleeingMerchant","floor":40,"turns":3},{"damage":76,"enemies":"Maw","floor":42,"turns":3},{"damage":168,"enemies":"Transient","floor":44,"turns":5},{"damage":43,"enemies":"3 Darklings","floor":47,"turns":2},{"damage":87,"enemies":"Giant Head","floor":48,"turns":4},{"damage":51,"enemies":"Writhing Mass","floor":49,"turns":4},{"damage":168,"enemies":"SI_POISON_ARCHETYPE","floor":50,"turns":10},{"damage":146,"enemies":"downfall:CharBossMerchant","floor":52,"turns":4},{"damage":268,"enemies":"downfall:NeowBoss","floor":55,"turns":17},{"damage":212,"enemies":"downfall:NeowBossFinal","floor":56,"turns":6}],"seed_played":"-6734866684694388736","potions_obtained":[{"floor":2.0,"key":"SpeedPotion"},{"floor":10.0,"key":"champ:OpenerPotion"},{"floor":19.0,"key":"PowerPotion"},{"floor":29.0,"key":"champ:TechniquePotion"},{"floor":44,"key":"GamblersBrew"},{"floor":49,"key":"CultistPotion"},{"floor":52,"key":"champ:OpenerPotion"}],"is_trial":false,"path_per_floor":["R","M","?","?","M","E","T","M","R","M","R","?","R","E","M","B",null,"R","M","?","?","?","R","T","?","M","E","R","E","$","?","M","B",null,"R","M","M","M","?","$","T","M","R","M","R","?","M","E","M","B",null,"E","$","R","B","B"],"character_chosen":"THE_CHAMP","items_purchased":["champ:Barbells","champ:BerserkerStyle","champ:SteelEdge","Eternal Feather","Lee\u0027s Waffle"],"campfire_rested":6,"item_purchase_floors":[40,40,40,40,53],"current_hp_per_floor":[73,74,79,64,59,56,56,58,68,70,70,70,70,73,76,67,89,89,96,80,61,61,91,91,91,96,101,101,88,95,101,101,95,100,101,101,101,101,101,99,99,101,101,101,101,101,101,101,86,77,95,61,108,108,67,0,0,0],"gold":7,"neow_bonus":"RANDOM_COMMON_RELIC","is_daily":false,"chose_seed":false,"campfire_upgraded":4,"win_rate":0.0,"timestamp":1613335821,"path_taken":["R","M","?","?","?","E","T","?","R","M","R","?","R","E","M","BOSS","R","M","?","?","?","R","T","?","?","E","R","E","$","?","M","BOSS","R","M","M","M","?","$","T","M","R","M","R","?","M","E","M","BOSS","E","$","R","BOSS","BOSS"],"items_purchased_type":["Relic","Card","Card","Relic","Relic"],"build_version":"2020-12-22","purchased_purges":2,"victory":false,"max_hp_per_floor":[81,81,86,86,86,86,86,86,96,96,96,96,96,96,96,96,96,96,96,96,101,101,101,101,101,101,101,101,101,101,101,101,101,101,101,101,101,101,101,101,101,101,101,101,101,101,101,101,101,101,101,101,108,108,108,108,108,108],"relic_stats":{"Lizard Tail":54,"Lee\u0027s Waffle":47,"Torii":16,"Happy Flower":[7],"counters":[30,139],"Blue Candle":[5],"Eternal Feather":0,"Necronomicon":[47],"Bag of Preparation":[42],"Orichalcum":[126],"obtain_stats":[{"champ:Barbells":40,"Lee\u0027s Waffle":53,"downfall:HeartBlessingRed":28,"Torii":29,"Happy Flower":52,"Blue Candle":41,"champ:ChampionCrown":0,"downfall:HeartBlessingGreen":18,"Eternal Feather":40,"Thread and Needle":48,"Bag of Preparation":24,"Orichalcum":27,"sneckomod:SneckoTalon":34,"Blood Vial":0,"Lizard Tail":39,"downfall:HeartBlessingBlue":9,"MutagenicStrength":31,"Fusion Hammer":17,"Necronomicon":20,"Bottled Lightning":14,"FossilizedHelix":6},{"champ:Barbells":21,"Lee\u0027s Waffle":28,"downfall:HeartBlessingRed":11,"Torii":12,"Happy Flower":28,"Blue Candle":21,"champ:ChampionCrown":0,"downfall:HeartBlessingGreen":8,"Eternal Feather":21,"Thread and Needle":25,"Bag of Preparation":9,"Orichalcum":11,"sneckomod:SneckoTalon":16,"Blood Vial":0,"Lizard Tail":20,"downfall:HeartBlessingBlue":4,"MutagenicStrength":14,"Fusion Hammer":8,"Necronomicon":9,"Bottled Lightning":6,"FossilizedHelix":3},{"champ:Barbells":84,"Lee\u0027s Waffle":116,"downfall:HeartBlessingRed":48,"Torii":50,"Happy Flower":116,"Blue Candle":84,"champ:ChampionCrown":0,"downfall:HeartBlessingGreen":39,"Eternal Feather":84,"Thread and Needle":98,"Bag of Preparation":42,"Orichalcum":48,"sneckomod:SneckoTalon":68,"Blood Vial":0,"Lizard Tail":81,"downfall:HeartBlessingBlue":17,"MutagenicStrength":58,"Fusion Hammer":39,"Necronomicon":42,"Bottled Lightning":27,"FossilizedHelix":15}]},"card_choices":[{"not_picked":["champ:StanceDance","champ:ShieldSigil"],"picked":"champ:Duel","floor":2.0},{"not_picked":["champ:BladeFlurry","champ:Haymaker"],"picked":"champ:ArenaPreparation","floor":5.0},{"not_picked":["champ:Haymaker","champ:ShieldThrow"],"picked":"champ:ShieldWall","floor":6.0},{"not_picked":["champ:RecklessLeap","champ:EnragedBash"],"picked":"champ:DeathBlow","floor":8.0},{"not_picked":["champ:EnGarde","champ:SkillfulDodge"],"picked":"champ:Backstep","floor":10.0},{"not_picked":["champ:EnragedBash","champ:ShieldWall"],"picked":"champ:FocusedBerserking","floor":14.0},{"not_picked":["champ:Backstep","champ:EnGarde"],"picked":"champ:ShieldSigil","floor":15.0},{"not_picked":["champ:EnchantCrown","champ:CheapShot"],"picked":"champ:LastStand","floor":16.0},{"not_picked":["champ:GutPunch","champ:PreciseThrust"],"picked":"champ:FanOfKnives","floor":19.0},{"not_picked":["champ:Backstep","champ:Haymaker"],"picked":"champ:SwordSigil","floor":26.0},{"not_picked":["champ:Circumvent","champ:ShieldWall"],"picked":"champ:CalledShot","floor":27.0},{"not_picked":["champ:CrookedStrike+1","champ:Haymaker"],"picked":"champ:Backstep+1","floor":29.0},{"not_picked":["champ:Endure","champ:GutPunch"],"picked":"champ:BerserkerStyle","floor":30.0},{"not_picked":[],"picked":"J.A.X.","floor":31.0},{"not_picked":["champ:Shatter","champ:BringItOn"],"picked":"champ:TripleStrike","floor":31.0},{"not_picked":["champ:BerserkersShout","champ:ShieldSigil"],"picked":"champ:ShieldWall","floor":32.0},{"not_picked":["champ:DancingMaster","champ:HoldFirm"],"picked":"champ:MurderStrike","floor":33.0},{"not_picked":["champ:SetATrap","champ:TornadoPunch+1"],"picked":"champ:CalledShot","floor":36.0},{"not_picked":["champ:DefensiveShout","champ:BladeFlurry","champ:BerserkersShout"],"picked":"SKIP","floor":37.0},{"not_picked":["champ:BerserkerStyle","champ:Shatter"],"picked":"champ:FancyFootwork+1","floor":38},{"not_picked":["champ:DefensiveShout","champ:ShieldSlam"],"picked":"champ:CrookedStrike+1","floor":40},{"not_picked":["champ:Backstep","champ:ShieldThrow"],"picked":"champ:RapidStrikes","floor":42},{"not_picked":["champ:FlashCut","champ:HeartStrike","champ:DefensiveShout"],"picked":"SKIP","floor":44},{"not_picked":["champ:TornadoPunch","champ:BerserkersShout","champ:AdrenalArmor"],"picked":"SKIP","floor":47},{"not_picked":["champ:ViciousMockery+1","champ:Circumvent"],"picked":"champ:Haymaker+1","floor":48},{"not_picked":["champ:StanceDance","champ:Parry","champ:Circumvent"],"picked":"SKIP","floor":49},{"not_picked":["champ:GladiatorStyle","champ:ViciousMockery+1"],"picked":"champ:HoldFirm","floor":52}],"player_experience":1915537,"relics_obtained":[{"floor":6.0,"key":"FossilizedHelix"},{"floor":14.0,"key":"Bottled Lightning"},{"floor":20.0,"key":"Necronomicon"},{"floor":24.0,"key":"Bag of Preparation"},{"floor":27.0,"key":"Orichalcum"},{"floor":29.0,"key":"Torii"},{"floor":31.0,"key":"MutagenicStrength"},{"floor":39,"key":"Lizard Tail"},{"floor":41,"key":"Blue Candle"},{"floor":48,"key":"Thread and Needle"},{"floor":52,"key":"Happy Flower"}],"event_choices":[{"damage_healed":0.0,"max_hp_gain":5.0,"max_hp_loss":0.0,"gold_gain":0.0,"event_name":"Big Fish","player_choice":"Donut","floor":3.0,"gold_loss":0.0,"damage_taken":0.0},{"cards_removed":["champ:Strike"],"damage_healed":0.0,"max_hp_gain":0.0,"max_hp_loss":0.0,"gold_gain":0.0,"event_name":"The Cleric","player_choice":"Card Removal","floor":12.0,"gold_loss":0.0,"damage_taken":0.0},{"damage_healed":0.0,"max_hp_gain":0.0,"max_hp_loss":0.0,"gold_gain":0.0,"event_name":"Vampires","player_choice":"Became a vampire (Vial)","floor":22.0,"relics_lost":["Blood Vial"],"gold_loss":0.0,"damage_taken":0.0,"cards_obtained":["Bite","Bite","Bite"]},{"damage_healed":0,"gold_gain":0,"player_choice":"Fight","damage_taken":0,"max_hp_gain":0,"max_hp_loss":0,"event_name":"Mysterious Sphere","floor":39,"gold_loss":0}],"is_beta":false,"boss_relics":[{"not_picked":["champ:PowerArmor","Busted Crown"],"picked":"Fusion Hammer"},{"not_picked":["Runic Dome","Tiny House"],"picked":"sneckomod:SneckoTalon"}],"items_purged_floors":[30,40],"is_endless":false,"potions_floor_spawned":[2,10,15,19,29,32,33,36,37,44,48,49,52],"killed_by":"downfall:NeowBossFinal","ascension_level":14}}