{"host":"J","time":1613319221,"event":{"mods":["BaseMod","Minty Spire (QoL Compilation)","Reliquary","StSLib","The Marked"],"gold_per_floor":[117,292,242,261,6,6,31,51,74,74,89,146,146,158,158,262,262,277,277,287,101,1,1,27,41,94,94,127,127,52,67,67,170,170,190,190,29,29,44,44,44,70,96,96,107,107,122,151,151,151,151],"floor_reached":50,"language":"ENG","playtime":2380,"items_purged":["theMarked:Strike","Pain","theMarked:Strike"],"score":617,"play_id":"371079df-7fc0-41b6-a472-7614d27e02bc","local_time":"20210214171341","is_ascension_mode":true,"campfire_choices":[{"data":"theMarked:Improvise","floor":6.0,"key":"SMITH"},{"data":"theMarked:SoldierOfQuellstein","floor":10.0,"key":"SMITH"},{"data":"theMarked:BindingBlade","floor":15.0,"key":"SMITH"},{"data":"theMarked:MysticalArsenal","floor":23.0,"key":"SMITH"},{"floor":27.0,"key":"REST"},{"floor":29.0,"key":"REST"},{"data":"theMarked:Determination","floor":32.0,"key":"SMITH"},{"floor":41.0,"key":"REST"},{"data":"theMarked:Electrocute","floor":44.0,"key":"SMITH"},{"floor":46.0,"key":"REST"},{"floor":49.0,"key":"REST"}],"circlet_count":0,"master_deck":["theMarked:Strike","theMarked:Strike","theMarked:Defend","theMarked:Defend","theMarked:Defend","theMarked:SoldierOfQuellstein+1","theMarked:Improvise+1","theMarked:StartUp+1","theMarked:BanishingStrike","theMarked:SwordAndMagic","theMarked:BindingBlade+1","theMarked:TwofoldDefense","theMarked:Determination+1","theMarked:Defy","theMarked:RepellingDischarge+1","theMarked:Heritage","theMarked:MysticalArsenal+1","theMarked:HeightenedSenses+1","theMarked:Friction+1","theMarked:Indomitable+1","theMarked:BindingBlade","theMarked:Electrocute+1","theMarked:ChainLightning+1","theMarked:TwofoldDefense+1","theMarked:ComboAttacks+1"],"relics":["theMarked:ArtifactOfAir","Gremlin Horn","PreservedInsect","reliquary:SilkGlove","Strawberry","theMarked:SpiritSword","WarpedTongs","Frozen Egg 2","reliquary:Knoch","reliquary:HotPoker","Velvet Choker","Potion Belt","Toy Ornithopter","StoneCalendar"],"acts_visited":["Exordium","TheCity","TheBeyond"],"potions_floor_usage":[],"damage_taken":[{"damage":1.0,"enemies":"Cultist","floor":1.0,"turns":3.0},{"damage":4.0,"enemies":"Jaw Worm","floor":4.0,"turns":4.0},{"damage":10.0,"enemies":"Gremlin Nob","floor":7.0,"turns":3.0},{"damage":0.0,"enemies":"2 Louse","floor":8.0,"turns":2.0},{"damage":0.0,"enemies":"2 Fungi Beasts","floor":11.0,"turns":2.0},{"damage":0.0,"enemies":"Lagavulin Event","floor":12.0,"turns":2.0},{"damage":4.0,"enemies":"Looter","floor":14.0,"turns":2.0},{"damage":29.0,"enemies":"Hexaghost","floor":16.0,"turns":6.0},{"damage":19.0,"enemies":"Shell Parasite","floor":18.0,"turns":5.0},{"damage":15.0,"enemies":"Spheric Guardian","floor":20.0,"turns":4.0},{"damage":22.0,"enemies":"Book of Stabbing","floor":24.0,"turns":5.0},{"damage":9.0,"enemies":"Centurion and Healer","floor":25.0,"turns":6.0},{"damage":9.0,"enemies":"Slavers","floor":28.0,"turns":2.0},{"damage":10.0,"enemies":"Shelled Parasite and Fungi","floor":31.0,"turns":4.0},{"damage":12.0,"enemies":"Champ","floor":33.0,"turns":8.0},{"damage":8.0,"enemies":"3 Shapes","floor":35.0,"turns":4.0},{"damage":25.0,"enemies":"3 Darklings","floor":39.0,"turns":4.0},{"damage":0.0,"enemies":"Giant Head","floor":42.0,"turns":7.0},{"damage":49.0,"enemies":"Maw","floor":45.0,"turns":7.0},{"damage":14.0,"enemies":"Sphere and 2 Shapes","floor":47.0,"turns":4.0},{"damage":25.0,"enemies":"Reptomancer","floor":48.0,"turns":5.0},{"damage":27,"enemies":"Awakened One","floor":50,"turns":2}],"seed_played":"3566739192347145694","potions_obtained":[{"floor":4.0,"key":"SkillPotion"},{"floor":7.0,"key":"Dexterity Potion"},{"floor":8.0,"key":"AttackPotion"},{"floor":18.0,"key":"AttackPotion"},{"floor":28.0,"key":"Explosive Potion"},{"floor":31.0,"key":"FearPotion"},{"floor":33.0,"key":"Dexterity Potion"},{"floor":35.0,"key":"SkillPotion"},{"floor":42.0,"key":"Explosive Potion"},{"floor":45.0,"key":"ColorlessPotion"}],"is_trial":false,"path_per_floor":["M","?","?","M","$","R","E","M","T","R","M","?","?","M","R","B",null,"M","?","M","$","$","R","E","M","T","R","E","R","?","M","R","B",null,"M","?","$","?","M","?","R","E","T","R","M","R","M","E","R","B"],"character_chosen":"THE_DEFAULT","items_purchased":["Gremlin Horn","theMarked:MysticalArsenal","LiquidMemories","theMarked:Electrocute"],"campfire_rested":5,"item_purchase_floors":[5,21,21,37],"current_hp_per_floor":[69,69,69,65,65,65,55,55,55,55,55,62,62,58,58,29,77,58,58,43,43,43,43,21,12,12,35,26,49,49,39,39,27,77,69,69,69,62,37,37,58,58,58,58,9,30,26,6,27,0,0],"gold":151,"neow_bonus":"REMOVE_CARD","is_daily":false,"chose_seed":false,"campfire_upgraded":6,"win_rate":0.0,"timestamp":1613319221,"path_taken":["M","?","?","M","$","R","E","M","T","R","M","?","?","M","R","BOSS","M","?","M","?","$","R","E","?","T","R","E","R","?","M","R","BOSS","M","?","$","?","?","?","R","E","T","R","M","R","M","E","R","BOSS"],"items_purchased_type":["Relic","Card","Potion","Card"],"build_version":"2020-12-18","purchased_purges":3,"victory":false,"max_hp_per_floor":[70,70,70,70,70,70,70,70,70,70,70,77,77,77,77,77,77,77,77,77,77,77,77,77,77,77,77,77,77,77,77,77,77,77,77,77,77,77,77,73,73,73,73,73,73,73,73,73,73,73,73],"card_choices":[{"not_picked":["theMarked:Panic","theMarked:ResourceFulStrike"],"picked":"theMarked:Improvise","floor":1.0},{"not_picked":["theMarked:Polarize","theMarked:WastefulAttack"],"picked":"theMarked:StartUp","floor":4.0},{"not_picked":["theMarked:TwofoldDefense","theMarked:ParalyzingBlade"],"picked":"theMarked:BanishingStrike","floor":7.0},{"not_picked":["theMarked:RepellingDischarge","theMarked:TwofoldDefense"],"picked":"theMarked:SwordAndMagic","floor":8.0},{"not_picked":["theMarked:RepellingDischarge","theMarked:TakeCover"],"picked":"theMarked:BindingBlade","floor":11.0},{"not_picked":["theMarked:TakeCover","theMarked:Maelstrom"],"picked":"theMarked:TwofoldDefense","floor":12.0},{"not_picked":["theMarked:Pokerface","theMarked:EmpowerWeapon"],"picked":"theMarked:Determination","floor":14.0},{"not_picked":["theMarked:Levitate","theMarked:Vacuum"],"picked":"theMarked:Defy","floor":16.0},{"not_picked":["theMarked:Parkour","theMarked:WastefulAttack"],"picked":"theMarked:RepellingDischarge+1","floor":18.0},{"not_picked":["theMarked:GodGivenPower","theMarked:Memento+1"],"picked":"theMarked:Heritage","floor":20.0},{"not_picked":["theMarked:Memento","theMarked:MagusForm+1"],"picked":"theMarked:HeightenedSenses+1","floor":24.0},{"not_picked":["theMarked:Electrify","theMarked:RepellingDischarge","theMarked:WastefulAttack"],"picked":"SKIP","floor":25.0},{"not_picked":["theMarked:Overthink+1","theMarked:EternalStudent"],"picked":"theMarked:Friction+1","floor":28.0},{"not_picked":["theMarked:TwofoldDefense","theMarked:WardOff"],"picked":"theMarked:Indomitable+1","floor":31.0},{"not_picked":["theMarked:Defy","theMarked:Levitate"],"picked":"theMarked:BindingBlade","floor":33.0},{"not_picked":["theMarked:Electrify","theMarked:SwordAndMagic","theMarked:EmpowerWeapon+1"],"picked":"SKIP","floor":35.0},{"not_picked":["theMarked:Memento","theMarked:Determination+1"],"picked":"theMarked:ChainLightning+1","floor":39.0},{"not_picked":["theMarked:Frustration","theMarked:Improvise","theMarked:WastefulAttack+1"],"picked":"SKIP","floor":42.0},{"not_picked":["theMarked:BanishingStrike+1","theMarked:Parkour"],"picked":"theMarked:TwofoldDefense+1","floor":45.0},{"not_picked":["theMarked:ResourceFulStrike","theMarked:Improvise"],"picked":"theMarked:ComboAttacks+1","floor":47.0},{"not_picked":["theMarked:Reabsorb+1","theMarked:Generate","theMarked:EmpowerWeapon+1"],"picked":"SKIP","floor":48.0}],"player_experience":1265061,"relics_obtained":[{"floor":7.0,"key":"PreservedInsect"},{"floor":9.0,"key":"reliquary:SilkGlove"},{"floor":24.0,"key":"Frozen Egg 2"},{"floor":26.0,"key":"reliquary:Knoch"},{"floor":28.0,"key":"reliquary:HotPoker"},{"floor":42.0,"key":"Potion Belt"},{"floor":43.0,"key":"Toy Ornithopter"},{"floor":48.0,"key":"StoneCalendar"}],"event_choices":[{"damage_healed":0.0,"max_hp_gain":0.0,"max_hp_loss":0.0,"gold_gain":175.0,"event_name":"Liars Game","player_choice":"AGREE","floor":2.0,"gold_loss":0.0,"damage_taken":0.0,"cards_obtained":["Doubt"]},{"cards_removed":["Doubt"],"damage_healed":0.0,"max_hp_gain":0.0,"max_hp_loss":0.0,"gold_gain":0.0,"event_name":"The Cleric","player_choice":"Card Removal","floor":3.0,"gold_loss":50.0,"damage_taken":0.0},{"damage_healed":0.0,"max_hp_gain":0.0,"max_hp_loss":0.0,"gold_gain":0.0,"event_name":"Dead Adventurer","player_choice":"Searched \u00273\u0027 times","floor":12.0,"gold_loss":0.0,"damage_taken":0.0,"relics_obtained":["Strawberry"]},{"damage_healed":0.0,"max_hp_gain":0.0,"max_hp_loss":0.0,"gold_gain":0.0,"event_name":"Living Wall","player_choice":"Grow","floor":13.0,"gold_loss":0.0,"damage_taken":0.0,"cards_upgraded":["theMarked:StartUp"]},{"damage_healed":0.0,"max_hp_gain":0.0,"max_hp_loss":0.0,"gold_gain":0.0,"event_name":"Accursed Blacksmith","player_choice":"Rummage","floor":19.0,"gold_loss":0.0,"damage_taken":0.0,"relics_obtained":["WarpedTongs"],"cards_obtained":["Pain"]},{"cards_removed":["theMarked:Strike"],"damage_healed":0.0,"max_hp_gain":0.0,"max_hp_loss":0.0,"gold_gain":0.0,"event_name":"Beggar","player_choice":"Gave Gold","floor":30.0,"gold_loss":75.0,"damage_taken":0.0},{"damage_healed":0.0,"max_hp_gain":0.0,"max_hp_loss":0.0,"gold_gain":0.0,"event_name":"Tomb of Lord Red Mask","player_choice":"Ignored","floor":36.0,"gold_loss":0.0,"damage_taken":0.0},{"damage_healed":0.0,"max_hp_gain":0.0,"max_hp_loss":0.0,"gold_gain":0.0,"event_name":"Wheel of Change","player_choice":"Damaged","floor":38.0,"gold_loss":0.0,"damage_taken":7.0},{"damage_healed":0.0,"max_hp_gain":0.0,"max_hp_loss":4.0,"gold_gain":0.0,"event_name":"Winding Halls","player_choice":"Max HP","floor":40.0,"gold_loss":0.0,"damage_taken":0.0}],"is_beta":true,"boss_relics":[{"not_picked":["reliquary:Craggleroot","SlaversCollar"],"picked":"theMarked:SpiritSword"},{"not_picked":["reliquary:KinkedSpring","theMarked:BronzeBlade"],"picked":"Velvet Choker"}],"items_purged_floors":[21,22,37],"is_endless":false,"potions_floor_spawned":[4,7,8,18,28,31,33,35,42,45],"killed_by":"Awakened One","ascension_level":2}}