{"host":"70jy76jvzy076wi7","time":1613292565,"event":{"mods":["Act Like it!","BaseMod","Better Third Choice","BetterRewards","Energized Spire","Gensokyo","GungeonMod","Hallownest","Hermit","Infinite Spire","Library of Ruina","Library of Ruina Extra","Lobotomy","LobotomyExtend","Marisa£®ÏF”Í°°ƒß¿Ì…≥£©","Minty Spire (QoL Compilation)","Pale of the Ancients","Permanent Neow","Reliquary","Replay The Spire","Robot Space Explorer","Spicy Shops","StSLib","The Servant 0.9.4","Yakumo Yukari mod"],"gold_per_floor":[118,118,132,143,160,160,160],"floor_reached":6,"language":"ZHS","playtime":655,"items_purged":["hermit:Strike_Hermit","hermit:Strike_Hermit"],"score":40,"play_id":"dae16430-599d-47f0-8781-f04628571449","local_time":"20210214164925","is_ascension_mode":true,"campfire_choices":[],"circlet_count":0,"master_deck":["hermit:Strike_Hermit","hermit:Strike_Hermit","hermit:Defend_Hermit","hermit:Defend_Hermit","hermit:Defend_Hermit","hermit:Defend_Hermit","hermit:Snapshot","hermit:Covet","hermit:Combo","hermit:Brawl","hermit:Gestalt","hermit:CalledShot","hermit:CursedWeapon"],"relics":["hermit:Momento","Medical Kit","Prayer Wheel"],"acts_visited":["Exordium"],"potions_floor_usage":[],"damage_taken":[{"damage":1,"enemies":"Jaw Worm","floor":1,"turns":4},{"damage":1,"enemies":"Cultist","floor":3,"turns":4},{"damage":9,"enemies":"infinitespire:Voidling","floor":4,"turns":4},{"damage":7,"enemies":"Exordium Wildlife","floor":5,"turns":6},{"damage":44,"enemies":"3 Sentries","floor":6,"turns":5}],"seed_played":"8268776572227258635","potions_obtained":[{"floor":5,"key":"Ancient Potion"}],"is_trial":false,"path_per_floor":["M","?","M","M","M","E"],"character_chosen":"HERMIT","items_purchased":["Medical Kit","hermit:Combo"],"campfire_rested":0,"item_purchase_floors":[0,0],"current_hp_per_floor":[58,58,57,48,41,0,0],"gold":160,"neow_bonus":"","is_daily":false,"chose_seed":false,"campfire_upgraded":0,"win_rate":0.0,"timestamp":1613292565,"path_taken":["M","?","M","?","M","E"],"items_purchased_type":["Relic","Card"],"build_version":"2020-12-22","purchased_purges":2,"victory":false,"max_hp_per_floor":[75,75,75,75,75,75,75],"card_choices":[{"not_picked":["hermit:Roulette","hermit:Showdown"],"picked":"hermit:Brawl","floor":1},{"not_picked":["hermit:WideOpen","hermit:Determination","hermit:LowProfile"],"picked":"SKIP","floor":1},{"not_picked":["hermit:FlashPowder","hermit:Glare"],"picked":"hermit:Gestalt","floor":3},{"not_picked":["hermit:Feint","hermit:FullyLoaded","hermit:Roulette"],"picked":"SKIP","floor":3},{"not_picked":["hermit:TrackingShot","hermit:Desperado"],"picked":"hermit:CalledShot","floor":4},{"not_picked":["hermit:Coalescence","hermit:CursedWeapon","hermit:LoneWolf"],"picked":"SKIP","floor":4},{"not_picked":["hermit:Coalescence","hermit:LoneWolf"],"picked":"hermit:CursedWeapon","floor":4},{"not_picked":["hermit:Shortfuse","hermit:Spite","hermit:Malice"],"picked":"SKIP","floor":5},{"not_picked":["hermit:Headshot","hermit:Purgatory","hermit:Virtue"],"picked":"SKIP","floor":5}],"player_experience":2155014,"relics_obtained":[],"event_choices":[{"damage_healed":0,"gold_gain":0,"player_choice":"Bought 0 Potions","damage_taken":0,"max_hp_gain":0,"max_hp_loss":0,"event_name":"The Woman in Blue","floor":2,"gold_loss":0}],"is_beta":false,"boss_relics":[],"items_purged_floors":[0,0],"is_endless":false,"potions_floor_spawned":[1,5],"killed_by":"3 Sentries","ascension_level":1}}