{"host":"3c8x8j1h2jyrixpf","time":1613275315,"event":{"mods":["BaseMod","Colored Powertips","Highlight Path","Minty Spire (QoL Compilation)","StSLib"],"gold_per_floor":[110,110,110,75,40,68,68,100,180,180,199,216,247,247,247,247,247],"floor_reached":16,"language":"ENG","playtime":503,"items_purged":[],"score":216,"play_id":"875be349-a2b8-4be9-be17-a1c16ebf4bc2","local_time":"20210213220155","is_ascension_mode":true,"campfire_choices":[{"data":"True Grit","floor":7,"key":"SMITH"},{"floor":10,"key":"REST"},{"data":"Armaments","floor":15,"key":"SMITH"}],"circlet_count":0,"master_deck":["AscendersBane","Strike_R","Strike_R","Strike_R","Defend_R","Defend_R","Defend_R","Bash","Bloodletting","Rampage","True Grit+1","Battle Trance","Armaments+1","Brutality"],"relics":["Empty Cage","Mango","TungstenRod","Juzu Bracelet","Letter Opener","Strawberry","WingedGreaves"],"acts_visited":["Exordium"],"potions_floor_usage":[6,8],"damage_taken":[{"damage":17,"enemies":"Jaw Worm","floor":1,"turns":8},{"damage":32,"enemies":"Gremlin Nob","floor":6,"turns":4},{"damage":33,"enemies":"3 Sentries","floor":8,"turns":11},{"damage":1,"enemies":"2 Louse","floor":11,"turns":4},{"damage":0,"enemies":"Small Slimes","floor":12,"turns":4},{"damage":17,"enemies":"Lagavulin","floor":13,"turns":7},{"damage":32,"enemies":"The Guardian","floor":16,"turns":2}],"seed_played":"-4159936589878748068","potions_obtained":[{"floor":1,"key":"DistilledChaos"},{"floor":6,"key":"PowerPotion"},{"floor":8,"key":"BlessingOfTheForge"}],"is_trial":false,"path_per_floor":["M","?","T","?","$","E","R","E","T","R","M","M","E","?","R","B"],"character_chosen":"IRONCLAD","items_purchased":["Rampage"],"campfire_rested":1,"item_purchase_floors":[5],"current_hp_per_floor":[55,48,62,85,85,53,53,20,20,48,47,47,37,32,32,0,0],"gold":247,"neow_bonus":"BOSS_RELIC","is_daily":false,"chose_seed":false,"campfire_upgraded":2,"win_rate":0.0,"timestamp":1613275315,"path_taken":["M","?","?","?","$","E","R","E","T","R","M","M","E","?","R","BOSS"],"items_purchased_type":["Card"],"build_version":"2020-12-22","purchased_purges":0,"victory":false,"max_hp_per_floor":[80,80,94,94,94,94,94,94,94,94,94,94,101,101,101,101,101],"card_choices":[{"not_picked":["Clash","Perfected Strike"],"picked":"Bloodletting","floor":1},{"not_picked":["Reckless Charge","Rampage"],"picked":"True Grit","floor":6},{"not_picked":["Sword Boomerang","Clash"],"picked":"Battle Trance","floor":8},{"not_picked":["Iron Wave","Rage"],"picked":"Armaments","floor":11},{"not_picked":["Flex","Warcry","Metallicize"],"picked":"SKIP","floor":12},{"not_picked":["Clash","Flex"],"picked":"Brutality","floor":13}],"player_experience":250021,"relics_obtained":[{"floor":3,"key":"Mango"},{"floor":6,"key":"TungstenRod"},{"floor":8,"key":"Juzu Bracelet"},{"floor":9,"key":"Letter Opener"},{"floor":13,"key":"Strawberry"}],"event_choices":[{"cards_removed":["Defend_R"],"damage_healed":0,"gold_gain":0,"player_choice":"Card Removal","damage_taken":7,"max_hp_gain":0,"max_hp_loss":0,"event_name":"Golden Wing","floor":2,"gold_loss":0},{"damage_healed":23,"gold_gain":0,"player_choice":"Healed","damage_taken":0,"max_hp_gain":0,"max_hp_loss":0,"event_name":"The Cleric","floor":4,"gold_loss":35},{"damage_healed":0,"gold_gain":0,"player_choice":"Success","damage_taken":7,"relics_obtained":["WingedGreaves"],"max_hp_gain":0,"max_hp_loss":0,"event_name":"Scrap Ooze","floor":14,"gold_loss":0}],"is_beta":false,"boss_relics":[],"items_purged_floors":[],"is_endless":false,"potions_floor_spawned":[1,6,8],"killed_by":"The Guardian","ascension_level":13}}