{"host":"jpzdg3po3tjxdjri","time":1613306442,"event":{"mods":["BaseMod","Better Third Choice","Colored Map","Colored Powertips","Minty Spire (QoL Compilation)","StSLib"],"gold_per_floor":[114,114,289,299,316,344,344,364,364,364,364,0,25,43,43,43,43],"floor_reached":16,"language":"ENG","playtime":466,"items_purged":["Doubt"],"score":113,"play_id":"f58d3468-476d-433e-8094-8df5d2b17cca","local_time":"20210214124042","is_ascension_mode":true,"campfire_choices":[{"floor":7,"key":"REST"},{"floor":11,"key":"REST"},{"floor":15,"key":"REST"}],"circlet_count":0,"master_deck":["Strike_G","Strike_G","Strike_G","Strike_G+1","Strike_G","Defend_G","Defend_G","Defend_G+1","Defend_G","Defend_G","Survivor","Neutralize","Sucker Punch+1","Heel Hook","Quick Slash","Noxious Fumes","Blade Dance","Infinite Blades","Backflip","Blade Dance","Cloak And Dagger","Dodge and Roll"],"relics":["Ring of the Snake","Juzu Bracelet","WingedGreaves","Odd Mushroom","Du-Vu Doll","Dream Catcher","Singing Bowl"],"acts_visited":["Exordium"],"potions_floor_usage":[16],"damage_taken":[{"damage":0,"enemies":"2 Louse","floor":1,"turns":3},{"damage":4,"enemies":"Small Slimes","floor":4,"turns":5},{"damage":0,"enemies":"Cultist","floor":5,"turns":3},{"damage":55,"enemies":"3 Sentries","floor":6,"turns":13},{"damage":9,"enemies":"The Mushroom Lair","floor":8,"turns":4},{"damage":21,"enemies":"Gremlin Nob","floor":13,"turns":4},{"damage":0,"enemies":"Looter","floor":14,"turns":3},{"damage":32,"enemies":"The Guardian","floor":16,"turns":6}],"seed_played":"-7793491179641012688","potions_obtained":[{"floor":1,"key":"LiquidBronze"},{"floor":8,"key":"EssenceOfSteel"},{"floor":14,"key":"GhostInAJar"}],"is_trial":false,"path_per_floor":["M","?","?","M","M","E","R","?","T","?","R","$","E","M","R","B"],"character_chosen":"THE_SILENT","items_purchased":["Infinite Blades","Backflip","Blade Dance","Dream Catcher"],"campfire_rested":3,"item_purchase_floors":[12,12,12,12],"current_hp_per_floor":[70,70,70,66,66,11,32,23,23,9,30,30,11,11,32,0,0],"gold":43,"neow_bonus":"RANDOM_COMMON_RELIC","is_daily":false,"chose_seed":false,"campfire_upgraded":0,"win_rate":0.0,"timestamp":1613306442,"path_taken":["M","?","?","M","M","E","R","?","T","?","R","?","E","M","R","BOSS"],"items_purchased_type":["Card","Card","Card","Relic"],"build_version":"2020-12-22","purchased_purges":1,"victory":false,"max_hp_per_floor":[70,70,70,70,70,70,70,70,70,70,70,70,72,72,72,72,72],"card_choices":[{"not_picked":["Skewer","Tactician"],"picked":"Sucker Punch","floor":1},{"not_picked":["Sucker Punch","Blade Dance"],"picked":"Heel Hook","floor":4},{"not_picked":["Slice","Reflex"],"picked":"Quick Slash","floor":5},{"not_picked":["Riddle With Holes","Prepared"],"picked":"Noxious Fumes","floor":6},{"not_picked":["Dagger Throw","Night Terror"],"picked":"Blade Dance","floor":8},{"not_picked":["Expertise","Blade Dance","Deflect"],"picked":"Singing Bowl","floor":13},{"not_picked":["Slice","Poisoned Stab"],"picked":"Cloak And Dagger","floor":14},{"not_picked":["Calculated Gamble","Concentrate"],"picked":"Dodge and Roll","floor":15}],"player_experience":904989,"relics_obtained":[{"floor":6,"key":"WingedGreaves"},{"floor":8,"key":"Odd Mushroom"},{"floor":9,"key":"Du-Vu Doll"},{"floor":13,"key":"Singing Bowl"}],"event_choices":[{"damage_healed":0,"gold_gain":0,"player_choice":"Grow","damage_taken":0,"max_hp_gain":0,"max_hp_loss":0,"event_name":"Living Wall","floor":2,"gold_loss":0,"cards_upgraded":["Sucker Punch"]},{"damage_healed":0,"gold_gain":175,"player_choice":"AGREE","damage_taken":114,"max_hp_gain":0,"max_hp_loss":0,"event_name":"betterThird:BetterSerpent","floor":3,"gold_loss":0},{"damage_healed":0,"gold_gain":0,"player_choice":"Fought Mushrooms","damage_taken":0,"max_hp_gain":0,"max_hp_loss":0,"event_name":"Mushrooms","floor":8,"gold_loss":0},{"damage_healed":23,"gold_gain":0,"player_choice":"Upgrade","damage_taken":14,"max_hp_gain":0,"max_hp_loss":70,"event_name":"betterThird:BetterShining","floor":10,"gold_loss":0,"cards_upgraded":["Defend_G","Strike_G"]}],"is_beta":false,"boss_relics":[],"items_purged_floors":[12],"is_endless":false,"potions_floor_spawned":[1,8,14],"killed_by":"The Guardian","ascension_level":1}}