{"host":"y080dcqw8fj32q7d","time":1613315954,"event":{"mods":["AchievementEnabler","BaseMod","Colored Map","Colored Powertips","DeckTracker","Minty Spire (QoL Compilation)","Relic Sorter"],"gold_per_floor":[114,130,140,140,158,184,184,213,294,294,294],"floor_reached":10,"language":"ENG","playtime":914,"items_purged":[],"score":82,"play_id":"1f9cc923-2546-491a-b2d7-72d056765db4","local_time":"20210214181914","is_ascension_mode":true,"campfire_choices":[{"floor":7,"key":"RECALL"}],"circlet_count":0,"master_deck":["Strike_R","Strike_R","Strike_R","Strike_R","Strike_R","Defend_R","Defend_R","Defend_R","Bash","Dark Shackles","Ghostly Armor","Ghostly Armor","Shrug It Off"],"relics":["Burning Blood","Ancient Tea Set","Girya","Self Forming Clay"],"acts_visited":["Exordium"],"potions_floor_usage":[3,5,6,6,8],"damage_taken":[{"damage":2,"enemies":"2 Louse","floor":1,"turns":3},{"damage":0,"enemies":"Small Slimes","floor":2,"turns":4},{"damage":0,"enemies":"Cultist","floor":3,"turns":4},{"damage":2,"enemies":"3 Louse","floor":5,"turns":3},{"damage":25,"enemies":"3 Sentries","floor":6,"turns":12},{"damage":53,"enemies":"Lagavulin","floor":8,"turns":12},{"damage":11,"enemies":"3 Sentries","floor":10,"turns":10}],"seed_played":"-4885600705517928492","potions_obtained":[{"floor":2,"key":"EssenceOfSteel"},{"floor":3,"key":"EntropicBrew"},{"floor":6,"key":"EssenceOfSteel"}],"is_trial":false,"path_per_floor":["M","M","M","?","M","E","R","E","T","E"],"character_chosen":"IRONCLAD","items_purchased":[],"campfire_rested":0,"item_purchase_floors":[],"current_hp_per_floor":[80,80,80,73,77,58,58,11,11,0,0],"gold":294,"neow_bonus":"RANDOM_COLORLESS","is_daily":false,"chose_seed":false,"campfire_upgraded":0,"win_rate":0.0,"timestamp":1613315954,"path_taken":["M","M","M","?","M","E","R","E","T","E"],"items_purchased_type":[],"build_version":"2020-12-22","purchased_purges":0,"victory":false,"max_hp_per_floor":[80,80,80,80,80,80,80,80,80,80,80],"card_choices":[{"not_picked":["Forethought","Blind"],"picked":"Dark Shackles","floor":0},{"not_picked":["Disarm","Warcry"],"picked":"Ghostly Armor","floor":1},{"not_picked":["Clash","Evolve","Heavy Blade"],"picked":"SKIP","floor":2},{"not_picked":["Iron Wave","Clothesline"],"picked":"Ghostly Armor","floor":3},{"not_picked":["Perfected Strike","Heavy Blade","Barricade"],"picked":"SKIP","floor":5},{"not_picked":["Bloodletting","Anger"],"picked":"Shrug It Off","floor":6},{"not_picked":["Hemokinesis","Heavy Blade","Clash"],"picked":"SKIP","floor":8}],"player_experience":297223,"relics_obtained":[{"floor":6,"key":"Ancient Tea Set"},{"floor":8,"key":"Girya"},{"floor":9,"key":"Self Forming Clay"}],"event_choices":[{"cards_removed":["Defend_R"],"damage_healed":0,"gold_gain":0,"player_choice":"Card Removal","damage_taken":7,"max_hp_gain":0,"max_hp_loss":0,"event_name":"Golden Wing","floor":4,"gold_loss":0}],"is_beta":false,"boss_relics":[],"items_purged_floors":[],"is_endless":false,"potions_floor_spawned":[2,3,6],"killed_by":"3 Sentries","ascension_level":1}}