{"host":"nonrudiqgwgca70t","time":1613263456,"event":{"mods":["BaseMod","Downfall","Hermit","MarisaÅiñ∂âJÅ@ñÇóùçπÅj","Minty Spire (QoL Compilation)","StSLib","The Cursed","The Disciple","The Servant 0.9.4"],"gold_per_floor":[99,115,128,303,303,337,649,672,718,730,770,176,176,276,296,399,399,399,409,409,151,162,162,162,189,189,207,223,223,223,251,270,370,370,370,390,390,425,117,117,117,171,191,211,211,211,211,63,74,74],"floor_reached":51,"language":"ENG","playtime":17275,"items_purged":["Doubt"],"score":731,"play_id":"47705598-f844-4355-9ed1-3a8d186867b2","local_time":"20210213174416","daily_mods":["Draft","Heirloom","Time Dilation","Flight","DeadlyEvents","Elite Swarm"],"is_ascension_mode":false,"campfire_choices":[{"data":"hermit:CursedWeapon","floor":1.0,"key":"SMITH"},{"data":"hermit:Magnum","floor":10.0,"key":"SMITH"},{"data":"expansioncontent:StudyTheSpire","floor":13.0,"key":"SMITH"},{"data":"hermit:EternalForm","floor":18,"key":"SMITH"},{"data":"hermit:BlackWind","floor":23,"key":"SMITH"},{"data":"hermit:Magnum","floor":26,"key":"SMITH"},{"data":"hermit:Snipe","floor":29,"key":"SMITH"},{"data":"hermit:TakeAim","floor":30,"key":"SMITH"},{"data":"hermit:Gestalt","floor":35,"key":"SMITH"},{"data":"hermit:HeroicBravado","floor":40,"key":"SMITH"},{"data":"hermit:FatalDesire","floor":45,"key":"SMITH"},{"data":"hermit:WideOpen","floor":46,"key":"SMITH"},{"data":"hermit:Quickdraw","floor":47,"key":"SMITH"}],"circlet_count":0,"master_deck":["hermit:Vantage","hermit:Gestalt+1","hermit:WideOpen+1","hermit:Quickdraw+1","hermit:HighCaliber","hermit:GhostlyPresence","hermit:Ricochet","hermit:Dive+1","hermit:CalledShot","hermit:Desperado","hermit:Desperado","hermit:Enervate","hermit:Grudge","hermit:CursedWeapon+1","hermit:Feint","hermit:Headshot","hermit:BlackWind+1","hermit:Magnum+1","hermit:EternalForm+1","hermit:GhostlyPresence","hermit:Snipe+1","expansioncontent:StudyTheSpire+1","hermit:TakeAim+1","hermit:FatalDesire+1","hermit:Roulette+1","hermit:GoldenBullet","hermit:Feint+1","hermit:Magnum+1","hermit:FinalCanter","hermit:Feint+1","hermit:HeroicBravado+1","Clumsy","hermit:FlashPowder+1"],"relics":["hermit:Momento","Guardian:GemstoneGun","MawBank","Old Coin","Omamori","Darkstone Periapt","hermit:RyeStalk","OrangePellets","Runic Pyramid","sneckomod:BabySnecko","White Beast Statue","Eternal Feather","Art of War","Lantern","Tiny Chest","Cursed Key","Dream Catcher","hermit:PetGhost","Toy Ornithopter","hexamod:CandleOfCauterizing","hexamod:BolsterEngine","Vajra"],"acts_visited":["Exordium","TheCity","TheBeyond"],"potions_floor_usage":[21,21,21,25,31,43],"damage_taken":[{"damage":0.0,"enemies":"Jaw Worm","floor":2.0,"turns":1.0},{"damage":2.0,"enemies":"Small Slimes","floor":3.0,"turns":2.0},{"damage":4.0,"enemies":"Lagavulin","floor":6.0,"turns":4.0},{"damage":2.0,"enemies":"Cultist","floor":8.0,"turns":2.0},{"damage":13.0,"enemies":"Gremlin Nob","floor":9.0,"turns":3.0},{"damage":4.0,"enemies":"3 Sentries","floor":11.0,"turns":4.0},{"damage":12.0,"enemies":"downfall:FleeingMerchant","floor":12.0,"turns":4.0},{"damage":2.0,"enemies":"Exordium Wildlife","floor":15.0,"turns":2.0},{"damage":10,"enemies":"SI_SHIV_ARCHETYPE","floor":16,"turns":4},{"damage":0,"enemies":"Spheric Guardian","floor":19,"turns":2},{"damage":17,"enemies":"downfall:FleeingMerchant","floor":21,"turns":4},{"damage":5,"enemies":"3 Byrds","floor":22,"turns":4},{"damage":6,"enemies":"Gremlin Leader","floor":25,"turns":3},{"damage":10,"enemies":"3 Cultists","floor":27,"turns":3},{"damage":9,"enemies":"Centurion and Healer","floor":28,"turns":3},{"damage":10,"enemies":"Book of Stabbing","floor":31,"turns":3},{"damage":2,"enemies":"Sentry and Sphere","floor":32,"turns":2},{"damage":47,"enemies":"DF_ARCHETYPE_CLAW","floor":33,"turns":5},{"damage":6,"enemies":"3 Shapes","floor":36,"turns":3},{"damage":2,"enemies":"Reptomancer","floor":38,"turns":4},{"damage":2,"enemies":"3 Darklings","floor":43,"turns":3},{"damage":3,"enemies":"Maw","floor":44,"turns":5},{"damage":0,"enemies":"4 Shapes","floor":49,"turns":3},{"damage":3,"enemies":"WA_ARCHETYPE_DIVINITY","floor":50,"turns":5}],"seed_played":"4491832432568919262","potions_obtained":[{"floor":6.0,"key":"hermit:BlackBile"},{"floor":9.0,"key":"ColorlessPotion"},{"floor":15.0,"key":"hermit:BlackBile"},{"floor":19,"key":"Swift Potion"},{"floor":22,"key":"champ:CounterPotion"},{"floor":25,"key":"bronze:BurnAndBuffPotion"},{"floor":27,"key":"Strength Potion"},{"floor":28,"key":"hexamod:SoulburnPotion"},{"floor":31,"key":"SneckoOil"},{"floor":32,"key":"BlessingOfTheForge"},{"floor":33,"key":"hexamod:SoulburnPotion"},{"floor":43,"key":"AttackPotion"},{"floor":44,"key":"SpeedPotion"},{"floor":49,"key":"LiquidMemories"}],"is_trial":true,"path_per_floor":["R","M","M","?","?","E","T","M","E","R","E","$","R","?","M","B",null,"R","M","?","$","M","R","T","E","R","M","M","R","R","E","M","B",null,"R","M","?","E","$","R","T","T","M","M","R","R","R","$","M","B",null],"character_chosen":"HERMIT","items_purchased":["hermit:Snipe","hermit:RyeStalk","OrangePellets","expansioncontent:StudyTheSpire","White Beast Statue","hermit:GoldenBullet","Eternal Feather","hermit:PetGhost","Toy Ornithopter","Vajra"],"campfire_rested":0,"item_purchase_floors":[12,12,12,12,21,21,21,39,39,48],"current_hp_per_floor":[75,75,73,73,73,69,69,67,54,54,50,38,38,38,36,26,75,75,75,75,58,53,68,68,62,75,65,56,71,75,65,63,16,75,75,69,69,67,67,75,75,81,79,76,81,81,81,81,81,78],"gold":74,"neow_bonus":"","is_daily":false,"chose_seed":false,"campfire_upgraded":13,"win_rate":0.0,"timestamp":1613263456,"path_taken":["R","M","M","?","?","E","T","M","E","R","E","$","R","?","M","BOSS","R","M","?","$","?","R","T","?","R","M","?","R","R","?","M","BOSS","R","M","?","?","?","R","T","?","?","M","R","R","R","$","M","BOSS"],"items_purchased_type":["Card","Relic","Relic","Card","Relic","Card","Relic","Relic","Relic","Relic"],"build_version":"2020-12-22","purchased_purges":1,"victory":true,"max_hp_per_floor":[75,75,75,75,75,75,75,75,75,75,75,75,75,75,75,75,75,75,75,75,75,75,75,75,75,75,75,75,75,75,75,75,75,75,75,75,75,75,75,75,75,81,81,81,81,81,81,81,81,81],"card_choices":[{"not_picked":["hermit:Dive","hermit:LowProfile"],"picked":"hermit:Vantage","floor":0.0},{"not_picked":["hermit:Manifest","hermit:Misfire"],"picked":"hermit:Gestalt","floor":0.0},{"not_picked":["hermit:Dive","hermit:Manifest"],"picked":"hermit:WideOpen","floor":0.0},{"not_picked":["hermit:HoleUp","hermit:CalledShot"],"picked":"hermit:Quickdraw","floor":0.0},{"not_picked":["hermit:Glare","hermit:Cheat"],"picked":"hermit:HighCaliber","floor":0.0},{"not_picked":["hermit:Feint","hermit:LowProfile"],"picked":"hermit:GhostlyPresence","floor":0.0},{"not_picked":["hermit:TakeCover","hermit:CalledShot"],"picked":"hermit:Ricochet","floor":0.0},{"not_picked":["hermit:DeadMansHand","hermit:BodyArmor"],"picked":"hermit:Dive","floor":0.0},{"not_picked":["hermit:Cheat","hermit:Snipe"],"picked":"hermit:CalledShot","floor":0.0},{"not_picked":["hermit:TakeCover","hermit:TrackingShot"],"picked":"hermit:Desperado","floor":0.0},{"not_picked":["hermit:Feint","hermit:BodyArmor"],"picked":"hermit:Desperado","floor":0.0},{"not_picked":["hermit:LowProfile","hermit:TrackingShot"],"picked":"hermit:Enervate","floor":0.0},{"not_picked":["hermit:WideOpen","hermit:TrackingShot"],"picked":"hermit:Grudge","floor":0.0},{"not_picked":["hermit:Headshot","hermit:HighCaliber"],"picked":"hermit:CursedWeapon","floor":0.0},{"not_picked":["hermit:Glare","hermit:Showdown"],"picked":"hermit:Feint","floor":0.0},{"not_picked":["hermit:BigShot","hermit:ItchyTrigger"],"picked":"hermit:Headshot","floor":2.0},{"not_picked":["hermit:Combo","hermit:TrackingShot","hermit:Quickdraw"],"picked":"SKIP","floor":3.0},{"not_picked":["hermit:OverwhelmingPower","hermit:HighNoon"],"picked":"hermit:BlackWind","floor":6.0},{"not_picked":["hermit:Shortfuse","hermit:Quickdraw","hermit:Grudge"],"picked":"SKIP","floor":8.0},{"not_picked":["hermit:Adapt","hermit:RoundhouseKick"],"picked":"hermit:Magnum","floor":9.0},{"not_picked":["hermit:HighNoon","hermit:Purgatory"],"picked":"hermit:EternalForm","floor":11.0},{"not_picked":["hermit:Manifest","hermit:PistolWhip"],"picked":"hermit:GhostlyPresence","floor":12.0},{"not_picked":["hermit:Snipe","hermit:SprayPray"],"picked":"hermit:TakeAim","floor":15.0},{"not_picked":["hermit:Magnum","hermit:OverwhelmingPower"],"picked":"hermit:FatalDesire","floor":16},{"not_picked":["hermit:Spite","hermit:Coalescence+1"],"picked":"hermit:Roulette+1","floor":19},{"not_picked":["hermit:Showdown","hermit:Vantage","hermit:SprayPray"],"picked":"SKIP","floor":21},{"not_picked":["hermit:Desperado","hermit:TakeAim+1"],"picked":"hermit:Feint+1","floor":22},{"not_picked":["hermit:Reprieve","hermit:OverwhelmingPower"],"picked":"hermit:Magnum","floor":25},{"not_picked":["hermit:Headshot","hermit:BigShot","hermit:Feint"],"picked":"SKIP","floor":27},{"not_picked":["hermit:GhostlyPresence","hermit:Spite","hermit:Quickdraw"],"picked":"SKIP","floor":28},{"not_picked":["hermit:Adapt","hermit:DeadOrAlive"],"picked":"hermit:FinalCanter","floor":31},{"not_picked":["hermit:Brawl","hermit:HoleUp"],"picked":"hermit:Feint+1","floor":32},{"not_picked":["hermit:Headshot","hermit:TakeCover","hermit:ItchyTrigger"],"picked":"SKIP","floor":36},{"not_picked":["hermit:Headshot","hermit:TakeCover","hermit:ItchyTrigger"],"picked":"SKIP","floor":36},{"not_picked":["hermit:FatalDesire","hermit:Roughhouse"],"picked":"hermit:HeroicBravado","floor":38},{"not_picked":["hermit:HighCaliber","hermit:Headshot","hermit:Manifest"],"picked":"SKIP","floor":43},{"not_picked":["hermit:Coalescence+1","hermit:Virtue+1","hermit:SprayPray+1"],"picked":"SKIP","floor":44},{"not_picked":["hermit:TrackingShot","hermit:BodyArmor+1"],"picked":"hermit:FlashPowder+1","floor":49}],"player_experience":163384,"relics_obtained":[{"floor":6.0,"key":"MawBank"},{"floor":7.0,"key":"Old Coin"},{"floor":9.0,"key":"Omamori"},{"floor":11.0,"key":"Darkstone Periapt"},{"floor":24,"key":"Art of War"},{"floor":25,"key":"Lantern"},{"floor":31,"key":"Tiny Chest"},{"floor":38,"key":"Dream Catcher"},{"floor":41,"key":"hexamod:CandleOfCauterizing"},{"floor":42,"key":"hexamod:BolsterEngine"}],"event_choices":[{"damage_healed":0.0,"max_hp_gain":0.0,"max_hp_loss":0.0,"gold_gain":0.0,"event_name":"Living Wall","player_choice":"Grow","floor":5.0,"gold_loss":0.0,"damage_taken":0.0,"cards_upgraded":["hermit:Dive"]},{"damage_healed":0,"gold_gain":0,"player_choice":"Ignored","damage_taken":0,"max_hp_gain":0,"max_hp_loss":0,"event_name":"NoteForYourself","floor":37,"gold_loss":0}],"is_beta":false,"boss_relics":[{"not_picked":["Empty Cage","Velvet Choker"],"picked":"Runic Pyramid"},{"not_picked":["Sozu","SacredBark"],"picked":"Cursed Key"}],"items_purged_floors":[12],"is_endless":false,"potions_floor_spawned":[6,9,15,19,22,25,27,28,31,32,33,36,38,43,44,49],"ascension_level":0}}