{"host":"630px4nyj50z5id8","time":1613304692,"event":{"mods":["BaseMod","Better Note","Colored Powertips","Good Game Mod","Minty Spire (QoL Compilation)","Quick Restart","Rare Cards Sparkle","Relic Filter Mod","Replay The Spire","StSLib","Waifu the Spire"],"gold_per_floor":[118,135,135,153,153,185,185,218,245,245,281,313,313,384,384,406,406],"floor_reached":16,"language":"ZHS","playtime":399,"items_purged":[],"score":126,"play_id":"4a91ae61-76b3-4617-97a1-d5b153e22c20","local_time":"20210214201132","is_ascension_mode":true,"campfire_choices":[{"data":"Armaments","floor":7,"key":"SMITH"},{"data":"True Grit","floor":10,"key":"SMITH"},{"data":"Dark Embrace","floor":13,"key":"SMITH"},{"data":"Eclipse","floor":15,"key":"SMITH"}],"circlet_count":0,"master_deck":["Strike_R","Strike_R","Strike_R","Strike_R","Strike_R","Defend_R","Defend_R","Defend_R","Defend_R","Bash","ReplayTheSpireMod:Omega Cannon","Replay:Undeath\u0027s Touch","Armaments+1","Replay:Undeath\u0027s Touch","Headbutt","True Grit+1","Dark Embrace+1","Eclipse+1"],"relics":["Burning Blood","REME:ComplimentaryCards","NeowsBlessing","Art of War","Tiny Chest","Replay:Bandana","Matryoshka"],"acts_visited":["Exordium"],"potions_floor_usage":[14,14],"damage_taken":[{"damage":0.0,"enemies":"Jaw Worm","floor":1.0,"turns":1.0},{"damage":0.0,"enemies":"2 Louse","floor":2.0,"turns":1.0},{"damage":0.0,"enemies":"Small Slimes","floor":4.0,"turns":1.0},{"damage":35,"enemies":"Lagavulin","floor":6,"turns":5},{"damage":11,"enemies":"Gremlin Nob","floor":8,"turns":3},{"damage":1,"enemies":"Looter","floor":11,"turns":3},{"damage":0,"enemies":"3 Louse","floor":12,"turns":2},{"damage":9,"enemies":"3 Sentries","floor":14,"turns":5},{"damage":63,"enemies":"The Guardian","floor":16,"turns":7}],"seed_played":"-9070406910650162931","potions_obtained":[{"floor":2.0,"key":"Milkshake"},{"floor":8,"key":"Dexterity Potion"},{"floor":11,"key":"Dexterity Potion"}],"is_trial":false,"path_per_floor":["M","M","?","M","?","E","R","E","T","R","M","M","R","E","R","B"],"character_chosen":"IRONCLAD","items_purchased":[],"campfire_rested":0,"item_purchase_floors":[],"current_hp_per_floor":[80,80,85,85,85,56,56,51,51,51,56,62,62,59,59,0,0],"gold":406,"neow_bonus":"THREE_ENEMY_KILL","is_daily":false,"chose_seed":false,"campfire_upgraded":4,"win_rate":0.0,"timestamp":1613304692,"path_taken":["M","M","?","M","?","E","R","E","T","R","M","M","R","E","R","BOSS"],"items_purchased_type":[],"build_version":"2020-12-22","purchased_purges":0,"victory":false,"max_hp_per_floor":[80,80,85,85,85,85,85,85,85,85,85,85,85,85,85,85,85],"card_choices":[{"not_picked":["Thunderclap","Flame Barrier"],"picked":"Replay:Undeath\u0027s Touch","floor":1.0},{"not_picked":["Infernal Blade","Shrug It Off"],"picked":"Armaments","floor":2.0},{"not_picked":["Clothesline","Ghostly Armor"],"picked":"Replay:Undeath\u0027s Touch","floor":4.0},{"not_picked":["Hemokinesis","Heavy Blade"],"picked":"Headbutt","floor":6},{"not_picked":["Clothesline","Twin Strike"],"picked":"True Grit","floor":8},{"not_picked":["Sever Soul","Infernal Blade","Warcry"],"picked":"SKIP","floor":11},{"not_picked":["Sword Boomerang","Armaments"],"picked":"Dark Embrace","floor":12},{"not_picked":["Berserk","Spot Weakness"],"picked":"Eclipse","floor":14}],"player_experience":389544,"relics_obtained":[{"floor":6,"key":"Art of War"},{"floor":8,"key":"Tiny Chest"},{"floor":9,"key":"Replay:Bandana"},{"floor":14,"key":"Matryoshka"}],"event_choices":[{"damage_healed":0.0,"max_hp_gain":5.0,"max_hp_loss":0.0,"gold_gain":0.0,"event_name":"Big Fish","player_choice":"Donut","floor":3.0,"gold_loss":0.0,"damage_taken":0.0},{"damage_healed":0,"gold_gain":0,"player_choice":"Ignored","damage_taken":0,"max_hp_gain":0,"max_hp_loss":0,"event_name":"Shining Light","floor":5,"gold_loss":0}],"is_beta":false,"boss_relics":[],"items_purged_floors":[],"is_endless":false,"potions_floor_spawned":[2,8,11],"killed_by":"The Guardian","ascension_level":1}}