{"host":"nbofzmb1hl9rnais","time":1613346094,"event":{"mods":["BaseMod","Colored Map","Hermit","Minty Spire (QoL Compilation)","StSLib","The Bug Knight"],"gold_per_floor":[112,112,112,124,49,49,77,93,93,104,104,139,151,179,191,305,317,339,364,76,88,0,0,29,29,29,49,90,90,115,137,137,239,239,249,299,399,419,446,479,479,498,549,565,565,39,39,94,94,94],"floor_reached":51,"language":"ENG","playtime":3763,"items_purged":["HollowMod:DashSlash","HollowMod:DoubleDash","HollowMod:WraithStrike"],"score":806,"play_id":"34822629-97fa-496a-b12b-2a2a7e74ab3a","local_time":"20210214154134","daily_mods":["SealedDeck","Purple Cards"],"is_ascension_mode":true,"campfire_choices":[{"data":"HollowMod:SiblingsSouls","floor":6,"key":"SMITH"},{"data":"HollowMod:LordofShades","floor":11,"key":"SMITH"},{"data":"HollowMod:SiblingsSouls","floor":15,"key":"SMITH"},{"data":"HollowMod:LordofShades","floor":23,"key":"SMITH"},{"data":"HollowMod:ShadowDash","floor":25,"key":"SMITH"},{"data":"HollowMod:VengefulVoid","floor":29,"key":"SMITH"},{"data":"HollowMod:VengefulVoid","floor":32,"key":"SMITH"},{"data":"HollowMod:CloakDash","floor":41,"key":"SMITH"},{"data":"HollowMod:SiblingsShadow","floor":45,"key":"SMITH"},{"data":"HollowMod:NewLastStag","floor":47,"key":"SMITH"},{"data":"HollowMod:CloakDash","floor":49,"key":"SMITH"}],"circlet_count":0,"master_deck":["HollowMod:HeavyBlow+1","HollowMod:VengefulVoid+1","HollowMod:VengefulVoid+1","HollowMod:ShadowDash+1","HollowMod:SiblingsSouls+1","HollowMod:CloakDash+1","HollowMod:LordofShades+1","HollowMod:SiblingsSouls+1","HollowMod:ShadowDash+1","HollowMod:LordofShades+1","HollowMod:WraithStrike+1","HollowMod:CloakDash+1","HollowMod:NewLastStag+1","HollowMod:ShadowDash+1","HollowMod:BlackTendrils+1","HollowMod:DescendingDark+1","HollowMod:SiblingsShadow+1"],"relics":["HollowMod:VesselMask","Molten Egg 2","StrikeDummy","MawBank","Empty Cage","Omamori","Mango","CeramicFish","Kunai","SlaversCollar","White Beast Statue","PreservedInsect","HollowMod:MantisClawRelic","HandDrill","Ice Cream"],"acts_visited":["Exordium","TheCity","TheBeyond"],"potions_floor_usage":[14,14,40,50],"damage_taken":[{"damage":4,"enemies":"Jaw Worm","floor":1,"turns":2},{"damage":1,"enemies":"Small Slimes","floor":4,"turns":3},{"damage":8,"enemies":"3 Sentries","floor":7,"turns":5},{"damage":0,"enemies":"Cultist","floor":8,"turns":3},{"damage":4,"enemies":"2 Fungi Beasts","floor":10,"turns":3},{"damage":0,"enemies":"Lagavulin","floor":12,"turns":5},{"damage":28,"enemies":"Gremlin Gang","floor":14,"turns":5},{"damage":19,"enemies":"The Guardian","floor":16,"turns":8},{"damage":0,"enemies":"3 Byrds","floor":18,"turns":1},{"damage":0,"enemies":"Chosen","floor":19,"turns":4},{"damage":0,"enemies":"HollowMod:Nosk","floor":24,"turns":6},{"damage":8,"enemies":"Snecko","floor":27,"turns":3},{"damage":17,"enemies":"Gremlin Leader","floor":28,"turns":6},{"damage":0,"enemies":"HollowMod:Nosk","floor":30,"turns":5},{"damage":0,"enemies":"Chosen and Byrds","floor":31,"turns":3},{"damage":49,"enemies":"Collector","floor":33,"turns":6},{"damage":15,"enemies":"3 Shapes","floor":35,"turns":3},{"damage":12,"enemies":"Mind Bloom Boss Battle","floor":36,"turns":6},{"damage":4,"enemies":"Orb Walker","floor":38,"turns":3},{"damage":0,"enemies":"Transient","floor":39,"turns":5},{"damage":13,"enemies":"Reptomancer","floor":40,"turns":4},{"damage":7,"enemies":"Spire Growth","floor":42,"turns":4},{"damage":15,"enemies":"Sphere and 2 Shapes","floor":44,"turns":3},{"damage":31,"enemies":"2 Orb Walkers","floor":48,"turns":3},{"damage":31,"enemies":"Time Eater","floor":50,"turns":5}],"seed_played":"-6467369816994469566","potions_obtained":[{"floor":7,"key":"SkillPotion"},{"floor":10,"key":"Strength Potion"},{"floor":12,"key":"BlessingOfTheForge"},{"floor":19,"key":"BlessingOfTheForge"},{"floor":27,"key":"GamblersBrew"},{"floor":33,"key":"Energy Potion"},{"floor":40,"key":"Ancient Potion"},{"floor":42,"key":"EntropicBrew"},{"floor":48,"key":"Regen Potion"}],"is_trial":true,"path_per_floor":["M","?","?","M","$","R","E","M","T","M","R","E","?","M","R","B",null,"M","M","?","?","$","R","E","R","T","M","E","R","E","M","R","B",null,"M","?","?","M","M","E","R","M","T","M","R","$","R","?","R","B",null],"character_chosen":"THE_BUGKNIGHT","items_purchased":["HollowMod:MantisClawRelic","HandDrill"],"campfire_rested":0,"item_purchase_floors":[46,46],"current_hp_per_floor":[71,64,49,48,48,48,40,40,40,36,36,36,61,33,33,14,75,75,75,75,75,75,75,75,75,89,81,64,64,85,89,89,40,89,80,79,79,82,89,89,89,88,88,89,89,89,89,76,76,68],"gold":94,"neow_bonus":"","is_daily":false,"chose_seed":false,"campfire_upgraded":11,"win_rate":0.0,"timestamp":1613346094,"path_taken":["M","?","?","M","$","R","E","M","T","M","R","E","?","M","R","BOSS","M","M","?","?","$","R","E","R","T","M","E","R","E","M","R","BOSS","M","?","?","?","M","E","R","M","T","M","R","$","R","?","R","BOSS"],"items_purchased_type":["Relic","Relic"],"build_version":"2020-12-22","purchased_purges":3,"victory":true,"max_hp_per_floor":[75,75,75,75,75,75,75,75,75,75,75,75,75,75,75,75,75,75,75,75,75,75,75,75,75,89,89,89,89,89,89,89,89,89,89,89,89,89,89,89,89,89,89,89,89,89,89,89,89,89],"card_choices":[{"not_picked":["HollowMod:NewJinnsSoul","HollowMod:CornifersMapStart"],"picked":"HollowMod:SiblingsSouls","floor":1},{"not_picked":["HollowMod:NewJinnsSoul","HollowMod:QuirrelsAssistance"],"picked":"HollowMod:CloakDash","floor":4},{"not_picked":["HollowMod:DashSlash+1","HollowMod:HeavyBlow+1"],"picked":"HollowMod:LordofShades","floor":7},{"not_picked":["HollowMod:SoulSplash","HollowMod:DreamGate"],"picked":"HollowMod:SiblingsSouls","floor":8},{"not_picked":["HollowMod:ShapeofUnn","HollowMod:SharpenedNail+1","HollowMod:InfectedAttack+1"],"picked":"SKIP","floor":10},{"not_picked":["HollowMod:VengefulSpirit+1","HollowMod:LifebloodCore","HollowMod:DesolateDive+1"],"picked":"SKIP","floor":12},{"not_picked":["HollowMod:SiblingsShadow","HollowMod:DesolateDive+1"],"picked":"HollowMod:ShadowDash","floor":14},{"not_picked":["HollowMod:MidwifesHunger+1","HollowMod:Weaversong"],"picked":"HollowMod:LordofShades","floor":16},{"not_picked":["HollowMod:GoodIntentions","HollowMod:InfectedAttack+1"],"picked":"HollowMod:WraithStrike+1","floor":18},{"not_picked":["HollowMod:LifebloodCocoon+1","HollowMod:FastStrike+1"],"picked":"HollowMod:CloakDash","floor":19},{"not_picked":["HollowMod:SharpenedShadows","HollowMod:CrystalDash","HollowMod:DesolateDive+1"],"picked":"SKIP","floor":24},{"not_picked":["HollowMod:InfectedCysts+1","HollowMod:DoubleDash+1","HollowMod:PerfectDash"],"picked":"SKIP","floor":27},{"not_picked":["HollowMod:ShadowDash","HollowMod:QuirrelsAssistance+1"],"picked":"HollowMod:BlackTendrils+1","floor":28},{"not_picked":["HollowMod:SharpenedShadows","HollowMod:InfectedAttack+1","HollowMod:MantisMark"],"picked":"SKIP","floor":30},{"not_picked":["HollowMod:WraithStrike+1","HollowMod:TaintedHusks"],"picked":"HollowMod:DescendingDark+1","floor":31},{"not_picked":["HollowMod:BaldurShell","HollowMod:PureNailStrike+1","HollowMod:VengefulVoid+1"],"picked":"SKIP","floor":35},{"not_picked":["HollowMod:BaldurShell","HollowMod:NewLittleFool+1","HollowMod:DescendingDark+1"],"picked":"SKIP","floor":38},{"not_picked":["HollowMod:TaintedHusks","HollowMod:SharpenedNail+1"],"picked":"HollowMod:SiblingsShadow","floor":39},{"not_picked":["HollowMod:ZotesMagnificence+1","HollowMod:InfectedCysts+1","HollowMod:DashSlash+1"],"picked":"SKIP","floor":40},{"not_picked":["HollowMod:HeavyBlow+1","HollowMod:CycloneSlash+1","HollowMod:HowlingWraiths+1"],"picked":"SKIP","floor":42},{"not_picked":["HollowMod:InfectedCysts+1","HollowMod:BaldurShell","HollowMod:ShadowDash+1"],"picked":"SKIP","floor":44}],"player_experience":123433,"relics_obtained":[{"floor":7,"key":"Molten Egg 2"},{"floor":9,"key":"StrikeDummy"},{"floor":12,"key":"MawBank"},{"floor":24,"key":"Omamori"},{"floor":26,"key":"Mango"},{"floor":28,"key":"CeramicFish"},{"floor":30,"key":"Kunai"},{"floor":40,"key":"White Beast Statue"},{"floor":43,"key":"PreservedInsect"},{"floor":48,"key":"Ice Cream"}],"event_choices":[{"cards_removed":["HollowMod:HeavyBlow"],"damage_healed":0,"gold_gain":0,"player_choice":"Card Removal","damage_taken":7,"max_hp_gain":0,"max_hp_loss":0,"event_name":"Golden Wing","floor":2,"gold_loss":0},{"damage_healed":0,"gold_gain":0,"player_choice":"Entered Light","damage_taken":15,"max_hp_gain":0,"max_hp_loss":0,"event_name":"Shining Light","floor":3,"gold_loss":0,"cards_upgraded":["HollowMod:ShadowDash","HollowMod:HeavyBlow"]},{"damage_healed":25,"gold_gain":0,"player_choice":"Banana","damage_taken":0,"max_hp_gain":0,"max_hp_loss":0,"event_name":"Big Fish","floor":13,"gold_loss":0},{"damage_healed":0,"gold_gain":0,"player_choice":"Copied","damage_taken":0,"max_hp_gain":0,"max_hp_loss":0,"event_name":"Duplicator","floor":21,"gold_loss":0,"cards_obtained":["HollowMod:ShadowDash"]},{"damage_healed":0,"gold_gain":0,"player_choice":"Fight","damage_taken":0,"max_hp_gain":0,"max_hp_loss":0,"event_name":"MindBloom","floor":36,"gold_loss":0},{"damage_healed":0,"gold_gain":100,"player_choice":"Pray","damage_taken":0,"max_hp_gain":0,"max_hp_loss":0,"event_name":"Golden Shrine","floor":37,"gold_loss":0},{"damage_healed":0,"gold_gain":0,"player_choice":"Fight","damage_taken":0,"max_hp_gain":0,"max_hp_loss":0,"event_name":"Mysterious Sphere","floor":48,"gold_loss":0}],"is_beta":false,"boss_relics":[{"not_picked":["Black Star","Philosopher\u0027s Stone"],"picked":"Empty Cage"},{"not_picked":["Coffee Dripper","Snecko Eye"],"picked":"SlaversCollar"}],"items_purged_floors":[5,22,46],"is_endless":false,"potions_floor_spawned":[7,10,12,19,27,33,38,40,42,44,48],"ascension_level":1}}