{"host":"9fuvscx47tolndfl","time":1613328151,"event":{"mods":["100% Spire Juice","AchievementEnabler","Act Like it!","Arknights","Aspiration","BaseMod","Beaked The Cultist","Better Match","Better Note","Better Third Choice","CapriCore","Colored Map","Colored Powertips","Conspire","Downfall","GungeonMod","Halation","Hermit","Hubris","Infinite Spire","Jedi Mod","Jorbs\u0027s Wanderer Trilogy","Koishi","Luminous","Marisa????????","Minty Spire (QoL Compilation)","Prisma Mod","Rare Cards Sparkle","Replay The Spire","Shade Mod","Shop Mod","StSLib","The Administrix","The Alterego","The Animator","The Bug Knight","The Construct","The Cursed","The Disciple","The Fake Hero","The Forsaken","The Hayseed","The Hierophant","The Immortal","The Jungle","The Mystic","The Necromancer","The Poker Player","The Problem Sleuth","The Runesmith","The Servant 0.9.4","TheBandit","TheHero","TheSwordswoman","Waifu the Spire","Wandering Minibosses","WarShipGirlsR/????R mod","Yuyuko","thorton","??????REMEMod"],"gold_per_floor":[114,129,144,159,259,259,276,276,276,287,287,318,338,338,338,440,440,456,456,476,576,588,588,588],"floor_reached":23,"language":"ENG","playtime":2150,"items_purged":["downfall:Icky"],"score":195,"play_id":"96effa98-c835-4a2f-ac04-0a568462df2f","local_time":"20210214104231","is_ascension_mode":false,"campfire_choices":[{"data":"HollowMod:CycloneSlash","floor":6,"key":"SMITH"},{"data":"HollowMod:FocusHealStart","floor":8,"key":"SMITH"},{"data":"HollowMod:Weaversong","floor":15,"key":"SMITH"}],"circlet_count":0,"master_deck":["HollowMod:NailStrikeStart","HollowMod:NailStrikeStart","HollowMod:NailStrikeStart","HollowMod:NailStrikeStart","HollowMod:QuickDashStart","HollowMod:QuickDashStart","HollowMod:QuickDashStart","HollowMod:QuickDashStart","HollowMod:FocusHealStart+1","HollowMod:PogoStrike","HollowMod:NewJinnsSoul","HollowMod:CycloneSlash+1","HollowMod:DesolateDive","HollowMod:BaldurShell","TheCursedMod:SpreadPlague","HollowMod:LifebloodCocoon","HollowMod:Weaversong+1","HollowMod:MonarchWings","HollowMod:InfectedAttack","theForsaken:PlagueCurse","HollowMod:SoulMaster","HollowMod:DescendingDark","infinitespire:Punishment","HollowMod:HowlingWraiths","HollowMod:DungDefenderAura+1"],"relics":["HollowMod:VesselMask","REME_ComplimentaryCards","Simple Rune","Lantern","Smiling Mask","theForsaken:PlagueMask","Black Star","Dream Catcher"],"acts_visited":["Exordium","TheCity"],"potions_floor_usage":[13,16,16,16,16,16,16,20,20,22],"damage_taken":[{"damage":0,"enemies":"ats:Genji","floor":1,"turns":3},{"damage":0,"enemies":"Cultist","floor":2,"turns":3},{"damage":0,"enemies":"conspire:RoseBush","floor":3,"turns":3},{"damage":10,"enemies":"Exordium Wildlife","floor":4,"turns":5},{"damage":6,"enemies":"Looter","floor":7,"turns":4},{"damage":4,"enemies":"Lots of Slimes","floor":10,"turns":3},{"damage":10,"enemies":"HollowMod:MossKnight","floor":12,"turns":6},{"damage":12,"enemies":"Exordium Wildlife","floor":13,"turns":3},{"damage":62,"enemies":"Hexaghost","floor":16,"turns":10},{"damage":23,"enemies":"3 Byrds","floor":18,"turns":3},{"damage":9,"enemies":"conspire:FuzzyDice","floor":20,"turns":4},{"damage":34,"enemies":"conspire:HollyBat","floor":22,"turns":7},{"damage":31,"enemies":"Book of Stabbing","floor":23,"turns":3}],"seed_played":"-85604527252789953","potions_obtained":[{"floor":3,"key":"LiquidBronze"},{"floor":7,"key":"Swift Potion"},{"floor":12,"key":"SkillPotion"},{"floor":13,"key":"ColorlessPotion"},{"floor":18,"key":"PowerPotion"}],"is_trial":false,"path_per_floor":["M","M","M","M","?","R","M","R","T","M","?","E","M","?","R","B",null,"M","AVR","M","?","M","E"],"character_chosen":"THE_BUGKNIGHT","items_purchased":[],"campfire_rested":0,"item_purchase_floors":[],"current_hp_per_floor":[75,75,75,75,75,75,75,75,75,71,71,67,55,55,55,5,75,52,52,49,49,25,0,0],"gold":588,"neow_bonus":"RANDOM_COMMON_RELIC","is_daily":false,"chose_seed":false,"campfire_upgraded":3,"win_rate":0.0,"timestamp":1613328151,"path_taken":["M","M","M","M","?","R","M","R","T","?","?","E","M","?","R","BOSS","M","AVR","M","?","M","E"],"items_purchased_type":[],"build_version":"2020-12-22","purchased_purges":1,"victory":false,"max_hp_per_floor":[75,75,75,75,75,75,75,75,75,75,75,75,75,75,75,75,75,75,75,75,75,75,75,75],"card_choices":[{"not_picked":["HollowMod:SharpenedNail","HollowMod:DoubleDash"],"picked":"HollowMod:NewJinnsSoul","floor":1},{"not_picked":["HollowMod:InfectedAttack","HollowMod:SoulShaman"],"picked":"HollowMod:CycloneSlash","floor":2},{"not_picked":["HollowMod:DescendingDark","HollowMod:theNailsmith"],"picked":"HollowMod:DesolateDive","floor":3},{"not_picked":["HollowMod:BlackTendrils","HollowMod:CornifersMapStart"],"picked":"HollowMod:BaldurShell","floor":4},{"not_picked":["HollowMod:SharpenedShadows","HollowMod:SoulSplash"],"picked":"HollowMod:LifebloodCocoon","floor":7},{"not_picked":["HollowMod:VengefulSpirit","HollowMod:ShadowDash"],"picked":"HollowMod:Weaversong","floor":10},{"not_picked":["HollowMod:NewJinnsSoul","HollowMod:LordofShades"],"picked":"HollowMod:MonarchWings","floor":12},{"not_picked":["HollowMod:CrystalDash","HollowMod:NewJinnsSoul"],"picked":"HollowMod:InfectedAttack","floor":13},{"not_picked":["HollowMod:ZotesMagnificence","HollowMod:PureVessel"],"picked":"HollowMod:SoulMaster","floor":16},{"not_picked":["HollowMod:NewJinnsSoul+1","HollowMod:FastStrike"],"picked":"HollowMod:DescendingDark","floor":18},{"not_picked":["HollowMod:LordofShades","HollowMod:DreamGate+1"],"picked":"HollowMod:HowlingWraiths","floor":20},{"not_picked":["HollowMod:DoubleDash","HollowMod:SharpenedNail"],"picked":"HollowMod:DungDefenderAura+1","floor":22}],"player_experience":267204,"relics_obtained":[{"floor":9,"key":"Lantern"},{"floor":12,"key":"Smiling Mask"}],"event_choices":[{"damage_healed":0,"gold_gain":100,"player_choice":"Pray","damage_taken":0,"max_hp_gain":0,"max_hp_loss":0,"event_name":"Golden Shrine","floor":5,"gold_loss":0},{"damage_healed":0,"gold_gain":0,"player_choice":"Obtain Plague Curse","damage_taken":0,"max_hp_gain":0,"max_hp_loss":0,"event_name":"Plague Doctor","floor":14,"gold_loss":0,"cards_obtained":["theForsaken:PlagueCurse"]},{"damage_healed":0,"gold_gain":100,"player_choice":"Pray","damage_taken":0,"max_hp_gain":0,"max_hp_loss":0,"event_name":"Golden Shrine","floor":21,"gold_loss":0}],"is_beta":false,"boss_relics":[{"not_picked":["halation:CatFaceCupcake","halation:PinkAlligatorPlush"],"picked":"Black Star"}],"items_purged_floors":[19],"is_endless":false,"potions_floor_spawned":[3,7,12,13,18],"killed_by":"Book of Stabbing","ascension_level":0}}