{"host":"630px4nyj50z5id8","time":1613306920,"event":{"mods":["BaseMod","Better Note","Colored Powertips","Good Game Mod","Minty Spire (QoL Compilation)","Quick Restart","Rare Cards Sparkle","Relic Filter Mod","Replay The Spire","StSLib","Waifu the Spire"],"gold_per_floor":[109,34,34,34,34,69,69,108,108,121,136,169,188,209,209,340,340,364,264,204,60,78,114,114,147,147,180,194,194,194,194,194],"floor_reached":31,"language":"ZHS","playtime":1012,"items_purged":["Strike_R","Strike_R"],"score":379,"play_id":"6f1cd47e-198f-4547-8480-c9833400c21c","local_time":"20210214204840","is_ascension_mode":true,"campfire_choices":[{"data":"Limit Break","floor":7.0,"key":"SMITH"},{"data":"Hemokinesis","floor":15.0,"key":"SMITH"},{"data":"Massacre","floor":24.0,"key":"SMITH"},{"data":"Regret","floor":29,"key":"PURGE"}],"circlet_count":0,"master_deck":["Strike_R","Defend_R","Defend_R","Defend_R","Defend_R","Bash","Limit Break+1","Hemokinesis+1","Eclipse+1","Shrug It Off+1","Headbutt","Armaments+1","Flex+1","Impervious+1","Evolve","Armaments+1","Impervious+1","Intimidate+1","Massacre+1","Whirlwind+1","Seeing Red+1","Pain"],"relics":["Burning Blood","REME:ComplimentaryCards","NeowsBlessing","Vajra","Golden Idol","Lantern","Toxic Egg 2","Turnip","ReplayTheSpireMod:Shallot","Bottled Flame","Runic Cube","Sling","Ginger","Peace Pipe","Ancient Tea Set","Ornamental Fan","WarpedTongs"],"acts_visited":["Exordium","TheCity"],"potions_floor_usage":[],"damage_taken":[{"damage":0.0,"enemies":"2 Louse","floor":1.0,"turns":1.0},{"damage":2.0,"enemies":"3 Sentries","floor":6.0,"turns":2.0},{"damage":0.0,"enemies":"Lagavulin","floor":8.0,"turns":1.0},{"damage":3.0,"enemies":"Small Slimes","floor":10.0,"turns":3.0},{"damage":2.0,"enemies":"Jaw Worm","floor":11.0,"turns":3.0},{"damage":18.0,"enemies":"Gremlin Nob","floor":12.0,"turns":5.0},{"damage":8.0,"enemies":"Exordium Wildlife","floor":13.0,"turns":2.0},{"damage":2.0,"enemies":"2 Fungi Beasts","floor":14.0,"turns":3.0},{"damage":26.0,"enemies":"Hexaghost","floor":16.0,"turns":6.0},{"damage":3.0,"enemies":"Spheric Guardian","floor":18.0,"turns":4.0},{"damage":8.0,"enemies":"Chosen","floor":22.0,"turns":3.0},{"damage":31.0,"enemies":"Gremlin Leader","floor":23.0,"turns":9.0},{"damage":9,"enemies":"Slavers","floor":25,"turns":4},{"damage":36,"enemies":"Book of Stabbing","floor":27,"turns":6},{"damage":19,"enemies":"Snake Plant","floor":28,"turns":3},{"damage":7,"enemies":"Snecko","floor":31,"turns":5}],"seed_played":"-5503672849416683586","potions_obtained":[{"floor":1.0,"key":"Block Potion"},{"floor":13.0,"key":"Swift Potion"},{"floor":14.0,"key":"BlessingOfTheForge"},{"floor":27,"key":"SpeedPotion"},{"floor":28,"key":"SneckoOil"}],"is_trial":false,"path_per_floor":["M","$","?","?","?","E","R","E","T","M","M","E","M","M","R","B",null,"M","$","?","$","M","E","R","E","T","E","M","R","?","M"],"character_chosen":"IRONCLAD","items_purchased":["Sling"],"campfire_rested":0,"item_purchase_floors":[21],"current_hp_per_floor":[80,80,73,53,53,57,57,63,63,66,70,58,56,60,60,40,80,80,80,80,80,78,53,53,50,50,20,7,7,7,0,0],"gold":194,"neow_bonus":"THREE_ENEMY_KILL","is_daily":false,"chose_seed":false,"campfire_upgraded":3,"win_rate":0.0,"timestamp":1613306920,"path_taken":["M","$","?","?","?","E","R","E","T","M","?","E","M","M","R","BOSS","M","$","?","$","M","E","R","E","T","E","M","R","?","M"],"items_purchased_type":["Relic"],"build_version":"2020-12-22","purchased_purges":2,"victory":false,"max_hp_per_floor":[80,80,80,80,80,80,80,80,80,80,80,80,80,80,80,80,80,80,80,80,80,80,80,80,80,80,80,80,80,80,80,80],"card_choices":[{"not_picked":["Iron Wave","Replay:Undeath\u0027s Touch"],"picked":"Hemokinesis","floor":1.0},{"not_picked":["Perfected Strike","Cleave"],"picked":"Eclipse+1","floor":6.0},{"not_picked":["Thunderclap","Run Through"],"picked":"Shrug It Off+1","floor":8.0},{"not_picked":["Replay:Undeath\u0027s Touch","ReplayTheSpireMod:LeadingStrike"],"picked":"Headbutt","floor":10.0},{"not_picked":["Perfected Strike","Body Slam"],"picked":"Armaments+1","floor":11.0},{"not_picked":["Entrench+1","Clothesline"],"picked":"Flex+1","floor":12.0},{"not_picked":["Infernal Blade+1","Body Slam","Warcry+1"],"picked":"SKIP","floor":13.0},{"not_picked":["Cleave","Combust","Twin Strike"],"picked":"SKIP","floor":14.0},{"not_picked":["Fiend Fire","Barricade"],"picked":"Impervious+1","floor":16.0},{"not_picked":["Clothesline+1","Cleave"],"picked":"Evolve","floor":18.0},{"not_picked":["ReplayTheSpireMod:Strike From Hell","Clothesline"],"picked":"Intimidate+1","floor":22.0},{"not_picked":["ReplayTheSpireMod:LeadingStrike+1","Sentinel+1"],"picked":"Massacre","floor":23.0},{"not_picked":["Twin Strike","Heavy Blade","Body Slam+1"],"picked":"SKIP","floor":25},{"not_picked":["ReplayReversal+1","Ghostly Armor+1"],"picked":"Whirlwind+1","floor":27},{"not_picked":["Fiend Fire","Abandon+1"],"picked":"Seeing Red+1","floor":28}],"player_experience":389943,"relics_obtained":[{"floor":6.0,"key":"Toxic Egg 2"},{"floor":8.0,"key":"Turnip"},{"floor":9.0,"key":"ReplayTheSpireMod:Shallot"},{"floor":12.0,"key":"Bottled Flame"},{"floor":23.0,"key":"Ginger"},{"floor":25,"key":"Peace Pipe"},{"floor":26,"key":"Ancient Tea Set"},{"floor":27,"key":"Ornamental Fan"}],"event_choices":[{"damage_healed":0.0,"max_hp_gain":0.0,"max_hp_loss":0.0,"gold_gain":0.0,"event_name":"Scrap Ooze","player_choice":"Success","floor":3.0,"gold_loss":0.0,"damage_taken":7.0,"relics_obtained":["Vajra"]},{"damage_healed":0.0,"max_hp_gain":0.0,"max_hp_loss":0.0,"gold_gain":0.0,"event_name":"Golden Idol","player_choice":"Take Damage","floor":4.0,"gold_loss":0.0,"damage_taken":20.0,"relics_obtained":["Golden Idol"]},{"damage_healed":0.0,"max_hp_gain":0.0,"max_hp_loss":0.0,"gold_gain":0.0,"event_name":"Big Fish","player_choice":"Box","floor":5.0,"gold_loss":0.0,"damage_taken":0.0,"relics_obtained":["Lantern"],"cards_obtained":["Regret"]},{"damage_healed":0.0,"max_hp_gain":0.0,"max_hp_loss":0.0,"gold_gain":0.0,"cards_transformed":["Strike_R","Strike_R"],"event_name":"Designer","player_choice":"Transformed Cards","floor":20.0,"gold_loss":60.0,"damage_taken":0.0,"cards_obtained":["Armaments","Impervious"]},{"damage_healed":0,"gold_gain":0,"player_choice":"Rummage","damage_taken":0,"relics_obtained":["WarpedTongs"],"max_hp_gain":0,"max_hp_loss":0,"event_name":"Accursed Blacksmith","floor":30,"gold_loss":0,"cards_obtained":["Pain"]}],"is_beta":false,"boss_relics":[{"not_picked":["Ring of Chaos","SlaversCollar"],"picked":"Runic Cube"}],"items_purged_floors":[2,19],"is_endless":false,"potions_floor_spawned":[1,13,14,27,28],"killed_by":"Snecko","ascension_level":1}}