{"host":"xw7092rw7wabncmm","time":1613339684,"event":{"mods":["AchievementEnabler","BaseMod","Bestiary","Block Reminder","Minty Spire (QoL Compilation)","Quick Restart","Relic Stats","Slay-I","Weighted Paths"],"gold_per_floor":[119,119,20,20,31,57,67,67,113,129,139,167,181,194,194,299,299,318,318,333,5,14,49,49,88,88,30,40,40,65,88,88,88,88],"floor_reached":33,"language":"ENG","playtime":2129,"items_purged":[],"score":502,"play_id":"cd7f4692-23a5-4849-98fa-613cdabb02bb","local_time":"20210214165444","is_ascension_mode":true,"campfire_choices":[{"data":"Creative AI","floor":8,"key":"SMITH"},{"floor":15,"key":"REST"},{"data":"Self Repair","floor":24,"key":"SMITH"},{"data":"Hyperbeam","floor":29,"key":"SMITH"},{"data":"Sunder","floor":32,"key":"SMITH"}],"circlet_count":0,"master_deck":["AscendersBane","Strike_B","Strike_B","Defend_B+1","Defend_B","Defend_B","Defend_B","Zap","Sunder+1","Core Surge","Steam+1","FTL","Creative AI+1","Cold Snap","Genetic Algorithm","Cold Snap","Hyperbeam+1","Biased Cognition","Self Repair+1","Amplify","Stack","Compile Driver","Dark Shackles","Leap","Impatience","Chill","BootSequence+1"],"relics":["Cracked Core","NeowsBlessing","Centennial Puzzle","War Paint","The Courier","Sozu","Eternal Feather","CeramicFish","Matryoshka","Bird Faced Urn","Smiling Mask","Sundial"],"acts_visited":["Exordium","TheCity"],"potions_floor_usage":[11,13,16,16],"damage_taken":[{"damage":0,"enemies":"2 Louse","floor":1,"turns":1},{"damage":0,"enemies":"Cultist","floor":5,"turns":1},{"damage":0,"enemies":"3 Sentries","floor":6,"turns":1},{"damage":2,"enemies":"Jaw Worm","floor":7,"turns":2},{"damage":1,"enemies":"Red Slaver","floor":10,"turns":3},{"damage":18,"enemies":"Large Slime","floor":11,"turns":4},{"damage":20,"enemies":"Gremlin Nob","floor":12,"turns":4},{"damage":0,"enemies":"Gremlin Gang","floor":13,"turns":3},{"damage":7,"enemies":"Lots of Slimes","floor":14,"turns":3},{"damage":12,"enemies":"Hexaghost","floor":16,"turns":9},{"damage":4,"enemies":"Shell Parasite","floor":18,"turns":6},{"damage":3,"enemies":"3 Byrds","floor":20,"turns":3},{"damage":34,"enemies":"Book of Stabbing","floor":23,"turns":6},{"damage":34,"enemies":"Slavers","floor":25,"turns":6},{"damage":0,"enemies":"3 Cultists","floor":28,"turns":4},{"damage":15,"enemies":"Shelled Parasite and Fungi","floor":30,"turns":9},{"damage":32,"enemies":"Cultist and Chosen","floor":31,"turns":9},{"damage":115,"enemies":"Automaton","floor":33,"turns":14}],"seed_played":"8346884931535638692","potions_obtained":[{"floor":6,"key":"FocusPotion"},{"floor":12,"key":"DistilledChaos"},{"floor":14,"key":"PotionOfCapacity"}],"is_trial":false,"path_per_floor":["M","?","$","?","M","E","M","R","T","M","M","E","M","M","R","B",null,"M","?","M","$","?","E","R","E","T","$","M","R","M","M","R","B"],"character_chosen":"DEFECT","items_purchased":["Explosive Potion","Steam","Eternal Feather","CeramicFish","Impatience"],"campfire_rested":1,"item_purchase_floors":[3,3,21,21,27],"current_hp_per_floor":[68,68,68,68,68,68,66,66,66,65,47,27,27,20,42,30,64,60,60,57,57,57,30,42,18,18,18,32,47,70,65,75,0,0],"gold":88,"neow_bonus":"THREE_ENEMY_KILL","is_daily":false,"chose_seed":false,"campfire_upgraded":4,"win_rate":0.0,"timestamp":1613339684,"path_taken":["M","?","?","?","M","E","M","R","T","M","M","E","M","?","R","BOSS","M","?","M","$","?","E","R","E","T","$","M","R","?","?","R","BOSS"],"items_purchased_type":["Potion","Card","Relic","Relic","Card"],"build_version":"2020-12-22","purchased_purges":0,"victory":false,"max_hp_per_floor":[75,75,75,75,75,75,75,75,75,75,75,75,75,75,75,75,75,75,75,75,75,75,75,75,75,75,75,75,75,75,75,75,75,75],"relic_stats":{"Sozu":4,"Centennial Puzzle":[39],"counters":[18,88],"Sundial":[4],"CeramicFish":45,"Bird Faced Urn":[63],"Eternal Feather":37,"War Paint":["Defend_B","Steam"],"Smiling Mask":0,"obtain_stats":[{"Sozu":17,"Centennial Puzzle":6,"Matryoshka":23,"NeowsBlessing":0,"Sundial":26,"CeramicFish":21,"Bird Faced Urn":25,"Eternal Feather":21,"The Courier":12,"War Paint":9,"Cracked Core":0,"Smiling Mask":26},{"Sozu":10,"Centennial Puzzle":3,"Matryoshka":13,"NeowsBlessing":0,"Sundial":14,"CeramicFish":12,"Bird Faced Urn":14,"Eternal Feather":12,"The Courier":7,"War Paint":4,"Cracked Core":0,"Smiling Mask":14},{"Sozu":31,"Centennial Puzzle":3,"Matryoshka":46,"NeowsBlessing":0,"Sundial":52,"CeramicFish":40,"Bird Faced Urn":52,"Eternal Feather":40,"The Courier":16,"War Paint":5,"Cracked Core":0,"Smiling Mask":52}]},"card_choices":[{"not_picked":["Coolheaded","Beam Cell"],"picked":"Sunder","floor":1},{"not_picked":["Turbo","Go for the Eyes"],"picked":"FTL","floor":5},{"not_picked":["Reboot","Reprogram"],"picked":"Creative AI","floor":6},{"not_picked":["Chaos","Capacitor"],"picked":"Cold Snap","floor":7},{"not_picked":["Compile Driver","Undo"],"picked":"Genetic Algorithm","floor":10},{"not_picked":["Heatsinks","Rebound","Hologram"],"picked":"SKIP","floor":11},{"not_picked":["Rebound","Ball Lightning","BootSequence"],"picked":"SKIP","floor":12},{"not_picked":["Steam Power","Stack"],"picked":"Cold Snap","floor":13},{"not_picked":["Lockon","Gash"],"picked":"Hyperbeam","floor":14},{"not_picked":["Rainbow","Machine Learning"],"picked":"Biased Cognition","floor":16},{"not_picked":["Force Field","Defragment"],"picked":"Self Repair","floor":18},{"not_picked":["Turbo","Hello World+1"],"picked":"Compile Driver","floor":20},{"not_picked":["Doom and Gloom","Skim","Tempest"],"picked":"SKIP","floor":23},{"not_picked":["Defragment","Reprogram"],"picked":"Leap","floor":25},{"not_picked":["Aggregate","Recycle","Storm"],"picked":"SKIP","floor":28},{"not_picked":["Hologram","Capacitor"],"picked":"Chill","floor":30},{"not_picked":["Rebound","Chaos"],"picked":"BootSequence+1","floor":31}],"player_experience":1647611,"relics_obtained":[{"floor":6,"key":"Centennial Puzzle"},{"floor":9,"key":"War Paint"},{"floor":12,"key":"The Courier"},{"floor":23,"key":"Matryoshka"},{"floor":25,"key":"Bird Faced Urn"},{"floor":26,"key":"Smiling Mask"},{"floor":26,"key":"Sundial"}],"event_choices":[{"damage_healed":0,"gold_gain":0,"cards_transformed":["Dualcast"],"player_choice":"Transformed","damage_taken":0,"max_hp_gain":0,"max_hp_loss":0,"event_name":"Transmorgrifier","floor":2,"gold_loss":0,"cards_obtained":["Core Surge"]},{"damage_healed":0,"gold_gain":0,"player_choice":"Ignored","damage_taken":0,"max_hp_gain":0,"max_hp_loss":0,"event_name":"Liars Game","floor":4,"gold_loss":0},{"damage_healed":0,"gold_gain":0,"cards_transformed":["Strike_B","Strike_B"],"player_choice":"Became Test Subject","damage_taken":0,"max_hp_gain":0,"max_hp_loss":0,"event_name":"Drug Dealer","floor":19,"gold_loss":0,"cards_obtained":["Amplify","Stack"]},{"damage_healed":0,"gold_gain":0,"player_choice":"1 cards matched","damage_taken":0,"max_hp_gain":0,"max_hp_loss":0,"event_name":"Match and Keep!","floor":22,"gold_loss":0,"cards_obtained":["Dark Shackles"]}],"is_beta":false,"boss_relics":[{"not_picked":["Black Star","Ectoplasm"],"picked":"Sozu"}],"items_purged_floors":[],"is_endless":false,"potions_floor_spawned":[6,12,14,20,28,30,31],"killed_by":"Automaton","ascension_level":11}}