{"host":"7rmsgc3rayi00cdt","time":1613322217,"event":{"mods":["BaseMod","Minty Spire (QoL Compilation)"],"gold_per_floor":[114,130,205,380,380,413,413,424,424,424,424,424,35,95,95,196,196,210,125,50,50,50],"floor_reached":21,"language":"ENG","playtime":800,"items_purged":[],"score":259,"play_id":"49bfd437-3b40-4998-9f5f-d7822a484059","local_time":"20210214170337","is_ascension_mode":true,"campfire_choices":[{"floor":7,"key":"REST"},{"floor":11,"key":"DIG"},{"floor":15,"key":"DIG"}],"circlet_count":0,"master_deck":["Strike_R","Strike_R","Strike_R","Strike_R","Defend_R","Defend_R","Defend_R","Defend_R","Bash","Evolve+1","Burning Pact","Wild Strike","Battle Trance","Reaper","Spot Weakness"],"relics":["Burning Blood","Mango","Shovel","Frozen Egg 2","InkBottle","Paper Frog","Regal Pillow","Blue Candle","Matryoshka","Black Star","Pantograph"],"acts_visited":["Exordium","TheCity"],"potions_floor_usage":[6,16],"damage_taken":[{"damage":0,"enemies":"Small Slimes","floor":1,"turns":3},{"damage":8,"enemies":"Jaw Worm","floor":2,"turns":4},{"damage":40,"enemies":"3 Sentries","floor":6,"turns":16},{"damage":10,"enemies":"2 Louse","floor":8,"turns":3},{"damage":32,"enemies":"Gremlin Nob","floor":14,"turns":4},{"damage":53,"enemies":"Slime Boss","floor":16,"turns":19},{"damage":48,"enemies":"Chosen","floor":18,"turns":7},{"damage":53,"enemies":"Spheric Guardian","floor":21,"turns":5}],"seed_played":"-1568972898145875169","potions_obtained":[{"floor":1,"key":"Regen Potion"},{"floor":2,"key":"Dexterity Potion"}],"is_trial":false,"path_per_floor":["M","M","?","?","?","E","R","M","T","?","R","T","$","?","R","B",null,"M","?","?","M"],"character_chosen":"IRONCLAD","items_purchased":["Paper Frog","Regal Pillow"],"campfire_rested":1,"item_purchase_floors":[13,13],"current_hp_per_floor":[86,84,73,73,73,68,98,94,94,94,94,94,94,68,68,21,82,44,44,44,0,0],"gold":50,"neow_bonus":"TEN_PERCENT_HP_BONUS","is_daily":false,"chose_seed":false,"campfire_upgraded":0,"win_rate":0.0,"timestamp":1613322217,"path_taken":["M","M","?","?","?","E","R","?","T","?","R","?","$","?","R","BOSS","M","?","?","M"],"items_purchased_type":["Relic","Relic"],"build_version":"2020-12-22","purchased_purges":0,"victory":false,"max_hp_per_floor":[88,88,88,88,88,102,102,102,102,102,102,102,102,102,102,102,102,102,102,102,102,102],"card_choices":[{"not_picked":["Sentinel","True Grit"],"picked":"Evolve","floor":1},{"not_picked":["Pommel Strike","Pummel"],"picked":"Burning Pact","floor":2},{"not_picked":["Sentinel","Thunderclap"],"picked":"Wild Strike","floor":6},{"not_picked":["Searing Blow","Havoc","Rampage"],"picked":"SKIP","floor":8},{"not_picked":["Iron Wave","Blood for Blood"],"picked":"Battle Trance","floor":14},{"not_picked":["Barricade+1","Bludgeon"],"picked":"Reaper","floor":16},{"not_picked":["Whirlwind","Armaments"],"picked":"Spot Weakness","floor":18}],"player_experience":812391,"relics_obtained":[{"floor":6,"key":"Mango"},{"floor":9,"key":"Shovel"},{"floor":11,"key":"Frozen Egg 2"},{"floor":12,"key":"InkBottle"},{"floor":15,"key":"Matryoshka"}],"event_choices":[{"damage_healed":0,"gold_gain":75,"player_choice":"Gather Gold","damage_taken":11,"max_hp_gain":0,"max_hp_loss":0,"event_name":"World of Goop","floor":3,"gold_loss":0},{"damage_healed":0,"gold_gain":175,"player_choice":"AGREE","damage_taken":0,"max_hp_gain":0,"max_hp_loss":0,"event_name":"Liars Game","floor":4,"gold_loss":0,"cards_obtained":["Doubt"]},{"damage_healed":0,"gold_gain":0,"player_choice":"Upgraded","damage_taken":0,"max_hp_gain":0,"max_hp_loss":0,"event_name":"Upgrade Shrine","floor":5,"gold_loss":0,"cards_upgraded":["Evolve"]},{"cards_removed":["Doubt"],"damage_healed":0,"gold_gain":0,"player_choice":"Forget","damage_taken":0,"max_hp_gain":0,"max_hp_loss":0,"event_name":"Living Wall","floor":10,"gold_loss":0},{"damage_healed":0,"gold_gain":0,"player_choice":"Searched \u00272\u0027 times","damage_taken":0,"relics_obtained":["Blue Candle"],"max_hp_gain":0,"max_hp_loss":0,"event_name":"Dead Adventurer","floor":14,"gold_loss":0},{"damage_healed":0,"gold_gain":0,"player_choice":"Obtained Relic","damage_taken":0,"relics_obtained":["Pantograph"],"max_hp_gain":0,"max_hp_loss":0,"event_name":"Addict","floor":19,"gold_loss":85},{"cards_removed":["Strike_R"],"damage_healed":0,"gold_gain":0,"player_choice":"Gave Gold","damage_taken":0,"max_hp_gain":0,"max_hp_loss":0,"event_name":"Beggar","floor":20,"gold_loss":75}],"is_beta":false,"boss_relics":[{"not_picked":["Sozu","Tiny House"],"picked":"Black Star"}],"items_purged_floors":[],"is_endless":false,"potions_floor_spawned":[1,2],"killed_by":"Spheric Guardian","ascension_level":7}}