{"host":"6jrnojxwearbrjzo","time":1613284757,"event":{"mods":["BaseMod","Conspire","Minty Spire (QoL Compilation)","MostiFishMod","Quick Restart","Random Character Button","Spicy Shops","StSLib","The Servant 0.9.4","[功能]功能增强和修复MOD","篝火指南"],"gold_per_floor":[119,1,18,18,32,67,67,86,86,86,118,3,3,22,2,103,103,119,89,100,113,35,68,68,68,68,101,101,101,101,118,17,112,112,125,125,142,142,142,142,159,159,159,159,177,192,192,223,51,51],"floor_reached":51,"language":"ZHS","playtime":1419,"items_purged":["Strike_B","Defend_B","Strike_B","Defend_B","Strike_B","Strike_B","Defend_B","Defend_B","Parasite","Scrape+1","Aggregate+1","Dualcast+1","Decay"],"score":1357,"play_id":"fe6c5f9b-ecbf-4ac0-9412-3057cf3fcb89","local_time":"20210214143917","is_ascension_mode":true,"campfire_choices":[{"data":"Fission","floor":7,"key":"SMITH"},{"data":"MostiFishMod:LinkProtocol","floor":13,"key":"SMITH"},{"data":"Zap","floor":25,"key":"SMITH"},{"data":"Scrape","floor":28,"key":"SMITH"},{"data":"MostiFishMod:EE1D","floor":40,"key":"SMITH"},{"data":"MostiFishMod:EE1D","floor":42,"key":"SMITH"}],"circlet_count":0,"master_deck":["Zap+1","conspire:SharedLibrary+1","Fission+1","Static Discharge+1","MostiFishMod:LinkProtocol+1","MostiFishMod:StrandedSiren+1","MostiFishMod:TalkingToTheRain+1","MostiFishMod:EE1D+1","MostiFishMod:EE1D+1","MostiFishMod:EE1D+1","White Noise+1","MostiFishMod:ElfcollectionBox+1","MostiFishMod:LinkProtocol+1","MostiFishMod:ReadyAimFire+1","MostiFishMod:LinkProtocol+1","MostiFishMod:Kaleido+1","Storm+1"],"relics":["DaveBox","BirthdayGift-Icosahedron","xbg","SynthV:TestCard","Membership Card","Dodecahedron","conspire:Flyswatter","MealTicket","Frozen Egg 2","Boot","Sundial","Blue Candle","Oddly Smooth Stone","BirthdayGift-Tetrahedron","BrkXgEgg","Inserter","Dead Branch","Potion Belt","Strange Spoon","MealTicket","Runic Capacitor","Cables","Bag of Marbles","StrikeDummy","Gremlin Horn","Regal Pillow","Potion Belt","DataDisk","DiscerningMonocle","Frozen Eye","SynthV:C4","conspire:BottledYoYo","EE1DDrone","Mummified Hand","HornCleat","conspire:TreasureMap","Medical Kit","Art of War","Meat on the Bone","conspire:TopHat","Nunchaku","Kunai","conspire:BottledYoYo","Chemical X","Lee\u0027s Waffle","Akabeko","Orichalcum","Vajra","Toolbox","Bronze Scales","PreservedInsect","Orrery","ClockworkSouvenir","Eternal Feather","Anchor","Lantern","StoneCalendar","TimeFreeze","Strawberry","Lantern","Mummified Hand","MetatronsCube","Bronze Scales","Bottled Lightning","Technique"],"acts_visited":["Exordium","TheCity","TheBeyond"],"potions_floor_usage":[],"damage_taken":[{"damage":0,"enemies":"Jaw Worm","floor":1,"turns":2},{"damage":0,"enemies":"Cultist","floor":3,"turns":2},{"damage":0,"enemies":"Small Slimes","floor":5,"turns":1},{"damage":0,"enemies":"Lagavulin","floor":6,"turns":5},{"damage":0,"enemies":"Gremlin Gang","floor":8,"turns":1},{"damage":0,"enemies":"Gremlin Nob","floor":11,"turns":2},{"damage":0,"enemies":"Blue Slaver","floor":14,"turns":1},{"damage":1,"enemies":"Slime Boss","floor":16,"turns":2},{"damage":0,"enemies":"Shell Parasite","floor":18,"turns":2},{"damage":0,"enemies":"3 Byrds","floor":20,"turns":1},{"damage":0,"enemies":"Centurion and Healer","floor":21,"turns":1},{"damage":0,"enemies":"Slavers","floor":23,"turns":1},{"damage":0,"enemies":"Book of Stabbing","floor":27,"turns":1},{"damage":0,"enemies":"Snake Plant","floor":31,"turns":1},{"damage":13,"enemies":"Champ","floor":33,"turns":2},{"damage":0,"enemies":"3 Shapes","floor":35,"turns":1},{"damage":0,"enemies":"Orb Walker","floor":37,"turns":1},{"damage":0,"enemies":"Spire Growth","floor":41,"turns":1},{"damage":0,"enemies":"Transient","floor":45,"turns":1},{"damage":0,"enemies":"Writhing Mass","floor":46,"turns":1},{"damage":0,"enemies":"Giant Head","floor":48,"turns":1},{"damage":0,"enemies":"Donu and Deca","floor":50,"turns":1}],"seed_played":"8062092172784310885","potions_obtained":[{"floor":1,"key":"LiquidBronze"},{"floor":5,"key":"FocusPotion"},{"floor":6,"key":"SkillPotion"},{"floor":14,"key":"LiquidMemories"},{"floor":41,"key":"SkillPotion"},{"floor":41,"key":"Ancient Potion"},{"floor":48,"key":"Swift Potion"}],"is_trial":false,"path_per_floor":["M","$","M","?","M","E","R","M","T","?","E","$","R","M","R","B",null,"M","$","M","M","$","E","?","R","T","E","R","T","?","M","R","B",null,"M","$","M","?","$","R","M","R","T","$","M","M","$","E","R","B",null],"character_chosen":"DEFECT","items_purchased":["Membership Card","Dodecahedron","conspire:Flyswatter","MealTicket","Frozen Egg 2","conspire:SharedLibrary+1","BirthdayGift-Tetrahedron","BrkXgEgg","Dead Branch","Potion Belt","Strange Spoon","MealTicket","Runic Capacitor","Cables","Potion Belt","DataDisk","DiscerningMonocle","Frozen Eye","SynthV:C4","conspire:BottledYoYo","Mummified Hand","HornCleat","conspire:TreasureMap","Medical Kit","Art of War","Meat on the Bone","MostiFishMod:ElfcollectionBox+1","conspire:TopHat","Nunchaku","Kunai","conspire:BottledYoYo","Chemical X","Lee\u0027s Waffle","Orichalcum","Vajra","Toolbox","Bronze Scales","PreservedInsect","Orrery","ClockworkSouvenir","Eternal Feather","Anchor","Lantern","StoneCalendar","TimeFreeze","MostiFishMod:Kaleido+1","Storm+1","Lantern","Mummified Hand","MetatronsCube","Bronze Scales","Bottled Lightning","Technique"],"campfire_rested":0,"item_purchase_floors":[2,2,2,2,2,2,12,15,22,22,22,22,22,22,32,32,32,32,32,32,36,36,36,36,36,36,36,39,39,39,39,39,39,44,44,44,44,44,44,47,47,47,47,47,47,47,47,49,49,49,49,49,49],"current_hp_per_floor":[69,69,70,70,71,72,72,73,73,73,74,75,75,75,75,75,75,75,75,75,75,75,75,75,75,75,75,75,75,68,69,69,57,68,69,72,72,72,79,79,79,79,79,79,79,79,79,86,86,86],"gold":51,"neow_bonus":"BOSS_RELIC","is_daily":false,"chose_seed":false,"campfire_upgraded":6,"win_rate":0.0,"timestamp":1613284757,"path_taken":["M","$","M","?","?","E","R","M","T","?","E","$","R","M","R","BOSS","M","$","M","?","$","E","?","R","T","E","R","?","?","M","R","BOSS","M","$","M","?","$","R","?","R","T","$","M","M","$","E","R","BOSS"],"items_purchased_type":["Relic","Relic","Relic","Relic","Relic","Card","Relic","Relic","Relic","Relic","Relic","Relic","Relic","Relic","Relic","Relic","Relic","Relic","Relic","Relic","Relic","Relic","Relic","Relic","Relic","Relic","Card","Relic","Relic","Relic","Relic","Relic","Relic","Relic","Relic","Relic","Relic","Relic","Relic","Relic","Relic","Relic","Relic","Relic","Relic","Card","Card","Relic","Relic","Relic","Relic","Relic","Relic"],"build_version":"2020-12-22","purchased_purges":13,"victory":true,"max_hp_per_floor":[75,75,75,75,75,75,75,75,75,75,75,75,75,75,75,75,75,75,75,75,75,75,75,75,75,75,75,75,75,75,75,72,72,72,72,72,72,72,79,79,79,79,79,79,79,79,79,86,86,86],"card_choices":[{"not_picked":["Streamline","Steam","Barrage"],"picked":"SKIP","floor":1},{"not_picked":["Cold Snap","Darkness","Ball Lightning","Streamline","Scrape"],"picked":"SKIP","floor":3},{"not_picked":["Beam Cell","Turbo","Barrage","Consume","Streamline"],"picked":"SKIP","floor":5},{"not_picked":["Heatsinks+1","Defragment+1","Gash","Coolheaded"],"picked":"Fission","floor":6},{"not_picked":["Streamline","Coolheaded","Barrage","Turbo"],"picked":"Static Discharge+1","floor":8},{"not_picked":["Hologram","Skim","Capacitor+1","Cold Snap"],"picked":"MostiFishMod:LinkProtocol","floor":11},{"not_picked":["Leap","Genetic Algorithm","MostiFishMod:ReprogramOld","Stack"],"picked":"Scrape","floor":14},{"not_picked":["Buffer+1","MostiFishMod:ActiveDefenseSystem+1","MostiFishMod:Distribution+1","MostiFishMod:IntelligentEquipment+1"],"picked":"MostiFishMod:StrandedSiren+1","floor":16},{"not_picked":["Conserve Battery","Turbo+1","Redo+1","Coolheaded"],"picked":"Aggregate+1","floor":18},{"not_picked":["Hologram","Hello World+1","Undo+1","Leap","All For One+1"],"picked":"SKIP","floor":20},{"not_picked":["Coolheaded+1","Beam Cell","Consume+1","Auto Shields","Static Discharge+1"],"picked":"SKIP","floor":21},{"not_picked":["MostiFishMod:IceShield","Steam","Auto Shields","MostiFishMod:PushDownKick","FTL"],"picked":"SKIP","floor":23},{"not_picked":["Rip and Tear","Conserve Battery+1","Consume","Steam Power+1","Loop+1"],"picked":"SKIP","floor":27},{"not_picked":["Steam","Sweeping Beam","Rebound+1","Leap","Hologram"],"picked":"SKIP","floor":31},{"not_picked":["MostiFishMod:DawningShadow+1","Buffer+1","Electrodynamics+1","MostiFishMod:IntelligentEquipment+1"],"picked":"MostiFishMod:TalkingToTheRain+1","floor":33},{"not_picked":["Lockon","conspire:SharedLibrary+1","Compile Driver","Redo+1"],"picked":"White Noise+1","floor":35},{"not_picked":["Gash+1","Compile Driver","Steam","Rebound+1","Consume+1"],"picked":"SKIP","floor":37},{"not_picked":["Static Discharge+1","MostiFishMod:TalkingToTheRain+1","Force Field+1","Rebound+1","MostiFishMod:IceShield+1"],"picked":"SKIP","floor":41},{"not_picked":["Cold Snap+1","Loop+1","Ball Lightning","Leap"],"picked":"MostiFishMod:ReadyAimFire+1","floor":44},{"not_picked":["Stack","Conserve Battery","BootSequence","Go for the Eyes"],"picked":"MostiFishMod:LinkProtocol","floor":44},{"not_picked":["Sweeping Beam+1","Leap+1","Compile Driver+1","MostiFishMod:SeaWaves+1","Steam Power"],"picked":"SKIP","floor":45},{"not_picked":["Streamline+1","Gash+1","Stack","Chaos","Cold Snap+1"],"picked":"SKIP","floor":46},{"not_picked":["Leap+1","Double Energy","MostiFishMod:ReprogramOld","Skim+1","Streamline"],"picked":"SKIP","floor":48}],"player_experience":140305,"relics_obtained":[{"floor":1,"key":"SynthV:TestCard"},{"floor":6,"key":"Boot"},{"floor":9,"key":"Sundial"},{"floor":11,"key":"Oddly Smooth Stone"},{"floor":23,"key":"Bag of Marbles"},{"floor":26,"key":"StrikeDummy"},{"floor":27,"key":"Gremlin Horn"},{"floor":29,"key":"Regal Pillow"},{"floor":43,"key":"Akabeko"},{"floor":48,"key":"Strawberry"}],"event_choices":[{"damage_healed":0,"gold_gain":0,"player_choice":"Upgraded","damage_taken":0,"max_hp_gain":0,"max_hp_loss":0,"event_name":"Upgrade Shrine","floor":4,"gold_loss":0,"cards_upgraded":["Dualcast"]},{"damage_healed":0,"gold_gain":0,"player_choice":"Gave Potion","damage_taken":0,"relics_obtained":["Blue Candle"],"max_hp_gain":0,"max_hp_loss":0,"event_name":"WeMeetAgain","floor":10,"gold_loss":0},{"damage_healed":0,"gold_gain":0,"player_choice":"Leave","damage_taken":0,"max_hp_gain":0,"max_hp_loss":0,"event_name":"conspire:Investor","floor":24,"gold_loss":0},{"damage_healed":0,"gold_gain":0,"player_choice":"Damaged","damage_taken":7,"max_hp_gain":0,"max_hp_loss":0,"event_name":"Wheel of Change","floor":30,"gold_loss":0},{"damage_healed":0,"gold_gain":0,"player_choice":"Copied","damage_taken":0,"max_hp_gain":0,"max_hp_loss":0,"event_name":"Duplicator","floor":38,"gold_loss":0,"cards_obtained":["MostiFishMod:LinkProtocol"]}],"is_beta":false,"boss_relics":[{"not_picked":["EctoplasmExtend","GuanYuAspect"],"picked":"Inserter"},{"not_picked":["GreenFoldingFan","Pandora\u0027s Box"],"picked":"EE1DDrone"}],"items_purged_floors":[12,15,19,19,19,19,19,19,32,32,36,39,47],"is_endless":false,"potions_floor_spawned":[1,5,5,6,6,8,11,14,14,16,18,20,21,21,23,27,31,31,33,33,35,37,41,41,45,46,48,48],"ascension_level":8}}