{"host":"farxtl2u8hmkbdo2","time":1613327276,"event":{"mods":["A Magickal Journey","BaseMod","Better Altar","Better Note","Better Sensory Stone","Better Skull","Better Third Choice","Challenge The Spire","Colored Map","Colored Powertips","Current Relic Mod","Downfall","Energized Spire","Fox Events","Gremlin Mod","Hermit","Hubris","Mimic Mod","Minty Spire (QoL Compilation)","Quick Restart","READ ME - Guardian Mod","Rare Cards Sparkle","StSLib","The Bladedancer","The Bug Knight","The Cursed","The Disciple","The Hierophant","The Marked","The Necromancer","The Runesmith","Transform Curses"],"gold_per_floor":[115,115,133,149,163,190,201,212,212,227,227,227,241,241,241,344,344,356,356,367,367,66,94,114,134,134,163,182,196,471,486,486,594,594,613,613,654,677,677,700,751,785,785,819,273,273,273,296,296,296,296,296,74,128,128],"floor_reached":56,"language":"SPA","playtime":4539,"items_purged":["Doubt","Regret"],"score":2189,"play_id":"089db365-aacf-42d3-b1b6-55c6e5a2e550","local_time":"20210214152756","is_ascension_mode":true,"campfire_choices":[{"data":"Runesmith:Reinforce","floor":12.0,"key":"SMITH"},{"data":"Runesmith:RunicBlueprint","floor":15.0,"key":"SMITH"},{"data":"Runesmith:Superposition","floor":32.0,"key":"SMITH"},{"floor":47.0,"key":"RECALL"},{"floor":49.0,"key":"DIG"},{"floor":52.0,"key":"DIG"}],"circlet_count":0,"master_deck":["Runesmith:MetallurgicalResearch+1","Runesmith:Strike_RS","Runesmith:Strike_RS","Runesmith:Strike_RS+1","Runesmith:Defend_RS","Runesmith:Defend_RS","Runesmith:Defend_RS","Runesmith:Defend_RS","Runesmith:CraftFirestone","Runesmith:Fortify","Runesmith:RunicBlueprint+1","Runesmith:Repurpose","Runesmith:PoweredAnvil","Runesmith:CraftProtectio","Runesmith:Reinforce+1","Runesmith:CraftProtectio","Runesmith:ChargedHammer+1","Runesmith:Superposition+1","Runesmith:CraftIncendium","Runesmith:GrandSlam+1","Runesmith:Firewall","hierophant:OrnateBuckler","Runesmith:EarthShield","Runesmith:Augment","Runesmith:UnstableHammer","Runesmith:RunicBlueprint","Runesmith:EnergizedChisel+1","Runesmith:BackupBattery","Runesmith:Accelerate+1","Runesmith:LithiumIon","hubris:Wrath","Runesmith:Grindstone+1","Runesmith:CraftMagma+1","Runesmith:GrandSlam","CurseOfTheBell","Runesmith:FrozenChisel","Runesmith:Grindstone+1","Runesmith:StaticCage+1","Runesmith:CraftMedicinae","Runesmith:OneForEveryone+1","Runesmith:Grindstone+1","Runesmith:GrandSlam","hubris:Greed","Runesmith:CraftMagma","Runesmith:Firestorm","AscendersBane","Runesmith:GrandSlam+1","Runesmith:NanitesCloud+1","hubris:Greed","Runesmith:CraftMagma","hubris:Compulsion","hubris:Greed","hierophant:Community"],"relics":["Runesmith:BrokenRuby","Du-Vu Doll","hubris:DisguiseKit","Akabeko","energizedSpire:CursedPentagram","hubris:BottledHeart","hubris:EmptyBottle","Happy Flower","Darkstone Periapt","Tiny Chest","Calling Bell","Vajra","HornCleat","hubris:BundleOfHerbs","Shovel","Boot","hubris:64BitClover","Whetstone","hubris:HerbalPaste","Nunchaku","Pantograph","White Beast Statue"],"acts_visited":["Exordium","TheCity","TheBeyond","TheEnding"],"potions_floor_usage":[55,55,55,55],"damage_taken":[{"damage":1.0,"enemies":"Jaw Worm","floor":1.0,"turns":4.0},{"damage":0.0,"enemies":"Cultist","floor":3.0,"turns":3.0},{"damage":0.0,"enemies":"2 Louse","floor":4.0,"turns":4.0},{"damage":17.0,"enemies":"Lots of Slimes","floor":5.0,"turns":4.0},{"damage":0.0,"enemies":"Lagavulin","floor":6.0,"turns":6.0},{"damage":0.0,"enemies":"2 Fungi Beasts","floor":7.0,"turns":4.0},{"damage":8.0,"enemies":"Blue Slaver","floor":8.0,"turns":3.0},{"damage":0.0,"enemies":"Gremlin Gang","floor":10.0,"turns":3.0},{"damage":11.0,"enemies":"Large Slime","floor":13.0,"turns":4.0},{"damage":0.0,"enemies":"Gremlin Nob","floor":14.0,"turns":3.0},{"damage":0.0,"enemies":"Slime Boss","floor":16.0,"turns":6.0},{"damage":2.0,"enemies":"3 Byrds","floor":18.0,"turns":2.0},{"damage":3.0,"enemies":"Shell Parasite","floor":20.0,"turns":5.0},{"damage":0.0,"enemies":"Book of Stabbing","floor":23.0,"turns":5.0},{"damage":0.0,"enemies":"Snecko","floor":24.0,"turns":4.0},{"damage":0.0,"enemies":"Centurion and Healer","floor":25.0,"turns":7.0},{"damage":0.0,"enemies":"Gremlin Leader","floor":27.0,"turns":7.0},{"damage":0.0,"enemies":"Shelled Parasite and Fungi","floor":28.0,"turns":6.0},{"damage":0.0,"enemies":"Snake Plant","floor":29.0,"turns":4.0},{"damage":0.0,"enemies":"Chosen and Byrds","floor":31.0,"turns":5.0},{"damage":0.0,"enemies":"hubris:MusketHawk","floor":33.0,"turns":8.0},{"damage":0.0,"enemies":"3 Darklings","floor":35.0,"turns":5.0},{"damage":0.0,"enemies":"3 Shapes","floor":37.0,"turns":5.0},{"damage":0.0,"enemies":"3 Shapes","floor":38.0,"turns":6.0},{"damage":0.0,"enemies":"Sphere and 2 Shapes","floor":40.0,"turns":5.0},{"damage":0.0,"enemies":"2 Orb Walkers","floor":41.0,"turns":7.0},{"damage":0.0,"enemies":"Nemesis","floor":42.0,"turns":7.0},{"damage":13.0,"enemies":"Giant Head","floor":44.0,"turns":9.0},{"damage":0.0,"enemies":"3 Darklings","floor":48.0,"turns":8.0},{"damage":0.0,"enemies":"Donu and Deca","floor":50.0,"turns":8.0},{"damage":0.0,"enemies":"Shield and Spear","floor":54.0,"turns":6.0},{"damage":0,"enemies":"The Heart","floor":55,"turns":11}],"seed_played":"-5965440973085290234","potions_obtained":[{"floor":1.0,"key":"champ:CounterPotion"},{"floor":7.0,"key":"DistilledChaos"},{"floor":8.0,"key":"Fire Potion"},{"floor":11.0,"key":"SmokeBomb"},{"floor":11.0,"key":"EssenceOfSteel"},{"floor":11.0,"key":"Energy Potion"},{"floor":16.0,"key":"DistilledChaos"},{"floor":18.0,"key":"CultistPotion"},{"floor":23.0,"key":"Block Potion"},{"floor":24.0,"key":"PowerPotion"},{"floor":28.0,"key":"EntropicBrew"},{"floor":33.0,"key":"DistilledChaos"},{"floor":40.0,"key":"SkillPotion"},{"floor":41.0,"key":"ColorlessPotion"},{"floor":54.0,"key":"EssenceOfSteel"}],"is_trial":false,"path_per_floor":["M","?","M","M","M","E","M","M","T","M","?","R","M","E","R","B",null,"M","?","M","?","$","E","M","M","T","E","M","M","?","M","R","B",null,"M","?","MIM","M","?","M","?","E","T","E","$","?","R","M","R","B",null,"R","$","E","B",null],"character_chosen":"RUNESMITH_CLASS","items_purchased":["hubris:EmptyBottle","Runesmith:EarthShield","Runesmith:Augment","Runesmith:UnstableHammer","hubris:HerbalPaste","bronze:BurnAndBuffPotion","Runesmith:GrandSlam","Block Potion","Runesmith:CraftMagma","Runesmith:Firestorm","LiquidMemories","Runesmith:CraftMagma"],"campfire_rested":0,"item_purchase_floors":[22,22,22,22,45,45,45,45,45,45,53,53],"current_hp_per_floor":[62,62,62,62,45,45,45,37,37,37,37,37,26,26,26,26,54,52,52,49,1,1,1,1,1,1,1,1,1,1,1,1,1,1,1,1,1,1,1,1,1,1,1,1,1,1,1,1,1,1,1,1,1,1,1],"gold":128,"neow_bonus":"ONE_RARE_RELIC","is_daily":false,"chose_seed":false,"campfire_upgraded":3,"win_rate":0.0,"timestamp":1613327276,"path_taken":["M","?","M","M","M","E","M","M","T","?","?","R","?","E","R","BOSS","M","?","M","?","$","E","M","M","T","E","M","M","?","?","R","BOSS","M","?","?","M","?","M","?","E","T","E","$","?","R","M","R","BOSS","R","$","E","BOSS"],"items_purchased_type":["Relic","Card","Card","Card","Relic","Potion","Card","Potion","Card","Card","Potion","Card"],"build_version":"2020-12-22","purchased_purges":2,"victory":true,"max_hp_per_floor":[63,63,63,63,63,63,63,63,63,63,63,63,63,63,63,63,63,63,63,63,1,1,1,1,1,1,1,1,1,1,1,1,1,1,1,1,1,1,1,1,1,1,1,1,1,1,1,1,1,1,1,1,1,1,1],"card_choices":[{"not_picked":["Runesmith:HammerTime","Runesmith:EarthShield"],"picked":"Runesmith:RunicBlueprint","floor":1.0},{"not_picked":["Runesmith:RuneHurl","Runesmith:HammerThrow"],"picked":"Runesmith:Repurpose","floor":3.0},{"not_picked":["Runesmith:Repurpose","Runesmith:ChiselStab"],"picked":"Runesmith:PoweredAnvil","floor":4.0},{"not_picked":["Runesmith:Grindstone","Runesmith:BackupBattery"],"picked":"Runesmith:CraftProtectio","floor":5.0},{"not_picked":["Runesmith:ShiftingStrike","Runesmith:Prism"],"picked":"Runesmith:Reinforce","floor":6.0},{"not_picked":["Runesmith:BackupBattery","Runesmith:Repurpose","hierophant:MorningPrayer"],"picked":"Runesmith:CraftProtectio","floor":7.0},{"not_picked":["Runesmith:MetallurgicalResearch","Runesmith:NanitesCloud","hierophant:Doubloon"],"picked":"Runesmith:ChargedHammer","floor":8.0},{"not_picked":["Runesmith:HammerThrow","Runesmith:CraftProtectio","hierophant:Refuge"],"picked":"Runesmith:Superposition","floor":10.0},{"not_picked":["Runesmith:HeatExchange","Runesmith:NegativeSpace","hierophant:Zeal"],"picked":"Runesmith:CraftIncendium","floor":13.0},{"not_picked":["Runesmith:CraftIndustria","Runesmith:UnlimitedPower","hierophant:Cornucopia"],"picked":"Runesmith:GrandSlam","floor":16.0},{"not_picked":["Runesmith:HeatExchange","Runesmith:Prism","hierophant:Endure"],"picked":"Runesmith:Firewall","floor":18.0},{"not_picked":["Runesmith:StaticCage","Runesmith:ChargedHammer","Runesmith:BackupBattery"],"picked":"hierophant:OrnateBuckler","floor":20.0},{"not_picked":["Runesmith:UnstableHammer","Runesmith:DoubleUp","hierophant:Racketeering"],"picked":"Runesmith:RunicBlueprint","floor":23.0},{"not_picked":["Runesmith:ElementalConversion","Runesmith:OneForEveryone","hierophant:ThreeLashes"],"picked":"Runesmith:EnergizedChisel+1","floor":24.0},{"not_picked":["Runesmith:StaticCage","Runesmith:HeatedChisel","hierophant:Endure"],"picked":"Runesmith:BackupBattery","floor":25.0},{"not_picked":["Runesmith:EarthShield","Runesmith:ChiselStab","hierophant:Doomsaying"],"picked":"Runesmith:Accelerate+1","floor":27.0},{"not_picked":["Runesmith:HammerTime","Runesmith:NegativeSpace+1","hierophant:FlamingChariot"],"picked":"Runesmith:LithiumIon","floor":28.0},{"not_picked":["Runesmith:Empowerment+1","Runesmith:MakeshiftArmor","hierophant:Purify"],"picked":"Runesmith:Grindstone+1","floor":29.0},{"not_picked":["Runesmith:StaticCage","Runesmith:UnstableHammer","hierophant:Upheaval"],"picked":"Runesmith:CraftMagma+1","floor":31.0},{"not_picked":["Runesmith:ArcReactor","Runesmith:GenerateForcefield","hierophant:Kindle"],"picked":"Runesmith:GrandSlam","floor":33.0},{"not_picked":["Runesmith:LightningRod","Runesmith:UnstableHammer","hierophant:AuricBeam"],"picked":"Runesmith:FrozenChisel","floor":35.0},{"not_picked":["Runesmith:MakeshiftArmor","Runesmith:HammerThrow+1","hierophant:DisplayOfPower"],"picked":"Runesmith:Grindstone+1","floor":37.0},{"not_picked":["Runesmith:HeatExchange+1","Runesmith:CraftProtectio","hierophant:Zeal"],"picked":"Runesmith:StaticCage+1","floor":38.0},{"not_picked":["Runesmith:Permafrost+1","Runesmith:Overpower+1","hierophant:Martyrdom"],"picked":"Runesmith:CraftMedicinae","floor":40.0},{"not_picked":["Runesmith:CraftMagma","Runesmith:CraftIncendium","hierophant:HolyVerse"],"picked":"Runesmith:OneForEveryone+1","floor":41.0},{"not_picked":["Runesmith:Overpower+1","Runesmith:StaticCage","Runesmith:HeatExchange","hierophant:Shelter"],"picked":"SKIP","floor":42.0},{"not_picked":["Runesmith:Permafrost","Runesmith:EarthShield","hierophant:Purify"],"picked":"Runesmith:Grindstone+1","floor":44.0},{"not_picked":["Runesmith:CraftProtectio+1","Runesmith:ChaoticBlast","hierophant:Glossolalia"],"picked":"Runesmith:NanitesCloud+1","floor":48.0},{"not_picked":["Runesmith:BackupBattery","Runesmith:UnstableHammer","Runesmith:Repurpose"],"picked":"hierophant:Community","floor":54.0}],"player_experience":2216561,"relics_obtained":[{"floor":6.0,"key":"hubris:DisguiseKit"},{"floor":9.0,"key":"Akabeko"},{"floor":23.0,"key":"Happy Flower"},{"floor":26.0,"key":"Darkstone Periapt"},{"floor":27.0,"key":"Tiny Chest"},{"floor":34.0,"key":"Vajra"},{"floor":34.0,"key":"HornCleat"},{"floor":34.0,"key":"hubris:BundleOfHerbs"},{"floor":41.0,"key":"Shovel"},{"floor":42.0,"key":"Boot"},{"floor":43.0,"key":"hubris:64BitClover"},{"floor":44.0,"key":"Whetstone"},{"floor":49.0,"key":"Nunchaku"},{"floor":52.0,"key":"Pantograph"},{"floor":54.0,"key":"White Beast Statue"}],"event_choices":[{"cards_removed":["Runesmith:Strike_RS"],"damage_healed":0.0,"max_hp_gain":0.0,"max_hp_loss":0.0,"gold_gain":0.0,"event_name":"Bonfire Elementals","player_choice":"Offered Basic","floor":2.0,"gold_loss":0.0,"damage_taken":0.0},{"damage_healed":0.0,"max_hp_gain":0.0,"max_hp_loss":0.0,"gold_gain":0.0,"event_name":"Lab","player_choice":"Got Potions","floor":11.0,"gold_loss":0.0,"damage_taken":0.0},{"cards_removed":["Runesmith:MetallurgicalResearch"],"damage_healed":0.0,"max_hp_gain":0.0,"max_hp_loss":0.0,"gold_gain":0.0,"event_name":"betterNote:BetterNote","player_choice":"Give","floor":19.0,"gold_loss":0.0,"damage_taken":0.0,"cards_obtained":["None"]},{"damage_healed":0.0,"max_hp_gain":0.0,"max_hp_loss":0.0,"gold_gain":275.0,"event_name":"Golden Shrine","player_choice":"Desecrate","floor":30.0,"gold_loss":0.0,"damage_taken":0.0,"cards_obtained":["Regret"]},{"cards_removed":["downfall:Malfunctioning"],"damage_healed":0.0,"max_hp_gain":0.0,"max_hp_loss":0.0,"gold_gain":0.0,"event_name":"Purifier","player_choice":"Purged","floor":39.0,"gold_loss":0.0,"damage_taken":0.0},{"damage_healed":0.0,"max_hp_gain":0.0,"max_hp_loss":0.0,"gold_gain":0.0,"event_name":"Mysterious Sphere","player_choice":"Fight","floor":41.0,"gold_loss":0.0,"damage_taken":0.0},{"damage_healed":0.0,"max_hp_gain":0.0,"max_hp_loss":0.0,"gold_gain":3.0,"event_name":"betterStone:BetterStone","player_choice":"3","floor":46.0,"gold_loss":0.0,"damage_taken":0.0,"cards_obtained":["Runesmith:GrandSlam"]}],"is_beta":false,"boss_relics":[{"not_picked":["energizedSpire:SpiderWeb","Ectoplasm"],"picked":"energizedSpire:CursedPentagram"},{"not_picked":["hubris:TerracottaHorce","hubris:BlackHole"],"picked":"Calling Bell"}],"items_purged_floors":[45,53],"is_endless":false,"potions_floor_spawned":[1,7,8,16,18,23,24,28,33,38,40,41,54],"ascension_level":7}}