{"host":"s509oin3ptw7n5v1","time":1613344443,"event":{"mods":["2.2 Compatiblity","AchievementEnabler","BaseMod","Colored Map","Colored Powertips","Highlight Path","Minty Spire (QoL Compilation)","Rare Cards Sparkle","Relic Stats","Spicy Shops","StSLib"],"gold_per_floor":[117,132,63,81,100,133,133,152,152,185,202,202,229,246,246,343,343,362,395,407,407,110,144,144,173,173,173,263,281,281,291,291,387,387,401,193,210,226,226,254,254,287,341,341,355,3,225,257,257,257,257,257,54,87,87,87],"floor_reached":55,"language":"ENG","playtime":6413,"items_purged":[],"score":1275,"play_id":"ad2fc6d6-25d1-45ae-9b2d-a052ef9db770","local_time":"20210214181403","is_ascension_mode":true,"campfire_choices":[{"data":"Sunder","floor":7.0,"key":"SMITH"},{"floor":15.0,"key":"REST"},{"data":"Defragment","floor":24.0,"key":"SMITH"},{"floor":27.0,"key":"RECALL"},{"data":"White Noise","floor":30.0,"key":"SMITH"},{"data":"Blizzard","floor":32.0,"key":"SMITH"},{"data":"Creative AI","floor":41.0,"key":"SMITH"},{"data":"Amplify","floor":44.0,"key":"SMITH"},{"data":"Apotheosis","floor":49.0,"key":"SMITH"},{"data":"Madness","floor":52.0,"key":"SMITH"}],"circlet_count":0,"master_deck":["AscendersBane","Strike_B","Strike_B","Strike_B","Strike_B","Defend_B","Defend_B","Defend_B","Defend_B","Zap","Dualcast","Melter","Undo","Sunder+1","Glacier","Heatsinks","White Noise+1","Doom and Gloom","Hello World","Stack","Electrodynamics","Blizzard+1","Static Discharge+1","Cold Snap","Defragment+1","Amplify+1","Streamline+1","Cold Snap","White Noise","Creative AI+1","Storm","Hologram+1","Madness+1","Madness","Self Repair+1","Apotheosis+1","Force Field+1","Conserve Battery","Aggregate+1"],"relics":["Cracked Core","Orichalcum","Ancient Tea Set","HornCleat","Boot","CaptainsWheel","Happy Flower","Nuclear Battery","Red Mask","Anchor","Eternal Feather","White Beast Statue","Omamori","Inserter","Symbiotic Virus","Gremlin Horn","Question Card","DataDisk","Bronze Scales","Bottled Flame","Runic Capacitor","Blue Candle"],"acts_visited":["Exordium","TheCity","TheBeyond","TheEnding"],"potions_floor_usage":[54,55],"damage_taken":[{"damage":0.0,"enemies":"Cultist","floor":1.0,"turns":3.0},{"damage":0.0,"enemies":"2 Louse","floor":2.0,"turns":2.0},{"damage":6.0,"enemies":"Jaw Worm","floor":4.0,"turns":4.0},{"damage":0.0,"enemies":"Exordium Wildlife","floor":5.0,"turns":3.0},{"damage":7.0,"enemies":"Lagavulin","floor":6.0,"turns":10.0},{"damage":5.0,"enemies":"Looter","floor":8.0,"turns":2.0},{"damage":21.0,"enemies":"3 Sentries","floor":10.0,"turns":7.0},{"damage":3.0,"enemies":"Red Slaver","floor":11.0,"turns":3.0},{"damage":6.0,"enemies":"Lagavulin","floor":13.0,"turns":3.0},{"damage":11.0,"enemies":"Exordium Thugs","floor":14.0,"turns":3.0},{"damage":10.0,"enemies":"Hexaghost","floor":16.0,"turns":10.0},{"damage":0.0,"enemies":"3 Byrds","floor":18.0,"turns":4.0},{"damage":14.0,"enemies":"Masked Bandits","floor":19.0,"turns":3.0},{"damage":0.0,"enemies":"2 Thieves","floor":20.0,"turns":4.0},{"damage":13.0,"enemies":"Gremlin Leader","floor":23.0,"turns":7.0},{"damage":10.0,"enemies":"Slavers","floor":25.0,"turns":5.0},{"damage":0.0,"enemies":"Snake Plant","floor":29.0,"turns":5.0},{"damage":0.0,"enemies":"Centurion and Healer","floor":31.0,"turns":4.0},{"damage":13.0,"enemies":"Collector","floor":33.0,"turns":14.0},{"damage":0.0,"enemies":"3 Shapes","floor":35.0,"turns":4.0},{"damage":5.0,"enemies":"Orb Walker","floor":37.0,"turns":3.0},{"damage":1.0,"enemies":"Jaw Worm Horde","floor":38.0,"turns":3.0},{"damage":25.0,"enemies":"Nemesis","floor":40.0,"turns":5.0},{"damage":0.0,"enemies":"Giant Head","floor":42.0,"turns":9.0},{"damage":11.0,"enemies":"4 Shapes","floor":45.0,"turns":8.0},{"damage":12.0,"enemies":"Reptomancer","floor":48.0,"turns":4.0},{"damage":52.0,"enemies":"Time Eater","floor":50.0,"turns":9.0},{"damage":67,"enemies":"Shield and Spear","floor":54,"turns":7},{"damage":68,"enemies":"The Heart","floor":55,"turns":3}],"seed_played":"2801082236936404945","potions_obtained":[{"floor":1.0,"key":"Regen Potion"},{"floor":5.0,"key":"ColorlessPotion"},{"floor":10.0,"key":"DuplicationPotion"},{"floor":11.0,"key":"Fire Potion"},{"floor":13.0,"key":"Energy Potion"},{"floor":16.0,"key":"GamblersBrew"},{"floor":18.0,"key":"Strength Potion"},{"floor":20.0,"key":"Weak Potion"},{"floor":23.0,"key":"FearPotion"},{"floor":25.0,"key":"PotionOfCapacity"},{"floor":29.0,"key":"Fire Potion"},{"floor":31.0,"key":"Explosive Potion"},{"floor":33.0,"key":"FocusPotion"},{"floor":35.0,"key":"Fruit Juice"},{"floor":37.0,"key":"SkillPotion"},{"floor":38.0,"key":"EntropicBrew"},{"floor":40.0,"key":"FocusPotion"},{"floor":42.0,"key":"Regen Potion"},{"floor":45.0,"key":"PotionOfCapacity"},{"floor":48.0,"key":"ColorlessPotion"},{"floor":54,"key":"AttackPotion"}],"is_trial":false,"path_per_floor":["M","M","$","M","M","E","R","M","T","E","M","?","E","M","R","B",null,"M","?","M","?","$","E","R","E","T","R","?","M","R","M","R","B",null,"M","$","M","M","?","E","R","E","T","R","M","$","?","E","R","B",null,"R","$","E","B"],"character_chosen":"DEFECT","items_purchased":["Sunder","Defragment","Eternal Feather","Storm","Symbiotic Virus","Bronze Scales","Apotheosis","Runic Capacitor","Conserve Battery"],"campfire_rested":1,"item_purchase_floors":[3,22,22,36,36,46,46,53,53],"current_hp_per_floor":[68,68,68,74,74,67,67,62,62,41,38,35,29,18,40,30,64,64,50,50,50,50,37,52,42,42,57,45,45,60,60,75,62,72,77,77,72,71,61,36,54,54,54,75,80,80,80,78,80,38,70,80,80,33,0,0],"gold":87,"neow_bonus":"RANDOM_COMMON_RELIC","is_daily":false,"chose_seed":false,"campfire_upgraded":8,"win_rate":0.0,"timestamp":1613344443,"path_taken":["M","M","?","M","M","E","R","M","T","E","M","?","E","M","R","BOSS","M","?","M","?","$","E","R","E","T","R","?","?","R","M","R","BOSS","M","$","M","M","?","E","R","E","T","R","M","$","?","E","R","BOSS","R","$","E","BOSS"],"items_purchased_type":["Card","Card","Relic","Card","Relic","Relic","Card","Relic","Card"],"build_version":"2020-12-22","purchased_purges":0,"victory":false,"max_hp_per_floor":[75,75,75,75,75,75,75,75,75,75,75,75,75,75,75,75,75,75,75,75,75,75,75,75,75,75,75,75,75,75,75,75,75,75,80,80,80,80,80,80,80,80,80,80,80,80,80,80,80,80,80,80,80,80,80,80],"relic_stats":{"Inserter":[25],"Happy Flower":[38],"Gremlin Horn":[7,7],"counters":[29,150],"Bronze Scales":[147],"Blue Candle":[0],"Eternal Feather":111,"Orichalcum":[186],"Boot":[58],"Question Card":3,"obtain_stats":[{"Inserter":34,"Happy Flower":13,"Gremlin Horn":40,"Blue Candle":54,"Eternal Feather":22,"Omamori":25,"Runic Capacitor":53,"Orichalcum":0,"Ancient Tea Set":6,"Boot":10,"Question Card":42,"White Beast Statue":23,"Nuclear Battery":17,"CaptainsWheel":12,"Anchor":21,"DataDisk":43,"Bottled Flame":48,"HornCleat":9,"Bronze Scales":46,"Red Mask":19,"Cracked Core":0,"Symbiotic Virus":36},{"Inserter":19,"Happy Flower":9,"Gremlin Horn":23,"Blue Candle":28,"Eternal Feather":14,"Omamori":16,"Runic Capacitor":27,"Orichalcum":0,"Ancient Tea Set":5,"Boot":7,"Question Card":24,"White Beast Statue":15,"Nuclear Battery":11,"CaptainsWheel":8,"Anchor":14,"DataDisk":24,"Bottled Flame":26,"HornCleat":6,"Bronze Scales":25,"Red Mask":13,"Cracked Core":0,"Symbiotic Virus":20},{"Inserter":96,"Happy Flower":37,"Gremlin Horn":111,"Blue Candle":147,"Eternal Feather":61,"Omamori":73,"Runic Capacitor":140,"Orichalcum":0,"Ancient Tea Set":22,"Boot":31,"Question Card":120,"White Beast Statue":68,"Nuclear Battery":50,"CaptainsWheel":34,"Anchor":61,"DataDisk":120,"Bottled Flame":132,"HornCleat":24,"Bronze Scales":128,"Red Mask":57,"Cracked Core":0,"Symbiotic Virus":100}]},"card_choices":[{"not_picked":["Tempest","Rebound"],"picked":"Melter","floor":1.0},{"not_picked":["Lockon","Gash"],"picked":"Undo","floor":2.0},{"not_picked":["Fusion","Turbo"],"picked":"Glacier","floor":4.0},{"not_picked":["Steam Power","Recycle"],"picked":"Heatsinks","floor":5.0},{"not_picked":["Go for the Eyes","FTL","Compile Driver"],"picked":"SKIP","floor":6.0},{"not_picked":["Barrage","Glacier"],"picked":"White Noise","floor":8.0},{"not_picked":["Turbo","Aggregate"],"picked":"Doom and Gloom","floor":10.0},{"not_picked":["Fusion","Leap"],"picked":"Hello World","floor":11.0},{"not_picked":["Hologram","Hyperbeam"],"picked":"Stack","floor":13.0},{"not_picked":["Stack","Hologram","Steam"],"picked":"SKIP","floor":14.0},{"not_picked":["Reboot","Creative AI"],"picked":"Electrodynamics","floor":16.0},{"not_picked":["Rebound","Heatsinks+1"],"picked":"Blizzard","floor":18.0},{"not_picked":["Gash+1","Compile Driver"],"picked":"Static Discharge+1","floor":19.0},{"not_picked":["Beam Cell","Steam"],"picked":"Cold Snap","floor":20.0},{"not_picked":["Rebound","Go for the Eyes+1"],"picked":"Amplify","floor":23.0},{"not_picked":["Gash+1","Force Field"],"picked":"Streamline+1","floor":25.0},{"not_picked":["Streamline","Turbo"],"picked":"Cold Snap","floor":29.0},{"not_picked":["Chaos","Streamline+1"],"picked":"White Noise","floor":31.0},{"not_picked":["Echo Form","All For One"],"picked":"Creative AI","floor":33.0},{"not_picked":["Stack","Cold Snap","Capacitor+1"],"picked":"SKIP","floor":35.0},{"not_picked":["Ball Lightning+1","Steam Power","Compile Driver"],"picked":"SKIP","floor":37.0},{"not_picked":["Ball Lightning+1","Biased Cognition"],"picked":"Hologram+1","floor":38.0},{"not_picked":["Fission","Doom and Gloom","Leap"],"picked":"SKIP","floor":40.0},{"not_picked":["Creative AI","Steam"],"picked":"Self Repair+1","floor":42.0},{"not_picked":["Hologram","Compile Driver","Gash","Redo+1"],"picked":"SKIP","floor":45.0},{"not_picked":["Barrage","Loop+1","Rebound+1"],"picked":"Force Field+1","floor":48.0},{"not_picked":["Compile Driver+1","Beam Cell","Coolheaded+1"],"picked":"Aggregate+1","floor":54}],"player_experience":1170415,"relics_obtained":[{"floor":6.0,"key":"Ancient Tea Set"},{"floor":9.0,"key":"HornCleat"},{"floor":10.0,"key":"Boot"},{"floor":13.0,"key":"Happy Flower"},{"floor":19.0,"key":"Red Mask"},{"floor":23.0,"key":"White Beast Statue"},{"floor":25.0,"key":"Omamori"},{"floor":40.0,"key":"Gremlin Horn"},{"floor":42.0,"key":"Question Card"},{"floor":43.0,"key":"DataDisk"},{"floor":48.0,"key":"Bottled Flame"},{"floor":54,"key":"Blue Candle"}],"event_choices":[{"damage_healed":0.0,"max_hp_gain":0.0,"max_hp_loss":0.0,"gold_gain":0.0,"event_name":"Scrap Ooze","player_choice":"Success","floor":12.0,"gold_loss":0.0,"damage_taken":3.0,"relics_obtained":["CaptainsWheel"]},{"damage_healed":0.0,"max_hp_gain":0.0,"max_hp_loss":0.0,"gold_gain":0.0,"event_name":"Masked Bandits","player_choice":"Fought Bandits","floor":19.0,"gold_loss":0.0,"damage_taken":0.0},{"damage_healed":0.0,"max_hp_gain":0.0,"max_hp_loss":0.0,"gold_gain":0.0,"event_name":"The Mausoleum","player_choice":"Opened","floor":21.0,"gold_loss":0.0,"damage_taken":0.0,"relics_obtained":["Anchor"]},{"damage_healed":0.0,"max_hp_gain":0.0,"max_hp_loss":0.0,"gold_gain":90.0,"event_name":"Knowing Skull","player_choice":"GOLD ","floor":28.0,"potions_obtained":[],"gold_loss":0.0,"damage_taken":12.0,"cards_obtained":[]},{"damage_healed":0.0,"max_hp_gain":0.0,"max_hp_loss":0.0,"gold_gain":0.0,"event_name":"Winding Halls","player_choice":"Embrace Madness","floor":39.0,"gold_loss":0.0,"damage_taken":10.0,"cards_obtained":["Madness","Madness"]},{"damage_healed":0.0,"max_hp_gain":0.0,"max_hp_loss":0.0,"gold_gain":222.0,"event_name":"Tomb of Lord Red Mask","player_choice":"Wore Mask","floor":47.0,"gold_loss":0.0,"damage_taken":0.0}],"is_beta":false,"boss_relics":[{"not_picked":["Busted Crown","FrozenCore"],"picked":"Nuclear Battery"},{"not_picked":["Sozu","Snecko Eye"],"picked":"Inserter"}],"items_purged_floors":[],"is_endless":false,"potions_floor_spawned":[1,5,10,11,13,16,18,20,23,25,29,31,33,35,37,38,40,42,45,48,54],"killed_by":"The Heart","ascension_level":11}}