{"host":"y2nx07t75db4hs5p","time":1613319007,"event":{"mods":["Act Like it!","BaseMod","Gensokyo","KomeijiMod","Minty Spire (QoL Compilation)","StSLib"],"gold_per_floor":[176,191,191,201,214,214,248,248,248,248,125,125,125,144,144,239,239,252,103,203,229,629,629,408,408,408,408,434,449,461,495,495,591,591,607,607,622,622,622,622,65,65,90,108,121,121,152,166,166,166,166,166,8,35,35],"floor_reached":56,"language":"ZHS","playtime":2500,"items_purged":["Strike_Remiria","Defend_Remirira","Strike_Remiria","Defend_Remirira"],"score":1336,"play_id":"66bbe019-2254-473b-94b3-d41e18488c00","local_time":"20210215001007","is_ascension_mode":false,"campfire_choices":[{"data":"Absorbed","floor":6,"key":"SMITH"},{"data":"Exsanguinate","floor":8,"key":"SMITH"},{"data":"DoubleEdge","floor":10,"key":"SMITH"},{"floor":15,"key":"RECALL"},{"data":"BloodCoagulation","floor":23,"key":"SMITH"},{"data":"DoubleEdge","floor":25,"key":"SMITH"},{"data":"RedtheNightlessCastle","floor":27,"key":"SMITH"},{"data":"BloodSurge","floor":32,"key":"SMITH"},{"data":"MiserableFate_Remiria","floor":40,"key":"SMITH"},{"data":"BodyStrengthen","floor":42,"key":"SMITH"},{"data":"Gensokyo:GreaterSplit","floor":49,"key":"SMITH"},{"data":"BloodyMagicSquare","floor":52,"key":"SMITH"}],"circlet_count":0,"master_deck":["Strike_Remiria","Absorbed+1","DoubleEdge+1","Exsanguinate+1","DoubleEdge+1","RedtheNightlessCastle+1","BloodySuit+1","BloodCoagulation+1","BathedInBlood+1","Offensive+1","Impregnable+1","Feint+1","BodyStrengthen+1","BloodSurge+1","BodyStrengthen+1","MiserableFate_Remiria+1","Gensokyo:GreaterSplit+1","Doubt","BloodyMagicSquare+1","DoubleEdge","Septette+1","MillenniumVampire"],"relics":["ThirstyCrossSpe","Dead Branch","Happy Flower","Bronze Scales","Gensokyo:Mercy","Astrolabe","TungstenRod","Nunchaku","Meat on the Bone","CaptainsWheel","Unceasing Top","Snecko Eye","Gensokyo:EmptyGrave","NitorisBag","Bottled Tornado","Vajra","Orichalcum","War Paint"],"acts_visited":["Gensokyo:Gensokyo","Gensokyo:Gensokyoer","Gensokyo:Gensokyoest","TheEnding"],"potions_floor_usage":[7,16,47,47,54],"damage_taken":[{"damage":0,"enemies":"Gensokyo:Python","floor":1,"turns":4},{"damage":0,"enemies":"Gensokyo:3_Fairies","floor":2,"turns":4},{"damage":9,"enemies":"Gensokyo:2_Kodama","floor":4,"turns":4},{"damage":1,"enemies":"Gensokyo:Kitsune","floor":5,"turns":5},{"damage":26,"enemies":"Gensokyo:Cirno","floor":7,"turns":7},{"damage":38,"enemies":"Gensokyo:5_Fairies","floor":14,"turns":5},{"damage":36,"enemies":"Gensokyo:Reimu","floor":16,"turns":5},{"damage":24,"enemies":"Gensokyo:3_Dogs","floor":18,"turns":4},{"damage":27,"enemies":"Gensokyo:3_Dogs","floor":20,"turns":6},{"damage":6,"enemies":"Gensokyo:Reisen","floor":28,"turns":4},{"damage":8,"enemies":"Gensokyo:2_Gloops","floor":29,"turns":2},{"damage":2,"enemies":"Gensokyo:Mirror_and_Dog","floor":30,"turns":4},{"damage":0,"enemies":"Gensokyo:Koishi","floor":31,"turns":4},{"damage":39,"enemies":"Gensokyo:Eternal_Rivals","floor":33,"turns":7},{"damage":1,"enemies":"Gensokyo:AncientGuardian","floor":35,"turns":7},{"damage":0,"enemies":"Gensokyo:3_Boulders","floor":37,"turns":5},{"damage":0,"enemies":"Gensokyo:SeedOfUnknown","floor":44,"turns":5},{"damage":0,"enemies":"Gensokyo:Rafflesia","floor":45,"turns":3},{"damage":3,"enemies":"Gensokyo:Marisa","floor":47,"turns":5},{"damage":0,"enemies":"Gensokyo:AtlasGolem","floor":48,"turns":4},{"damage":0,"enemies":"Gensokyo:Yuyuko","floor":50,"turns":5},{"damage":30,"enemies":"Shield and Spear","floor":54,"turns":7},{"damage":23,"enemies":"The Heart","floor":55,"turns":6}],"seed_played":"-6241021190093540537","potions_obtained":[{"floor":1,"key":"SkillPotion"},{"floor":4,"key":"Dexterity Potion"},{"floor":16,"key":"Weak Potion"},{"floor":20,"key":"Energy Potion"},{"floor":48,"key":"GamblersBrew"}],"is_trial":false,"path_per_floor":["M","M","?","M","M","R","E","R","T","R","$","?","?","M","R","B",null,"M","$","?","T","?","R","$","R","T","R","E","M","M","E","R","B",null,"M","?","M","?","?","R","$","R","T","M","M","?","E","M","R","B",null,"R","$","E","B",null],"character_chosen":"RemiriaScarlet","items_purchased":["RocketKickup","BodyStrengthen","FairyPotion","NitorisBag","Bottled Tornado","Septette"],"campfire_rested":0,"item_purchase_floors":[11,19,24,41,41,53],"current_hp_per_floor":[70,70,70,61,60,60,40,40,40,40,40,40,40,33,33,16,100,76,76,58,58,58,58,58,58,58,58,59,57,79,79,79,100,100,99,99,100,92,92,92,92,92,92,92,92,92,90,90,90,90,92,92,92,92,83],"gold":35,"neow_bonus":"ONE_RARE_RELIC","is_daily":false,"chose_seed":false,"campfire_upgraded":11,"win_rate":0.0,"timestamp":1613319007,"path_taken":["M","M","?","M","?","R","E","R","T","R","$","?","?","M","R","BOSS","M","$","?","?","?","R","$","R","T","R","E","M","M","E","R","BOSS","M","?","M","?","?","R","?","R","T","M","M","?","E","?","R","BOSS","R","$","E","BOSS"],"items_purchased_type":["Card","Card","Potion","Relic","Relic","Card"],"build_version":"2020-12-22","purchased_purges":4,"victory":true,"max_hp_per_floor":[100,100,100,100,100,100,100,100,100,100,100,100,100,100,100,100,100,100,100,100,100,100,100,100,100,100,100,100,100,100,100,100,100,100,100,100,100,92,92,92,92,92,92,92,92,92,92,92,92,92,92,92,92,92,92],"card_choices":[{"not_picked":["Feint","FastHealing"],"picked":"DoubleEdge","floor":1},{"not_picked":["Cripple","StigmaNizer"],"picked":"Exsanguinate","floor":2},{"not_picked":["NightDance","SeparateFleshBlood","BloodCollect"],"picked":"SKIP","floor":4},{"not_picked":["Exsanguinate","TricksterDevil"],"picked":"DoubleEdge","floor":5},{"not_picked":["Tearing","NaturallyHealing"],"picked":"RedtheNightlessCastle","floor":7},{"not_picked":["FierceSweep","TricksterDevil","TrickFate"],"picked":"SKIP","floor":14},{"not_picked":["Septette","QueenOfMidnight"],"picked":"BloodCoagulation","floor":16},{"not_picked":["LifeBreak","FastHealing"],"picked":"Feint+1","floor":18},{"not_picked":["Warpath+1","ServantFlier"],"picked":"BloodSurge","floor":28},{"not_picked":["Warpath","RocketKickup"],"picked":"BodyStrengthen+1","floor":29},{"not_picked":["RemiliaStretch_Remiria","FierceSweep+1","TricksterDevil+1"],"picked":"SKIP","floor":30},{"not_picked":["DemonsDinnerFork_Remiria","Warpath","Tepes+1"],"picked":"SKIP","floor":31},{"not_picked":["FateConcerto","FateSonata"],"picked":"MiserableFate_Remiria","floor":33},{"not_picked":["BloodCleaner","BloodySuit","FastHealing"],"picked":"SKIP","floor":35},{"not_picked":["FierceSweep+1","RocketKickup","BloodCollect"],"picked":"SKIP","floor":37},{"not_picked":["ServantFlier","ThePrice","DemonLordWalk"],"picked":"SKIP","floor":44},{"not_picked":["Offensive","StigmaNizer+1","FateEnsemble"],"picked":"SKIP","floor":45},{"not_picked":["FateCollect","BloodySuit"],"picked":"BloodyMagicSquare","floor":47},{"not_picked":["StigmaNizer+1","ThePrice"],"picked":"DoubleEdge","floor":48},{"not_picked":["Impregnable+1","TrickFate"],"picked":"MillenniumVampire","floor":54}],"player_experience":335506,"relics_obtained":[{"floor":7,"key":"Bronze Scales"},{"floor":20,"key":"ShirouKen"},{"floor":20,"key":"TungstenRod"},{"floor":21,"key":"Nunchaku"},{"floor":26,"key":"Meat on the Bone"},{"floor":28,"key":"CaptainsWheel"},{"floor":31,"key":"Unceasing Top"},{"floor":43,"key":"Vajra"},{"floor":47,"key":"Orichalcum"},{"floor":54,"key":"War Paint"}],"event_choices":[],"is_beta":false,"boss_relics":[{"not_picked":["Tiny House","Empty Cage"],"picked":"Astrolabe"},{"not_picked":["Busted Crown","SlaversCollar"],"picked":"Snecko Eye"}],"items_purged_floors":[11,19,24,41],"is_endless":false,"potions_floor_spawned":[1,4,16,20,28,33,45,48],"ascension_level":0}}