{"host":"c83fcgyuu74iknko","time":1613296803,"event":{"mods":["BaseMod","BetterRewards","Colored Map","Colored Powertips","Minty Spire (QoL Compilation)","Quick Restart","StSLib","The Animator","The Senshi"],"gold_per_floor":[119,139,239,258,269,269,269,269,269,90,108,108,121,121,121,221,221,194,212,227,27,46,46,46],"floor_reached":23,"language":"ENG","playtime":2038,"items_purged":["Strike_P","Strike_P","Defend_P"],"score":185,"play_id":"2b0bbe59-00db-4885-b407-449dc36f4ba4","local_time":"20210214020003","is_ascension_mode":false,"campfire_choices":[{"data":"Worship","floor":7,"key":"SMITH"},{"data":"LikeWater","floor":15,"key":"SMITH"}],"circlet_count":0,"master_deck":["Defend_P","Defend_P","Defend_P","Eruption","Vigilance","Halt","SandsOfTime","Worship+1","DeceiveReality","InnerPeace","PathToVictory","Evaluate","LikeWater+1","DevaForm","SignatureMove+1","WindmillStrike","LikeWater"],"relics":["PureWater","FossilizedHelix","Turnip","Sundial","Black Star"],"acts_visited":["Exordium","TheCity"],"potions_floor_usage":[13,18,22,23],"damage_taken":[{"damage":0,"enemies":"Small Slimes","floor":1,"turns":4},{"damage":0,"enemies":"Cultist","floor":2,"turns":5},{"damage":0,"enemies":"Jaw Worm","floor":4,"turns":5},{"damage":0,"enemies":"3 Louse","floor":5,"turns":6},{"damage":0,"enemies":"Large Slime","floor":11,"turns":11},{"damage":0,"enemies":"Exordium Thugs","floor":13,"turns":6},{"damage":17,"enemies":"Hexaghost","floor":16,"turns":15},{"damage":10,"enemies":"2 Thieves","floor":18,"turns":5},{"damage":0,"enemies":"Chosen","floor":19,"turns":6},{"damage":14,"enemies":"Snake Plant","floor":20,"turns":7},{"damage":0,"enemies":"Sentry and Sphere","floor":22,"turns":7},{"damage":49,"enemies":"Slavers","floor":23,"turns":5}],"seed_played":"-3289310904893527041","potions_obtained":[{"floor":4,"key":"DistilledChaos"},{"floor":5,"key":"Explosive Potion"},{"floor":16,"key":"SkillPotion"},{"floor":20,"key":"EssenceOfSteel"},{"floor":22,"key":"LiquidMemories"}],"is_trial":false,"path_per_floor":["M","M","?","M","M","T","R","?","T","$","M","?","M","$","R","B",null,"M","M","M","$","M","E"],"character_chosen":"WATCHER","items_purchased":["Halt","SandsOfTime","Worship","FossilizedHelix","LikeWater","LikeWater"],"campfire_rested":0,"item_purchase_floors":[0,0,0,0,10,21],"current_hp_per_floor":[72,72,72,72,72,72,72,72,72,72,72,65,65,65,65,48,72,62,62,48,48,48,0,0],"gold":46,"neow_bonus":"","is_daily":false,"chose_seed":false,"campfire_upgraded":2,"win_rate":0.0,"timestamp":1613296803,"path_taken":["M","M","?","?","M","?","R","?","T","$","M","?","M","?","R","BOSS","M","M","M","$","M","E"],"items_purchased_type":["Card","Card","Card","Relic","Card","Card"],"build_version":"2020-12-22","purchased_purges":3,"victory":false,"max_hp_per_floor":[72,72,72,72,72,72,72,72,72,72,72,72,72,72,72,72,72,72,72,72,72,72,72,72],"card_choices":[{"not_picked":["BattleHymn","FlurryOfBlows"],"picked":"DeceiveReality","floor":1},{"not_picked":["Nirvana","ThirdEye"],"picked":"InnerPeace","floor":2},{"not_picked":["ClearTheMind","ReachHeaven"],"picked":"PathToVictory","floor":4},{"not_picked":["Consecrate","Vengeance"],"picked":"Evaluate","floor":5},{"not_picked":["Adaptation","ClearTheMind","Worship"],"picked":"SKIP","floor":11},{"not_picked":["Pray","Collect","JustLucky"],"picked":"SKIP","floor":13},{"not_picked":["Ragnarok","DeusExMachina"],"picked":"DevaForm","floor":16},{"not_picked":["Protect","Halt"],"picked":"SignatureMove+1","floor":18},{"not_picked":["Adaptation+1","ReachHeaven"],"picked":"WindmillStrike","floor":19},{"not_picked":["Collect","ClearTheMind","Halt"],"picked":"SKIP","floor":20},{"not_picked":["SandsOfTime","PathToVictory","Crescendo"],"picked":"SKIP","floor":22}],"player_experience":268011,"relics_obtained":[{"floor":6,"key":"Turnip"},{"floor":9,"key":"Sundial"}],"event_choices":[{"damage_healed":0,"gold_gain":100,"player_choice":"Pray","damage_taken":0,"max_hp_gain":0,"max_hp_loss":0,"event_name":"Golden Shrine","floor":3,"gold_loss":0},{"cards_removed":["Strike_P"],"damage_healed":0,"gold_gain":0,"player_choice":"Forget","damage_taken":0,"max_hp_gain":0,"max_hp_loss":0,"event_name":"Living Wall","floor":8,"gold_loss":0},{"cards_removed":["Strike_P"],"damage_healed":0,"gold_gain":0,"player_choice":"Card Removal","damage_taken":7,"max_hp_gain":0,"max_hp_loss":0,"event_name":"Golden Wing","floor":12,"gold_loss":0}],"is_beta":false,"boss_relics":[{"not_picked":["Astrolabe","Cursed Key"],"picked":"Black Star"}],"items_purged_floors":[0,10,21],"is_endless":false,"potions_floor_spawned":[4,5,16,20,22],"killed_by":"Slavers","ascension_level":0}}