{"host":"3498uni0c31c9bdm","time":1613318991,"event":{"mods":["BaseMod","Better Match","Better Note","Better Sensory Stone","Better Skull","Better Third Choice","Colored Map","Minty Spire (QoL Compilation)","Quick Restart","RNG Fix","Random Character Button","Replay The Spire","Shop Mod","Smile Girya","StSLib","Unceasing Turn Reminder"],"gold_per_floor":[119,119,119,133,147,147,182,198,198,198,231,231,257,270,270,369,369,385,385,11,31,306,306,332,332,332,332,366,384,400,411,411,509,509,529,66,84,0,0,0,0,0,0,0,15,25,25,60,60,60,60,60,1,29,29,29],"floor_reached":55,"language":"ENG","playtime":3365,"items_purged":[],"score":880,"play_id":"c20dd46d-3cee-4f2f-94e2-69633017c41e","local_time":"20210215030951","is_ascension_mode":true,"campfire_choices":[{"data":"Crippling Poison","floor":6,"key":"SMITH"},{"data":"Prepared","floor":10,"key":"SMITH"},{"floor":15,"key":"RECALL"},{"data":"Venomology","floor":23,"key":"SMITH"},{"data":"Regret","floor":25,"key":"PURGE"},{"floor":32,"key":"REST"},{"data":"A Thousand Cuts","floor":40,"key":"SMITH"},{"data":"Distraction","floor":42,"key":"SMITH"},{"data":"ReplayTheSpireMod:Scrap Shanks","floor":44,"key":"SMITH"},{"floor":49,"key":"REST"},{"data":"Replay:Poison Smokescreen","floor":52,"key":"SMITH"}],"circlet_count":0,"master_deck":["AscendersBane","Strike_G+1","Strike_G+1","Strike_G+1","Strike_G+1","Strike_G+1","Defend_G+1","Defend_G+1","Defend_G+1","Defend_G+1","Defend_G+1","Survivor","Neutralize","m_Survivalism","Defend_G+1","Crippling Poison+1","ReplayTheSpireMod:Speed Training","PiercingWail","Dodge and Roll","Prepared+1","Venomology+1","Dagger Spray","Underhanded Strike","Adrenaline","Caltrops","ReplayTheSpireMod:Scrap Shanks+1","Blur+1","Envenom","Tactician","Quick Slash","Caltrops+1","Distraction+1","Deadly Poison+1","A Thousand Cuts+1","ReplayTheSpireMod:Tripwire+1","Caltrops","Quick Slash+1","The Bomb+1","Replay:Bootleg Shield Generator","Doubt","Parasite","Dodge and Roll+1","Footwork","Tools of the Trade+1","Replay:Poison Smokescreen+1","Flying Knee","Backflip"],"relics":["Sizzling Blood","Tingsha","Mercury Hourglass","ReplayTheSpireMod:Shallot","Potion Belt","Snack Pack","SacredBark","MerchantsRug","Blue Doll","Vampiric Spirits","Cursed Key","Calipers","Sling","Red Mask","Art of War","Guide Book","TungstenRod"],"acts_visited":["Exordium","TheCity","TheBeyond","TheEnding"],"potions_floor_usage":[7,13,16,21,24,28,28,31,33,33,33,33,45,48,48,48,50,50,50,50,50,50,54,54,54,55,55],"damage_taken":[{"damage":2,"enemies":"Small Slimes","floor":1,"turns":7},{"damage":1,"enemies":"Jaw Worm","floor":4,"turns":6},{"damage":0,"enemies":"2 Louse","floor":5,"turns":3},{"damage":20,"enemies":"3 Sentries","floor":7,"turns":9},{"damage":10,"enemies":"Gremlin Gang","floor":8,"turns":3},{"damage":5,"enemies":"Replay:BlueRogue","floor":11,"turns":9},{"damage":9,"enemies":"3 Sentries","floor":13,"turns":9},{"damage":5,"enemies":"Exordium Wildlife","floor":14,"turns":6},{"damage":5,"enemies":"The Guardian","floor":16,"turns":15},{"damage":0,"enemies":"3 Byrds","floor":18,"turns":4},{"damage":0,"enemies":"Chosen","floor":21,"turns":6},{"damage":9,"enemies":"Slavers","floor":24,"turns":6},{"damage":18,"enemies":"Gremlin Leader","floor":28,"turns":7},{"damage":9,"enemies":"Centurion and Healer","floor":29,"turns":9},{"damage":21,"enemies":"Snecko","floor":30,"turns":6},{"damage":16,"enemies":"3 Cultists","floor":31,"turns":5},{"damage":54,"enemies":"Champ","floor":33,"turns":13},{"damage":6,"enemies":"3 Shapes","floor":35,"turns":4},{"damage":9,"enemies":"Orb Walker","floor":37,"turns":5},{"damage":20,"enemies":"Writhing Mass","floor":45,"turns":7},{"damage":17,"enemies":"Spire Growth","floor":46,"turns":7},{"damage":30,"enemies":"Giant Head","floor":48,"turns":9},{"damage":37,"enemies":"Replay:Hell Engine","floor":50,"turns":11},{"damage":74,"enemies":"Shield and Spear","floor":54,"turns":6},{"damage":39,"enemies":"The Heart","floor":55,"turns":3}],"seed_played":"3568784079193255810","potions_obtained":[{"floor":4,"key":"PowerPotion"},{"floor":7,"key":"Venom Potion"},{"floor":8,"key":"Reflective Coating"},{"floor":11,"key":"LifebloodPotion"},{"floor":16,"key":"Block Potion"},{"floor":33,"key":"Elixir"},{"floor":35,"key":"LifebloodPotion"}],"is_trial":false,"path_per_floor":["M","?","?","M","M","R","E","M","T","R","E","?","E","M","R","B",null,"M","?","$","M","?","R","E","R","T","?","E","M","M","M","R","B",null,"M","$","M","?","?","R","$","R","T","R","M","M","$","E","R","B",null,"R","$","E","B"],"character_chosen":"THE_SILENT","items_purchased":["MealTicket","ReplayTheSpireMod:Scrap Shanks","MerchantsRug","Calipers","Sling","Caltrops","Flying Knee","Guide Book","Block Potion"],"campfire_rested":2,"item_purchase_floors":[20,20,20,36,36,36,53,53,53],"current_hp_per_floor":[61,65,65,68,72,72,56,50,50,50,49,46,41,40,40,45,67,73,73,73,74,74,74,71,71,71,71,61,64,56,44,66,22,61,65,74,69,69,69,69,74,74,74,74,62,49,64,47,69,44,67,67,74,10,0,0],"gold":29,"neow_bonus":"ONE_RARE_RELIC","is_daily":false,"chose_seed":false,"campfire_upgraded":7,"win_rate":0.0,"timestamp":1613318991,"path_taken":["M","?","?","M","M","R","E","?","T","R","E","?","E","M","R","BOSS","M","?","$","M","?","R","E","R","T","?","E","M","?","M","R","BOSS","M","$","M","?","?","R","$","R","T","R","M","?","?","E","R","BOSS","R","$","E","BOSS"],"items_purchased_type":["Relic","Card","Relic","Relic","Relic","Card","Card","Relic","Potion"],"build_version":"2020-12-22","purchased_purges":0,"victory":false,"max_hp_per_floor":[70,74,74,74,74,74,74,74,74,74,74,74,74,74,74,74,74,74,74,74,74,74,74,74,74,74,74,74,74,74,74,74,74,74,74,74,74,74,74,74,74,74,74,74,74,74,74,74,74,74,74,74,74,74,74,74],"card_choices":[{"not_picked":["Setup","PiercingWail"],"picked":"Crippling Poison","floor":1},{"not_picked":["Bane","Backflip"],"picked":"ReplayTheSpireMod:Speed Training","floor":4},{"not_picked":["Outmaneuver","Hidden Blade"],"picked":"PiercingWail","floor":5},{"not_picked":["Sucker Punch","Underhanded Strike"],"picked":"Dodge and Roll","floor":7},{"not_picked":["Sucker Punch","Dagger Spray"],"picked":"Prepared","floor":8},{"not_picked":["Prepared","Deadly Poison"],"picked":"Venomology","floor":11},{"not_picked":["Night Terror","Masterful Stab"],"picked":"Dagger Spray","floor":13},{"not_picked":["Sucker Punch","Skewer"],"picked":"Underhanded Strike","floor":14},{"not_picked":["Wraith Form v2","Die Die Die"],"picked":"Adrenaline","floor":16},{"not_picked":["Quick Slash","Hidden Blade"],"picked":"Caltrops","floor":18},{"not_picked":["Cloak And Dagger","Deflect"],"picked":"Blur+1","floor":21},{"not_picked":["Eviscerate","Prepared"],"picked":"Envenom","floor":24},{"not_picked":["Doppelganger","Poisoned Stab"],"picked":"Quick Slash","floor":28},{"not_picked":["Acrobatics+1","Cloak And Dagger+1"],"picked":"Caltrops+1","floor":29},{"not_picked":["Backflip","Sucker Punch+1"],"picked":"Distraction","floor":30},{"not_picked":["Blur","Sucker Punch"],"picked":"Deadly Poison+1","floor":31},{"not_picked":["Replay:Bag of Tricks","Night Terror"],"picked":"A Thousand Cuts","floor":33},{"not_picked":["Acrobatics","Dodge and Roll"],"picked":"ReplayTheSpireMod:Tripwire+1","floor":35},{"not_picked":["Dagger Spray+1","Toxin Wave+1"],"picked":"Quick Slash+1","floor":37},{"not_picked":["Discovery","Madness"],"picked":"The Bomb","floor":39},{"not_picked":["Jack Of All Trades","Blind"],"picked":"Replay:Bootleg Shield Generator","floor":39},{"not_picked":["All Out Attack+1","Quick Slash"],"picked":"Dodge and Roll+1","floor":45},{"not_picked":["Expertise+1","Backflip"],"picked":"Footwork","floor":46},{"not_picked":["Endless Agony+1","Blade Dance"],"picked":"Tools of the Trade","floor":48},{"not_picked":["Hidden Blade","PiercingWail+1"],"picked":"Replay:Poison Smokescreen","floor":49},{"not_picked":["Tools of the Trade","Accuracy"],"picked":"Backflip","floor":54}],"player_experience":899403,"relics_obtained":[{"floor":7,"key":"Tingsha"},{"floor":9,"key":"Mercury Hourglass"},{"floor":11,"key":"ReplayTheSpireMod:Shallot"},{"floor":13,"key":"Snack Pack"},{"floor":24,"key":"Blue Doll"},{"floor":28,"key":"Vampiric Spirits"},{"floor":43,"key":"Art of War"},{"floor":48,"key":"Dream Catcher"},{"floor":54,"key":"TungstenRod"}],"event_choices":[{"damage_healed":0,"gold_gain":0,"player_choice":"Relic ","damage_taken":3,"max_hp_gain":0,"max_hp_loss":0,"event_name":"betterThird:BetterScrap","floor":12,"gold_loss":0,"cards_obtained":["Chill"]},{"damage_healed":0,"gold_gain":0,"player_choice":"Simplicity","damage_taken":0,"max_hp_gain":0,"max_hp_loss":10,"event_name":"betterThird:BetterWriting","floor":19,"gold_loss":0},{"damage_healed":0,"gold_gain":275,"player_choice":"Desecrate","damage_taken":0,"max_hp_gain":0,"max_hp_loss":0,"event_name":"Golden Shrine","floor":22,"gold_loss":0,"cards_obtained":["Regret"]},{"damage_healed":0,"gold_gain":0,"player_choice":"Read","damage_taken":0,"max_hp_gain":0,"max_hp_loss":0,"event_name":"The Library","floor":27,"gold_loss":0,"cards_obtained":["Tactician"]},{"damage_healed":0,"gold_gain":0,"player_choice":"Paid","damage_taken":0,"relics_obtained":["Red Mask"],"max_hp_gain":0,"max_hp_loss":0,"event_name":"Tomb of Lord Red Mask","floor":38,"gold_loss":84},{"damage_healed":0,"gold_gain":3,"player_choice":"1","damage_taken":0,"max_hp_gain":0,"max_hp_loss":0,"event_name":"betterStone:BetterStone","floor":39,"gold_loss":0}],"is_beta":false,"boss_relics":[{"not_picked":["SlaversCollar","Kintsugi"],"picked":"SacredBark"},{"not_picked":["Runic Pyramid","Astrolabe"],"picked":"Cursed Key"}],"items_purged_floors":[],"is_endless":false,"potions_floor_spawned":[4,7,8,11,16,18,24,30,33,35],"killed_by":"The Heart","ascension_level":10}}