{"host":"630px4nyj50z5id8","time":1613308878,"event":{"mods":["BaseMod","Better Note","Colored Powertips","Good Game Mod","Minty Spire (QoL Compilation)","Quick Restart","Rare Cards Sparkle","Relic Filter Mod","Replay The Spire","StSLib","Waifu the Spire"],"gold_per_floor":[117,137,147,422,436,471,14,46,46,46,58,58,89,164,164,266,266,280,295,395,406,422,448,448,459,482,547,547,600,630,630,630,764,764,815,424,457,493,503,503],"floor_reached":39,"language":"ZHS","playtime":1468,"items_purged":["Regret","Strike_R"],"score":511,"play_id":"e44865cb-82e3-4ed8-a9e3-dbf614062a2c","local_time":"20210214212118","is_ascension_mode":true,"campfire_choices":[{"data":"Discovery","floor":10.0,"key":"SMITH"},{"data":"ReplayTheSpireMod:Omega Cannon","floor":12.0,"key":"SMITH"},{"data":"Spot Weakness","floor":15.0,"key":"SMITH"},{"data":"Immolate","floor":24,"key":"SMITH"},{"data":"Demonic Infusion","floor":28,"key":"SMITH"},{"data":"Shockwave","floor":32,"key":"SMITH"}],"circlet_count":0,"master_deck":["Strike_R","Strike_R","Strike_R","Strike_R","Defend_R","Defend_R","Defend_R","Defend_R","Bash","ReplayTheSpireMod:Omega Cannon+1","Discovery+1","Spot Weakness+1","Headbutt","Corruption","ReplayTheSpireMod:Muscle Training","Hemogenesis","Immolate+1","Sword Boomerang+1","Rupture","True Grit+1","Shrug It Off","Feel No Pain","Demonic Infusion+1","ReplayTheSpireMod:Muscle Training","Shockwave+1","Feel No Pain","Dual Wield+1"],"relics":["Black Blood","REME:ComplimentaryCards","Orichalcum","Blue Candle","Lantern","TungstenRod","White Beast Statue","Replay:WaspNest","Runic Cube","Eternal Feather","Replay:Bandana","Paper Frog","Bag of Preparation","Blue Doll","Ancient Tea Set"],"acts_visited":["Exordium","TheCity","TheBeyond"],"potions_floor_usage":[16,21,23,23,27,27,27,30,33,33,38],"damage_taken":[{"damage":1.0,"enemies":"2 Louse","floor":1.0,"turns":2.0},{"damage":0.0,"enemies":"Cultist","floor":2.0,"turns":2.0},{"damage":0.0,"enemies":"Small Slimes","floor":3.0,"turns":1.0},{"damage":12.0,"enemies":"Looter","floor":5.0,"turns":2.0},{"damage":21.0,"enemies":"Gremlin Nob","floor":6.0,"turns":4.0},{"damage":23.0,"enemies":"Lagavulin","floor":8.0,"turns":5.0},{"damage":0.0,"enemies":"Large Slime","floor":11.0,"turns":4.0},{"damage":2.0,"enemies":"3 Sentries","floor":13.0,"turns":3.0},{"damage":18,"enemies":"Slime Boss","floor":16,"turns":8},{"damage":0,"enemies":"3 Byrds","floor":18,"turns":1},{"damage":2,"enemies":"Shell Parasite","floor":19,"turns":3},{"damage":22,"enemies":"Snake Plant","floor":21,"turns":4},{"damage":25,"enemies":"Shelled Parasite and Fungi","floor":22,"turns":5},{"damage":35,"enemies":"Gremlin Leader","floor":23,"turns":4},{"damage":3,"enemies":"Chosen and Byrds","floor":25,"turns":4},{"damage":6,"enemies":"Slavers","floor":27,"turns":3},{"damage":26,"enemies":"Book of Stabbing","floor":29,"turns":3},{"damage":17,"enemies":"Cultist and Chosen","floor":30,"turns":5},{"damage":50,"enemies":"Automaton","floor":33,"turns":8},{"damage":0,"enemies":"3 Shapes","floor":35,"turns":1},{"damage":8,"enemies":"Orb Walker","floor":37,"turns":2},{"damage":72,"enemies":"Transient","floor":38,"turns":5},{"damage":70,"enemies":"Spire Growth","floor":39,"turns":5}],"seed_played":"-5166885447740707087","potions_obtained":[{"floor":2.0,"key":"SmokeBomb"},{"floor":3.0,"key":"PowerPotion"},{"floor":6.0,"key":"Energy Potion"},{"floor":8.0,"key":"HeartOfIron"},{"floor":13.0,"key":"Explosive Potion"},{"floor":16,"key":"Explosive Potion"},{"floor":18,"key":"Energy Potion"},{"floor":19,"key":"Explosive Potion"},{"floor":21,"key":"Elixir"},{"floor":22,"key":"Venom Potion"},{"floor":23,"key":"EntropicBrew"},{"floor":25,"key":"Elixir"},{"floor":27,"key":"ColorlessPotion"},{"floor":29,"key":"Elixir"},{"floor":30,"key":"Cursed Concoction"},{"floor":33,"key":"Swift Potion"},{"floor":35,"key":"SkillPotion"},{"floor":37,"key":"BloodPotion"},{"floor":38,"key":"FairyPotion"}],"is_trial":false,"path_per_floor":["M","M","M","?","M","E","$","E","T","R","M","R","E","?","R","B",null,"M","M","?","M","M","E","R","M","T","E","R","E","M","?","R","B",null,"M","$","M","M","M"],"character_chosen":"IRONCLAD","items_purchased":["Blue Candle","Lantern","Blue Doll","Ancient Tea Set"],"campfire_rested":0,"item_purchase_floors":[7,7,36,36],"current_hp_per_floor":[80,80,80,80,74,59,59,42,42,42,48,48,52,42,42,35,80,80,80,80,71,57,28,40,48,48,48,63,43,32,32,47,8,80,80,80,80,20,0,0],"gold":503,"neow_bonus":"RANDOM_COLORLESS","is_daily":false,"chose_seed":false,"campfire_upgraded":6,"win_rate":0.0,"timestamp":1613308878,"path_taken":["M","M","M","?","?","E","$","E","T","R","M","R","E","?","R","BOSS","M","M","?","M","?","E","R","M","T","E","R","E","M","?","R","BOSS","M","$","M","M","M"],"items_purchased_type":["Relic","Relic","Relic","Relic"],"build_version":"2020-12-22","purchased_purges":2,"victory":false,"max_hp_per_floor":[80,80,80,80,80,80,80,80,80,80,80,80,80,80,80,80,80,80,80,80,80,80,80,80,80,80,80,80,80,80,80,80,80,80,80,80,80,80,80,80],"card_choices":[{"not_picked":["Blind","Jack Of All Trades"],"picked":"Discovery","floor":0.0},{"not_picked":["Twin Strike","Rampage"],"picked":"Spot Weakness","floor":1.0},{"not_picked":["Body Slam","Flame Barrier","Blood for Blood"],"picked":"SKIP","floor":2.0},{"not_picked":["Blood for Blood","Thunderclap","Heavy Blade"],"picked":"SKIP","floor":3.0},{"not_picked":["Entrench","Anger"],"picked":"Headbutt","floor":5.0},{"not_picked":["Armaments","Pommel Strike"],"picked":"Corruption","floor":6.0},{"not_picked":["ReplayReversal","Havoc"],"picked":"ReplayTheSpireMod:Muscle Training","floor":8.0},{"not_picked":["Entrench","Clothesline","Clash"],"picked":"SKIP","floor":11.0},{"not_picked":["Thunderclap","Anger"],"picked":"Hemogenesis","floor":13.0},{"not_picked":["Juggernaut","Fiend Fire"],"picked":"Immolate","floor":16},{"not_picked":["Iron Wave","Perfected Strike"],"picked":"Sword Boomerang+1","floor":18},{"not_picked":["Heavy Blade","Pommel Strike"],"picked":"Rupture","floor":19},{"not_picked":["Heavy Blade","Iron Wave+1"],"picked":"True Grit+1","floor":21},{"not_picked":["Iron Wave","Anger+1"],"picked":"Shrug It Off","floor":22},{"not_picked":["Sword Boomerang","Carnage"],"picked":"Feel No Pain","floor":23},{"not_picked":["Shrug It Off","Cleave"],"picked":"Demonic Infusion","floor":25},{"not_picked":["Intimidate","Barricade"],"picked":"ReplayTheSpireMod:Muscle Training","floor":27},{"not_picked":["Twin Strike","Cleave+1"],"picked":"Shockwave","floor":29},{"not_picked":["Shockwave+1","Cleave","Thunderclap"],"picked":"SKIP","floor":30},{"not_picked":["Iron Wave","Rupture","Headbutt+1"],"picked":"SKIP","floor":35},{"not_picked":["Cleave","Pummel"],"picked":"Dual Wield+1","floor":37},{"not_picked":["Perfected Strike","Cleave+1","Sword Boomerang"],"picked":"SKIP","floor":38}],"player_experience":392069,"relics_obtained":[{"floor":6.0,"key":"Orichalcum"},{"floor":8.0,"key":"TungstenRod"},{"floor":9.0,"key":"White Beast Statue"},{"floor":13.0,"key":"Replay:WaspNest"},{"floor":23,"key":"Eternal Feather"},{"floor":26,"key":"Replay:Bandana"},{"floor":27,"key":"Paper Frog"},{"floor":29,"key":"Bag of Preparation"}],"event_choices":[{"damage_healed":0.0,"max_hp_gain":0.0,"max_hp_loss":0.0,"gold_gain":275.0,"event_name":"Golden Shrine","player_choice":"Desecrate","floor":4.0,"gold_loss":0.0,"damage_taken":0.0,"cards_obtained":["Regret"]},{"damage_healed":0.0,"max_hp_gain":0.0,"max_hp_loss":0.0,"gold_gain":75.0,"event_name":"World of Goop","player_choice":"Gather Gold","floor":14.0,"gold_loss":0.0,"damage_taken":11.0},{"damage_healed":0,"gold_gain":100,"player_choice":"Pray","damage_taken":0,"max_hp_gain":0,"max_hp_loss":0,"event_name":"Golden Shrine","floor":20,"gold_loss":0},{"damage_healed":0,"gold_gain":0,"player_choice":"Copied","damage_taken":0,"max_hp_gain":0,"max_hp_loss":0,"event_name":"Duplicator","floor":31,"gold_loss":0,"cards_obtained":["Feel No Pain"]}],"is_beta":false,"boss_relics":[{"not_picked":["Empty Cage","Ooze Armor"],"picked":"Runic Cube"},{"not_picked":["Velvet Choker","SacredBark"],"picked":"Black Blood"}],"items_purged_floors":[7,36],"is_endless":false,"potions_floor_spawned":[2,3,6,8,11,13,16,18,19,21,22,23,25,27,29,30,33,35,37,38],"killed_by":"Spire Growth","ascension_level":1}}