{"host":"e4wnmsyty9uvvtwf","time":1613304673,"event":{"mods":["Act Like it!","BaseMod","Colored Map","Colored Powertips","Gensokyo","Koishi","Minty Spire (QoL Compilation)","StSLib"],"gold_per_floor":[111,111,111,111,126,126,154,53,53,53,66,0,28,38,38,38,38],"floor_reached":16,"language":"ZHS","playtime":477,"items_purged":[],"score":195,"play_id":"5f5c8897-80a5-4ece-bab9-e9af73ac027d","local_time":"20210214201113","is_ascension_mode":true,"campfire_choices":[{"data":"Koishi:RoseHell","floor":6,"key":"SMITH"},{"data":"Koishi:GhostParty","floor":10,"key":"SMITH"},{"floor":15,"key":"REST"}],"circlet_count":0,"master_deck":["AscendersBane","Koishi:BasicStrike","Koishi:BasicStrike","Koishi:BasicStrike","Koishi:BasicStrike","Koishi:BasicDefend","Koishi:BasicDefend","Koishi:BasicDefend","Koishi:BasicDefend","Koishi:Provoke","Koishi:HauntingSlash","Koishi:GhostParty+1","Koishi:LastRemote+1","Gensokyo:CrescentMoonSlash","Koishi:RoseHell+1","Koishi:BramblyRoseGarden","Koishi:SubterraneanRose","Koishi:SubconsciousSweep","Koishi:HeartfeltFancy","Gensokyo:TarnishedGold","Gensokyo:ScrapIron","Koishi:TremblingHands","Koishi:DreadfulBlow"],"relics":["Koishi:ImaginaryFriend","Mango","Anchor","Darkstone Periapt","Letter Opener"],"acts_visited":["Exordium"],"potions_floor_usage":[],"damage_taken":[{"damage":0,"enemies":"Gensokyo:Python","floor":1,"turns":5},{"damage":3,"enemies":"Gensokyo:2_Kodama","floor":5,"turns":6},{"damage":1,"enemies":"Gensokyo:Mamizou","floor":7,"turns":14},{"damage":1,"enemies":"Gensokyo:Gryphon","floor":11,"turns":2},{"damage":14,"enemies":"Gensokyo:Cirno","floor":13,"turns":7},{"damage":0,"enemies":"Gensokyo:2_Rabbits","floor":14,"turns":2},{"damage":0,"enemies":"Gensokyo:Reimu","floor":16,"turns":1}],"seed_played":"-6766695131229098482","potions_obtained":[{"floor":1,"key":"Fire Potion"},{"floor":7,"key":"FearPotion"}],"is_trial":false,"path_per_floor":["M","?","?","?","M","R","E","$","T","R","M","COS","E","M","R","B"],"character_chosen":"KOISHI","items_purchased":["Koishi:SubterraneanRose","Koishi:SubconsciousSweep"],"campfire_rested":1,"item_purchase_floors":[8,8],"current_hp_per_floor":[58,58,49,42,41,41,43,43,43,43,42,42,29,29,51,51,51],"gold":38,"neow_bonus":"TEN_PERCENT_HP_BONUS","is_daily":false,"chose_seed":false,"campfire_upgraded":2,"win_rate":0.0,"timestamp":1613304673,"path_taken":["M","?","?","?","M","R","E","?","T","R","M","COS","E","M","R","BOSS"],"items_purchased_type":["Card","Card"],"build_version":"2020-12-22","purchased_purges":0,"victory":false,"max_hp_per_floor":[62,62,62,76,76,76,76,76,76,76,76,76,76,76,76,76,76],"card_choices":[{"not_picked":["Koishi:ReflexRadar","Koishi:FleetingPhantom"],"picked":"Koishi:GhostParty","floor":1},{"not_picked":["Koishi:RacingHeart","Koishi:StingingMind"],"picked":"Koishi:RoseHell","floor":5},{"not_picked":["Koishi:UnseenTerror","Koishi:PhantomStrike"],"picked":"Koishi:BramblyRoseGarden","floor":7},{"not_picked":["Koishi:Whimsy","Koishi:Jaunt"],"picked":"Koishi:HeartfeltFancy","floor":11},{"not_picked":["Koishi:PhantomStrike","Koishi:SubterraneanRose"],"picked":"Koishi:TremblingHands","floor":13},{"not_picked":["Koishi:SubconsciousSweep","Koishi:ParalyzingFear"],"picked":"Koishi:DreadfulBlow","floor":14}],"player_experience":564578,"relics_obtained":[{"floor":7,"key":"Anchor"},{"floor":9,"key":"Darkstone Periapt"},{"floor":13,"key":"Letter Opener"}],"event_choices":[],"is_beta":false,"boss_relics":[],"items_purged_floors":[],"is_endless":false,"potions_floor_spawned":[1,7,13,14],"killed_by":"Gensokyo:Reimu","ascension_level":14}}