{"host":"1lwxixhv2lzh5ag1","time":1613306562,"event":{"mods":["AchievementEnabler","BaseMod","Bestiary","Better Altar","Better Match","Better Note","Better Sensory Stone","Better Silent Start","Better Skull","Better Third Choice","BetterRewards","Colored Map","Colored Powertips","DeckTracker","Displayed Cursed Tome","Downfall","Fox Events","Hubris","Minty Spire (QoL Compilation)","Permanent Neow","Relic Stats","Reliquary","Replay The Spire","Spire Arcade","StSLib","Td1madao Mod","The Blue Laboratory","Uncapped","Waifu the Spire"],"gold_per_floor":[209,221,47,62,79,79,112,112,112,141,161,161,161,178,178,279,329,340,340,340,354,369,369,379,379,379,406,406,206,206,221,221,221,221],"floor_reached":33,"language":"ENG","playtime":1666,"items_purged":[],"score":277,"play_id":"7edd4f7b-94ee-4380-8f66-3b8c6dae5834","local_time":"20210214074242","is_ascension_mode":false,"campfire_choices":[{"data":"Replay:Poison Smokescreen","floor":6,"key":"SMITH"},{"floor":8,"key":"REST"},{"floor":13,"key":"REST"},{"floor":23,"key":"REST"},{"floor":28,"key":"REST"},{"data":"Dark Shackles","floor":30,"key":"SMITH"},{"floor":32,"key":"REST"}],"circlet_count":0,"master_deck":["Strike_G","Strike_G","Strike_G+1","Strike_G","Defend_G","Defend_G","Defend_G","Defend_G","Survivor","Neutralize","Dagger Spray","Replay:Poison Smokescreen+1","Bouncing Flask","Dark Shackles+1","Backstab","Noxious Fumes","Deadly Poison","Leg Sweep","Toxin Wave","Venomology+1","Deadly Poison","Outmaneuver+1","Dodge and Roll+1","Catalyst+1","Impervious","Prepared+1","Deadly Poison","Blade Dance+1"],"relics":["Ring of the Snake","Replay:Bottled Snecko","Sundial","reliquary:OuijaBoard","hubris:Towel","Lizard Tail","Tiny House","Quantum Egg","Strawberry","Ancient Tea Set"],"acts_visited":["Exordium","TheCity"],"potions_floor_usage":[16,16,18,21,21,24,27],"damage_taken":[{"damage":0,"enemies":"Cultist","floor":1,"turns":4},{"damage":0,"enemies":"Small Slimes","floor":2,"turns":4},{"damage":0,"enemies":"2 Louse","floor":4,"turns":2},{"damage":2,"enemies":"Large Slime","floor":5,"turns":7},{"damage":13,"enemies":"3 Sentries","floor":7,"turns":6},{"damage":4,"enemies":"Gremlin Nob","floor":10,"turns":4},{"damage":5,"enemies":"Blue Slaver","floor":11,"turns":4},{"damage":5,"enemies":"3 Louse","floor":14,"turns":4},{"damage":48,"enemies":"Fading Forest","floor":16,"turns":11},{"damage":16,"enemies":"2 Thieves","floor":18,"turns":4},{"damage":12,"enemies":"Spheric Guardian","floor":21,"turns":5},{"damage":28,"enemies":"Chosen and Byrds","floor":22,"turns":7},{"damage":0,"enemies":"Centurion and Healer","floor":24,"turns":6},{"damage":4,"enemies":"Replay:Snechameleon","floor":27,"turns":6},{"damage":27,"enemies":"Cultist and Chosen","floor":31,"turns":6},{"damage":143,"enemies":"Collector","floor":33,"turns":7}],"seed_played":"-2650977144385841508","potions_obtained":[{"floor":2,"key":"SpeedPotion"},{"floor":4,"key":"blueLaboratory:HorrorPotion"},{"floor":5,"key":"Reflective Coating"},{"floor":17,"key":"Strength Potion"},{"floor":18,"key":"DuplicationPotion"},{"floor":20,"key":"blueLaboratory:RememoryPotion"}],"is_trial":false,"path_per_floor":["M","M","$","M","M","R","E","R","T","E","M","?","R","M","R_BF","B",null,"M","?","?","M","M","R","M","?","T","E","R","$","R","M","R","B"],"character_chosen":"THE_SILENT","items_purchased":["Bouncing Flask","Dark Shackles","Ancient Tea Set","Deadly Poison"],"campfire_rested":5,"item_purchase_floors":[3,3,29,29],"current_hp_per_floor":[70,70,70,70,68,68,55,70,70,66,61,49,70,65,65,37,75,59,59,59,47,19,41,41,41,41,44,68,68,68,41,65,0,0],"gold":221,"neow_bonus":"HUNDRED_GOLD","is_daily":false,"chose_seed":false,"campfire_upgraded":2,"win_rate":0.0,"timestamp":1613306562,"path_taken":["M","M","$","M","M","R","E","R","T","E","M","?","R","M","R_BF","BOSS","M","?","?","M","M","R","?","?","T","E","R","?","R","M","R","BOSS"],"items_purchased_type":["Card","Card","Relic","Card"],"build_version":"2020-12-22","purchased_purges":0,"victory":false,"max_hp_per_floor":[70,70,70,70,70,70,70,70,70,70,70,70,70,70,70,70,75,75,75,75,75,75,75,75,75,75,82,82,82,82,82,82,82,82],"relic_stats":{"Lizard Tail":41,"counters":[16,87],"Sundial":[6],"obtain_stats":[{"reliquary:OuijaBoard":10,"Lizard Tail":16,"Tiny House":17,"Sundial":9,"Quantum Egg":26,"Strawberry":27,"Replay:Bottled Snecko":7,"hubris:Towel":15,"Ancient Tea Set":29,"Ring of the Snake":0,"reliquary:FerryPass":12},{"reliquary:OuijaBoard":6,"Lizard Tail":9,"Tiny House":9,"Sundial":5,"Quantum Egg":13,"Strawberry":14,"Replay:Bottled Snecko":5,"hubris:Towel":8,"Ancient Tea Set":14,"Ring of the Snake":0,"reliquary:FerryPass":7},{"reliquary:OuijaBoard":27,"Lizard Tail":46,"Tiny House":46,"Sundial":23,"Quantum Egg":68,"Strawberry":74,"Replay:Bottled Snecko":23,"hubris:Towel":35,"Ancient Tea Set":74,"Ring of the Snake":0,"reliquary:FerryPass":31}],"Ring of the Snake":[80]},"card_choices":[{"not_picked":["Distraction","Calculated Gamble"],"picked":"Dagger Spray","floor":1},{"not_picked":["Deflect","Slice"],"picked":"Replay:Poison Smokescreen","floor":2},{"not_picked":["Underhanded Strike","Flying Knee"],"picked":"Backstab","floor":4},{"not_picked":["Blade Dance","PiercingWail"],"picked":"Noxious Fumes","floor":5},{"not_picked":["Outmaneuver","Skewer"],"picked":"Deadly Poison","floor":7},{"not_picked":["Hidden Blade","ReplayTheSpireMod:Necrosis"],"picked":"Leg Sweep","floor":10},{"not_picked":["Sucker Punch","Outmaneuver"],"picked":"Toxin Wave","floor":11},{"not_picked":["Catalyst","Backflip","Draining Mist"],"picked":"SKIP","floor":14},{"not_picked":["Envenom","A Thousand Cuts"],"picked":"Venomology","floor":16},{"not_picked":["Acrobatics","Outmaneuver"],"picked":"Deadly Poison","floor":17},{"not_picked":["Sucker Punch","Deadly Poison"],"picked":"Outmaneuver+1","floor":18},{"not_picked":["Dash","Outmaneuver","Escape Plan+1"],"picked":"SKIP","floor":21},{"not_picked":["Dagger Spray","ReplayTheSpireMod:Exploit Weakness"],"picked":"Dodge and Roll+1","floor":22},{"not_picked":["Hidden Blade","Flying Knee"],"picked":"Catalyst+1","floor":24},{"not_picked":["Acrobatics","Accuracy"],"picked":"Prepared+1","floor":27},{"not_picked":["Slice","Hidden Blade"],"picked":"Blade Dance+1","floor":31}],"player_experience":22480,"relics_obtained":[{"floor":7,"key":"Replay:Bottled Snecko"},{"floor":9,"key":"Sundial"},{"floor":10,"key":"reliquary:OuijaBoard"},{"floor":16,"key":"Lizard Tail"},{"floor":26,"key":"Quantum Egg"},{"floor":27,"key":"Strawberry"}],"event_choices":[{"damage_healed":0,"gold_gain":1,"player_choice":"Relic ","damage_taken":12,"max_hp_gain":0,"max_hp_loss":0,"event_name":"betterThird:BetterScrap","floor":12,"gold_loss":0,"cards_obtained":["Reckless Charge"]},{"damage_healed":0,"gold_gain":0,"player_choice":"Forge","damage_taken":0,"max_hp_gain":0,"max_hp_loss":0,"event_name":"Accursed Blacksmith","floor":19,"gold_loss":0,"cards_upgraded":["Venomology"]},{"damage_healed":0,"gold_gain":0,"player_choice":"Got Potions","damage_taken":0,"max_hp_gain":0,"max_hp_loss":0,"event_name":"Lab","floor":20,"gold_loss":0},{"cards_removed":["Replay:Poison Smokescreen"],"damage_healed":0,"gold_gain":0,"player_choice":"Take \u0026 Give","damage_taken":0,"max_hp_gain":0,"max_hp_loss":0,"event_name":"betterNote:BetterNote","floor":25,"gold_loss":0,"cards_obtained":["Impervious"]}],"is_beta":false,"boss_relics":[{"not_picked":["Kintsugi","Honey Jar"],"picked":"Tiny House"}],"items_purged_floors":[],"is_endless":false,"potions_floor_spawned":[2,4,5,7,11,18,22],"killed_by":"Collector","ascension_level":0}}