{"host":"sum4dy402bbv9y4o","time":1613332496,"event":{"mods":["Aspiration","BaseMod","Conspire","Highlight Path","Minty Spire (QoL Compilation)","StSLib"],"gold_per_floor":[111,261,0,13,13,43,43,43,70,98,98,118,151,165,165,243,243,260,274,38,52,52,52,87,98,98,115,115,115,140,155,155,230,230,240,250,41,59,77,77,124,157,232,232,250,275,275,288,288,288,288,288],"floor_reached":51,"language":"ENG","playtime":1859,"items_purged":["Doubt","Injury","Shame"],"score":1609,"play_id":"f77028d1-549f-4ef1-ba1e-6aa264961d53","local_time":"20210214225456","is_ascension_mode":true,"campfire_choices":[{"data":"Eruption","floor":7,"key":"SMITH"},{"data":"MentalFortress","floor":11,"key":"SMITH"},{"data":"Adaptation","floor":15,"key":"SMITH"},{"data":"TalkToTheHand","floor":23,"key":"SMITH"},{"data":"Vigilance","floor":28,"key":"SMITH"},{"data":"Conserve Battery","floor":32,"key":"SMITH"},{"data":"Glacier","floor":40,"key":"SMITH"},{"data":"EmptyBody","floor":49,"key":"SMITH"}],"circlet_count":0,"master_deck":["AscendersBane","Strike_P","Strike_P","Strike_P","Strike_P","Defend_P","Defend_P+1","Defend_P","Defend_P","Eruption+1","Vigilance+1","Evaluate","Consecrate+1","WheelKick+1","Adaptation+1","TalkToTheHand+1","WheelKick+1","MentalFortress+1","Meditate","DeusExMachina","EmptyBody+1","Rebound+1","FlurryOfBlows+1","Beam Cell+1","Conserve Battery+1","Ball Lightning+1","ClearTheMind+1","Rip and Tear+1","LessonLearned+1","JustLucky+1","Ball Lightning+1","Glacier+1","BowlingBash+1","Cold Snap+1","Mind Blast+1","ClearTheMind+1"],"relics":["PureWater","aspiration:Nostalgia","Ring of the Snake","Molten Egg 2","Blood Vial","Pen Nib","Toy Ornithopter","aspiration:HummingbirdHeart","aspiration:DefectSkillbook","Potion Belt","aspiration:Stabinomicon","Kunai","Centennial Puzzle","aspiration:SecretTechniqueScroll","StoneCalendar","Gambling Chip","Meat on the Bone","Du-Vu Doll"],"acts_visited":["Exordium","TheCity","TheBeyond"],"potions_floor_usage":[6,10,16,33,33,33,36,39,45,50,51],"damage_taken":[{"damage":0,"enemies":"Cultist","floor":1,"turns":4},{"damage":0,"enemies":"Jaw Worm","floor":4,"turns":4},{"damage":0,"enemies":"Gremlin Nob","floor":6,"turns":3},{"damage":23,"enemies":"3 Sentries","floor":10,"turns":8},{"damage":0,"enemies":"Small Slimes","floor":12,"turns":1},{"damage":26,"enemies":"Lagavulin","floor":13,"turns":5},{"damage":0,"enemies":"Exordium Wildlife","floor":14,"turns":3},{"damage":0,"enemies":"Slime Boss","floor":16,"turns":2},{"damage":0,"enemies":"Chosen","floor":18,"turns":3},{"damage":1,"enemies":"Shell Parasite","floor":19,"turns":3},{"damage":0,"enemies":"Snake Plant","floor":21,"turns":3},{"damage":0,"enemies":"Book of Stabbing","floor":24,"turns":3},{"damage":0,"enemies":"Centurion and Healer","floor":25,"turns":2},{"damage":6,"enemies":"Chosen and Byrds","floor":27,"turns":3},{"damage":0,"enemies":"3 Cultists","floor":31,"turns":4},{"damage":17,"enemies":"conspire:MysteriousRune","floor":33,"turns":3},{"damage":20,"enemies":"3 Darklings","floor":35,"turns":4},{"damage":9,"enemies":"3 Shapes","floor":36,"turns":5},{"damage":0,"enemies":"Maw","floor":38,"turns":4},{"damage":0,"enemies":"Sphere and 2 Shapes","floor":39,"turns":3},{"damage":11,"enemies":"2 Orb Walkers","floor":41,"turns":2},{"damage":9,"enemies":"Nemesis","floor":42,"turns":5},{"damage":1,"enemies":"3 Darklings","floor":45,"turns":3},{"damage":2,"enemies":"Mind Bloom Boss Battle","floor":46,"turns":3},{"damage":0,"enemies":"Maw","floor":48,"turns":3},{"damage":3,"enemies":"Awakened One","floor":50,"turns":8},{"damage":68,"enemies":"Time Eater","floor":51,"turns":3}],"seed_played":"-7926662830115481389","potions_obtained":[{"floor":4,"key":"Block Potion"},{"floor":6,"key":"GamblersBrew"},{"floor":12,"key":"SteroidPotion"},{"floor":13,"key":"EssenceOfSteel"},{"floor":21,"key":"Strength Potion"},{"floor":24,"key":"Energy Potion"},{"floor":25,"key":"BlessingOfTheForge"},{"floor":27,"key":"Regen Potion"},{"floor":38,"key":"AttackPotion"},{"floor":42,"key":"PowerPotion"},{"floor":48,"key":"Weak Potion"}],"is_trial":false,"path_per_floor":["M","?","$","M","?","E","R","?","T","E","R","M","E","M","R","B",null,"M","M","$","M","?","R","E","M","T","M","R","?","T","M","R","B",null,"M","M","$","M","M","R","?","E","T","?","M","?","?","M","R","B","B"],"character_chosen":"WATCHER","items_purchased":["Consecrate","WheelKick","Adaptation","Beam Cell+1","Conserve Battery","AttackPotion","Regen Potion"],"campfire_rested":0,"item_purchase_floors":[3,3,3,20,20,20,37],"current_hp_per_floor":[61,61,61,61,61,61,61,61,61,40,40,42,18,20,20,27,58,60,61,61,63,63,63,65,67,67,62,62,62,62,64,64,56,65,47,59,59,61,68,68,57,50,50,46,61,61,61,63,63,65,0,0],"gold":288,"neow_bonus":"NOSTALGIA","is_daily":false,"chose_seed":false,"campfire_upgraded":8,"win_rate":0.0,"timestamp":1613332496,"path_taken":["M","?","$","M","?","E","R","?","T","E","R","?","E","M","R","BOSS","M","M","$","M","?","R","E","M","T","M","R","?","?","M","R","BOSS","M","M","$","M","M","R","?","E","T","?","M","?","?","M","R","BOSS","BOSS"],"items_purchased_type":["Card","Card","Card","Card","Card","Potion","Potion"],"build_version":"2020-12-22","purchased_purges":3,"victory":false,"max_hp_per_floor":[68,68,68,68,68,68,68,68,68,68,68,68,68,68,68,68,68,68,68,68,68,68,68,68,68,68,68,68,68,68,68,68,68,68,68,68,68,68,68,68,68,68,68,68,68,68,68,68,68,68,68,68],"card_choices":[{"not_picked":["Prostrate","SignatureMove"],"picked":"Evaluate","floor":1},{"not_picked":["Conclude","Wireheading"],"picked":"TalkToTheHand","floor":4},{"not_picked":["ThirdEye","Blasphemy"],"picked":"WheelKick+1","floor":6},{"not_picked":["BattleHymn","Weave+1"],"picked":"MentalFortress","floor":10},{"not_picked":["PathToVictory","Nirvana"],"picked":"Meditate","floor":12},{"not_picked":["ClearTheMind","CutThroughFate+1"],"picked":"DeusExMachina","floor":13},{"not_picked":["PathToVictory","Crescendo"],"picked":"EmptyBody","floor":14},{"not_picked":["EmptyBody","Halt","Coolheaded"],"picked":"Rebound+1","floor":18},{"not_picked":["BowlingBash+1","PathToVictory+1","Evaluate"],"picked":"FlurryOfBlows+1","floor":19},{"not_picked":["FlurryOfBlows+1","Indignation","Reinforced Body+1"],"picked":"Ball Lightning+1","floor":21},{"not_picked":["Evaluate+1","Steam Power","Skim","Coolheaded"],"picked":"SKIP","floor":24},{"not_picked":["Hologram","Evaluate","Turbo","Glacier"],"picked":"SKIP","floor":25},{"not_picked":["Redo","FTL+1","Chaos"],"picked":"ClearTheMind+1","floor":27},{"not_picked":["aspiration:Polymerization","Steam Power","CarveReality+1"],"picked":"Rip and Tear+1","floor":31},{"not_picked":["Scrawl","Reboot","Wish"],"picked":"LessonLearned+1","floor":33},{"not_picked":["CarveReality+1","EmptyFist+1","PathToVictory"],"picked":"JustLucky+1","floor":35},{"not_picked":["Hologram","Sweeping Beam+1","Consecrate+1","ReachHeaven+1"],"picked":"SKIP","floor":36},{"not_picked":["Rebound+1","CutThroughFate+1","Wireheading"],"picked":"Ball Lightning+1","floor":38},{"not_picked":["Conserve Battery+1","BowlingBash+1","Aggregate"],"picked":"Glacier","floor":39},{"not_picked":["Chaos+1","Weave+1","EmptyMind"],"picked":"BowlingBash+1","floor":41},{"not_picked":["Steam Power+1","Electrodynamics","Omniscience","Consume"],"picked":"SKIP","floor":42},{"not_picked":["Adaptation+1","Turbo+1","Meditate","Force Field"],"picked":"SKIP","floor":45},{"not_picked":["Protect+1","Sanctity","Ball Lightning+1"],"picked":"Cold Snap+1","floor":46},{"not_picked":["conspire:Banana","Dark Shackles","Blind"],"picked":"Mind Blast+1","floor":47},{"not_picked":["Hologram+1","Rebound+1","ThirdEye"],"picked":"ClearTheMind+1","floor":48}],"player_experience":3105971,"relics_obtained":[{"floor":6,"key":"Blood Vial"},{"floor":9,"key":"Pen Nib"},{"floor":10,"key":"Toy Ornithopter"},{"floor":13,"key":"aspiration:HummingbirdHeart"},{"floor":24,"key":"aspiration:Stabinomicon"},{"floor":26,"key":"Kunai"},{"floor":30,"key":"Centennial Puzzle"},{"floor":41,"key":"StoneCalendar"},{"floor":42,"key":"Gambling Chip"},{"floor":43,"key":"Meat on the Bone"},{"floor":46,"key":"Du-Vu Doll"}],"event_choices":[{"damage_healed":0,"gold_gain":150,"player_choice":"AGREE","damage_taken":0,"max_hp_gain":0,"max_hp_loss":0,"event_name":"Liars Game","floor":2,"gold_loss":0,"cards_obtained":["Doubt"]},{"damage_healed":0,"gold_gain":0,"player_choice":"Grow","damage_taken":0,"max_hp_gain":0,"max_hp_loss":0,"event_name":"Living Wall","floor":8,"gold_loss":0,"cards_upgraded":["WheelKick"]},{"damage_healed":0,"gold_gain":0,"player_choice":"Stole Relic","damage_taken":0,"relics_obtained":["Potion Belt"],"max_hp_gain":0,"max_hp_loss":0,"event_name":"Addict","floor":22,"gold_loss":0,"cards_obtained":["Shame"]},{"damage_healed":0,"gold_gain":0,"player_choice":"Ignored","damage_taken":0,"max_hp_gain":0,"max_hp_loss":0,"event_name":"Ghosts","floor":29,"gold_loss":0},{"damage_healed":0,"gold_gain":0,"player_choice":"Fight","damage_taken":0,"max_hp_gain":0,"max_hp_loss":0,"event_name":"Mysterious Sphere","floor":41,"gold_loss":0},{"damage_healed":0,"gold_gain":0,"player_choice":"Leave","damage_taken":0,"max_hp_gain":0,"max_hp_loss":0,"event_name":"conspire:Investor","floor":44,"gold_loss":0},{"damage_healed":0,"gold_gain":0,"player_choice":"Fight","damage_taken":0,"max_hp_gain":0,"max_hp_loss":0,"event_name":"MindBloom","floor":46,"gold_loss":0},{"damage_healed":0,"gold_gain":0,"player_choice":"Memory 1","damage_taken":0,"max_hp_gain":0,"max_hp_loss":0,"event_name":"SensoryStone","floor":47,"gold_loss":0}],"is_beta":false,"boss_relics":[{"not_picked":["Velvet Choker","Philosopher\u0027s Stone"],"picked":"aspiration:DefectSkillbook"},{"not_picked":["aspiration:FutureDiary","Runic Dome"],"picked":"aspiration:SecretTechniqueScroll"}],"items_purged_floors":[3,20,37],"is_endless":false,"potions_floor_spawned":[4,6,12,13,21,24,25,27,38,42,48],"killed_by":"Time Eater","ascension_level":20}}