{"host":"KYO","time":1613276455,"event":{"mods":["ATMod(阿瑾Mod)","BaseMod","Minty Spire (QoL Compilation)","Permanent Neow","Shop Mod","StSLib","SuperFastMode","TestMod","[IsaacMod]以撒尖塔","【遗物卡牌】REMEMod"],"gold_per_floor":[118,129,144,144,157,157,189,56,81,114,127,94,121,135,135,212,212,229,229,18,418,432,465,465,499,499,499,499],"floor_reached":27,"language":"ZHS","playtime":1166,"items_purged":["Strike_B","Strike_B"],"score":592,"play_id":"d317f81b-56b4-415c-a094-5818410b1057","local_time":"20210214122055","is_ascension_mode":true,"campfire_choices":[{"data":"Coolheaded","floor":6.0,"key":"SMITH"},{"data":"AT_WaterDrop","floor":15.0,"key":"SMITH"}],"circlet_count":0,"master_deck":["AscendersBane","Strike_B","Strike_B","Defend_B","Defend_B+1","Defend_B","Defend_B","Zap","Dualcast+1","EpicFetus","AT_WaterDrop+1","Cold Snap","Coolheaded+1","Self Repair","ElectricPowerLearning","Echo Form","Storm","Defend_B"],"relics":["Cracked Core","AT_ATBox","REME_ComplimentaryCards","testmod-TestBox","SteamSale","testmod-EqualTreatment","Smiling Mask","MerchantsRug","REME_PuzzleBoxRelic","Akabeko","TheBible","testmod-IncinerationGenerator","White Beast Statue","ClockworkSouvenir","testmod-OneHitWonder","Letter Opener","The Courier"],"acts_visited":["Exordium","TheCity"],"potions_floor_usage":[23,23],"damage_taken":[{"damage":2.0,"enemies":"Jaw Worm","floor":1.0,"turns":5.0},{"damage":0.0,"enemies":"2 Louse","floor":2.0,"turns":4.0},{"damage":2.0,"enemies":"Cultist","floor":3.0,"turns":4.0},{"damage":8.0,"enemies":"Red Slaver","floor":5.0,"turns":6.0},{"damage":10.0,"enemies":"Lagavulin","floor":7.0,"turns":5.0},{"damage":0.0,"enemies":"Gremlin Nob","floor":10.0,"turns":3.0},{"damage":0.0,"enemies":"Large Slime","floor":11.0,"turns":4.0},{"damage":3.0,"enemies":"3 Sentries","floor":13.0,"turns":4.0},{"damage":6.0,"enemies":"Blue Slaver","floor":14.0,"turns":3.0},{"damage":20.0,"enemies":"The Guardian","floor":16.0,"turns":10.0},{"damage":21,"enemies":"3 Byrds","floor":18,"turns":4},{"damage":0,"enemies":"Shell Parasite","floor":22,"turns":2},{"damage":16,"enemies":"Book of Stabbing","floor":23,"turns":7},{"damage":37,"enemies":"Slavers","floor":25,"turns":3},{"damage":7,"enemies":"Book of Stabbing","floor":27,"turns":2}],"seed_played":"-1724766677442556694","potions_obtained":[{"floor":1.0,"key":"Energy Potion"},{"floor":3.0,"key":"BlessingOfTheForge"},{"floor":7.0,"key":"DuplicationPotion"},{"floor":10.0,"key":"Dexterity Potion"},{"floor":11.0,"key":"testmod-SpacePotion"},{"floor":22,"key":"Energy Potion"},{"floor":23,"key":"Fruit Juice"},{"floor":25,"key":"SpeedPotion"}],"is_trial":false,"path_per_floor":["M","M","M","?","M","R","E","$","T","E","M","$","E","M","R","B",null,"M","?","$","?","M","E","?","E","T","E"],"character_chosen":"DEFECT","items_purchased":["MerchantsRug","Echo Form","White Beast Statue","ClockworkSouvenir"],"campfire_rested":0,"item_purchase_floors":[8,17,20,20],"current_hp_per_floor":[62,62,60,60,52,52,42,42,42,42,42,42,39,33,33,20,55,41,41,41,41,48,44,44,7,7,0,0],"gold":499,"neow_bonus":"THREE_CARDS","is_daily":false,"chose_seed":false,"campfire_upgraded":2,"win_rate":0.0,"timestamp":1613276455,"path_taken":["M","M","M","?","?","R","E","$","T","E","M","?","E","M","R","BOSS","M","?","$","?","?","E","?","E","T","E"],"items_purchased_type":["Relic","Card","Relic","Relic"],"build_version":"2020-12-18","purchased_purges":2,"victory":false,"max_hp_per_floor":[71,71,71,71,71,71,71,71,71,71,71,71,71,71,71,71,67,67,67,67,67,67,72,72,72,72,72,72],"card_choices":[{"not_picked":[],"picked":"EpicFetus","floor":0.0},{"not_picked":["Stack","Barrage"],"picked":"Cold Snap","floor":0.0},{"not_picked":["Capacitor","Cold Snap"],"picked":"Bomb","floor":1.0},{"not_picked":["Bomb","Aggregate"],"picked":"Coolheaded","floor":2.0},{"not_picked":["Compile Driver","Sweeping Beam","Darkness"],"picked":"SKIP","floor":3.0},{"not_picked":["Gash","Streamline","BootSequence"],"picked":"SKIP","floor":5.0},{"not_picked":["Chill","Rip and Tear","Hologram"],"picked":"SKIP","floor":7.0},{"not_picked":["Chaos","Reboot","Compile Driver"],"picked":"SKIP","floor":10.0},{"not_picked":["REME_Compress","Stack","Reinforced Body"],"picked":"SKIP","floor":11.0},{"not_picked":["Sweeping Beam","REME_Whirling","Undo"],"picked":"SKIP","floor":13.0},{"not_picked":["Turbo","Cold Snap"],"picked":"Self Repair","floor":14.0},{"not_picked":["AT_WaterDrop","Rainbow"],"picked":"ElectricPowerLearning","floor":16.0},{"not_picked":["Fusion","Melter"],"picked":"Storm","floor":18},{"not_picked":["Rebound","Chill","Doom and Gloom"],"picked":"SKIP","floor":22},{"not_picked":["Ball Lightning","Fan","White Noise"],"picked":"SKIP","floor":23},{"not_picked":["Leap+1","Hologram","Reprogram"],"picked":"SKIP","floor":25}],"player_experience":773438,"relics_obtained":[{"floor":7.0,"key":"Smiling Mask"},{"floor":9.0,"key":"REME_PuzzleBoxRelic"},{"floor":10.0,"key":"Akabeko"},{"floor":13.0,"key":"TheBible"},{"floor":23,"key":"testmod-OneHitWonder"},{"floor":25,"key":"Letter Opener"},{"floor":26,"key":"The Courier"}],"event_choices":[{"damage_healed":0.0,"max_hp_gain":0.0,"max_hp_loss":0.0,"gold_gain":0.0,"event_name":"Liars Game","player_choice":"Ignored","floor":4.0,"gold_loss":0.0,"damage_taken":0.0},{"damage_healed":0,"gold_gain":0,"player_choice":"Swap Relic","damage_taken":0,"relics_obtained":["War Paint"],"max_hp_gain":0,"max_hp_loss":0,"event_name":"给自己的盒子","floor":19,"relics_lost":["War Paint"],"gold_loss":0},{"damage_healed":0,"gold_gain":400,"player_choice":"Sell","damage_taken":0,"max_hp_gain":0,"max_hp_loss":0,"event_name":"恩洛斯的盘子","floor":21,"relics_lost":["HushsDoor"],"gold_loss":0},{"damage_healed":0,"gold_gain":0,"player_choice":"Ignored","damage_taken":0,"max_hp_gain":0,"max_hp_loss":0,"event_name":"Beggar","floor":24,"gold_loss":0}],"is_beta":true,"boss_relics":[{"not_picked":["testmod-BatchProcessingSystem","Calling Bell"],"picked":"testmod-IncinerationGenerator"},{"not_picked":[]}],"items_purged_floors":[8,12],"is_endless":false,"potions_floor_spawned":[1,3,7,10,11,22,23,25],"killed_by":"Book of Stabbing","ascension_level":20}}