{"host":"y087t2reloz9bi43","time":1613330802,"event":{"mods":["2.2 Compatiblity","AchievementEnabler","Aspiration","BaseMod","Beaked The Cultist","Bestiary","Better Note","Better Vampires","BetterRewards","ChefMod","Clockwork Mod","Colored Map","Colored Powertips","Conspire","Downfall","Ekko","Fireblade Mod","Friendly Minions","GifTheSpireLib","Gold Saver","Gremlin Mod","Halation","Hermit","Hubris","Infinite Spire","Jedi Mod","JesterMod","Jorbs\u0027s Wanderer Trilogy","Mad Scientist","Marisa????????","Mimic Mod","Minty Spire (QoL Compilation)","Permanent Neow","Potionbrewer","Rare Cards Sparkle","Relic Stats","Reliquary","Replay The Spire","Robot Space Explorer","Shade Mod","Shop Mod","StSLib","The Alterego","The Blackbeard","The Bug Knight","The Construct","The Cursed","The Disciple","The Exalted","The Hierophant","The Marked","The Mystic","The Necromancer","The Runesmith","The Senshi","The Servant 0.9.4","TheBandit","TheFirefly","TheHero","TheVacant","Transform Curses","Uncapped","everything is the same but u backflip on backflip","thorton"],"gold_per_floor":[113,31,48,48,63,89,14,14,14,37,37,37,70,87,87,188,188,201,201,201,215,228,260,277,290,315,331,362,380,380,397,397,505,505,524,539,305,332,391,422,422,435,435,435,435,455,488,506,506,506,506,512,512,512,215,252,296],"floor_reached":58,"language":"ENG","playtime":4558,"items_purged":["FireBladeMod:StrikeFireBlade","FireBladeMod:StrikeFireBlade","FireBladeMod:StrikeFireBlade"],"score":1348,"play_id":"e5641e0f-5924-47c3-b443-565dbdc376c6","local_time":"20210214192642","is_ascension_mode":false,"campfire_choices":[{"data":"FireBladeMod:SoulSword","floor":8,"key":"SMITH"},{"data":"FireBladeMod:ThirdDegree","floor":12,"key":"SMITH"},{"data":"FireBladeMod:Accelerant","floor":15,"key":"SMITH"},{"floor":30,"key":"REST"},{"floor":32,"key":"REST"},{"floor":41,"key":"RECALL"},{"data":"FireBladeMod:Accelerant","floor":51,"key":"SMITH"},{"data":"FireBladeMod:EruptionSlash","floor":51,"key":"SMITH"},{"data":"FireBladeMod:FireBarrier","floor":54,"key":"SMITH"},{"data":"FireBladeMod:SmokeScreen","floor":54,"key":"SMITH"}],"circlet_count":0,"master_deck":["FireBladeMod:DefendFireBlade","FireBladeMod:DefendFireBlade","FireBladeMod:DefendFireBlade","FireBladeMod:DefendFireBlade","FireBladeMod:FlamingSword","FireBladeMod:FireBarrier+1","FireBladeMod:Accelerant+1","FireBladeMod:Accelerant+1","FireBladeMod:Refreshment","FireBladeMod:SmashingEndurance","FireBladeMod:SoulSword+1","FireBladeMod:ThirdDegree+1","FireBladeMod:SoulStrike","FireBladeMod:ScorchingCleave","FireBladeMod:EternalEndurance+1","FireBladeMod:HellFire+1","FireBladeMod:SmokeScreen","FireBladeMod:EruptionSlash+1","FireBladeMod:Flames+1","FireBladeMod:IronEndurance+1","FireBladeMod:Ignition+1","FireBladeMod:HealthyEndurance+1","FireBladeMod:HellFire+1","FireBladeMod:Arson+1","FireBladeMod:Ignition+1","FireBladeMod:SmokeScreen+1","FireBladeMod:Tempo+1","FireBladeMod:Accelerant+1","FireBladeMod:Tempo+1","FireBladeMod:Arson+1","FireBladeMod:ThirdDegree+1"],"relics":["FireBladeMod:DuelistLocket","aspiration:Nostalgia","thefirefly:StealthSystem","Replay:WaspNest","FireBladeMod:LegBrace","Toxic Egg 2","aspiration:SeaSaltIceCream","halation:Pancakes","conspire:DecoderRing","beaked:SacredDeck","Blue Candle","FossilizedHelix","Pen Nib","halation:IllGainedPizza","Philosopher\u0027s Stone","CatCart","Prayer Wheel","Counterbalance","Replay:Arrowhead","Honey Jar","halation:AfternoonTea"],"acts_visited":["Exordium","TheCity","TheBeyond","TheEnding"],"potions_floor_usage":[10,23,27,33,35,39,57,57,57,57],"damage_taken":[{"damage":2,"enemies":"Small Slimes","floor":1,"turns":4},{"damage":0,"enemies":"Cultist","floor":3,"turns":3},{"damage":0,"enemies":"conspire:RoseBush","floor":5,"turns":3},{"damage":30,"enemies":"Gremlin Nob","floor":6,"turns":4},{"damage":9,"enemies":"2 Fungi Beasts","floor":10,"turns":3},{"damage":21,"enemies":"Lagavulin","floor":13,"turns":5},{"damage":13,"enemies":"Exordium Wildlife","floor":14,"turns":3},{"damage":9,"enemies":"Hexaghost","floor":16,"turns":6},{"damage":23,"enemies":"2 Thieves","floor":18,"turns":5},{"damage":12,"enemies":"Spheric Guardian","floor":21,"turns":5},{"damage":19,"enemies":"Shelled Parasite and Fungi","floor":22,"turns":3},{"damage":3,"enemies":"Replay:Snechameleon","floor":23,"turns":6},{"damage":5,"enemies":"Chosen and Byrds","floor":24,"turns":5},{"damage":0,"enemies":"Cultist and Chosen","floor":25,"turns":6},{"damage":0,"enemies":"Centurion and Healer","floor":27,"turns":6},{"damage":0,"enemies":"conspire:Head Lice","floor":28,"turns":4},{"damage":14,"enemies":"Snake Plant","floor":29,"turns":4},{"damage":22,"enemies":"3 Cultists","floor":31,"turns":5},{"damage":21,"enemies":"Champ","floor":33,"turns":9},{"damage":0,"enemies":"3 Shapes","floor":35,"turns":3},{"damage":0,"enemies":"Orb Walker","floor":36,"turns":4},{"damage":0,"enemies":"Writhing Mass","floor":38,"turns":5},{"damage":9,"enemies":"Orin","floor":39,"turns":6},{"damage":0,"enemies":"R_Hoarder","floor":40,"turns":5},{"damage":0,"enemies":"Sphere and 2 Shapes","floor":42,"turns":4},{"damage":0,"enemies":"Jaw Worm Horde","floor":46,"turns":3},{"damage":0,"enemies":"Giant Head","floor":47,"turns":6},{"damage":0,"enemies":"Maw","floor":48,"turns":6},{"damage":36,"enemies":"conspire:OrnateMirror","floor":52,"turns":3},{"damage":0,"enemies":"Shield and Spear","floor":56,"turns":3},{"damage":40,"enemies":"The Heart","floor":57,"turns":5}],"seed_played":"3934931406259217419","potions_obtained":[{"floor":5,"key":"potionbrewer:MidasPotion"},{"floor":10,"key":"Weak Potion"},{"floor":16,"key":"FairyPotion"},{"floor":21,"key":"Elixir"},{"floor":24,"key":"SkillPotion"},{"floor":28,"key":"Fire Potion"},{"floor":29,"key":"potionbrewer:InfectionPotion"},{"floor":31,"key":"FireBladeMod:NapalmFlask"},{"floor":33,"key":"jedi:StrikingPotion"},{"floor":36,"key":"BlessingOfTheForge"},{"floor":40,"key":"Doom Potion"},{"floor":42,"key":"LiquidBronze"}],"is_trial":false,"path_per_floor":["M","?","M","?","M","E","$","R","T","M","?","R","E","M","R","B",null,"M","?","?","M","M","E","M","M","T","M","E","M","R","M","R","B",null,"M","M","$","M","?","E","R","M","T","PTL","PTL","M","E","M","?","AVR","R","B",null,"R","$","E","B",null],"character_chosen":"THE_FIREBLADE","items_purchased":["FireBladeMod:ThirdDegree","FireBladeMod:HellFire+1","PowerPotion","DuplicationPotion","FireBladeMod:Arson+1"],"campfire_rested":2,"item_purchase_floors":[7,37,55,55,55],"current_hp_per_floor":[68,68,68,68,68,38,38,38,38,29,56,56,35,22,22,13,70,47,47,42,30,11,10,9,13,13,13,13,21,42,20,41,20,70,70,70,70,70,69,70,70,70,70,70,70,70,70,70,63,63,63,34,70,70,70,70,38],"gold":296,"neow_bonus":"NOSTALGIA","is_daily":false,"chose_seed":false,"campfire_upgraded":7,"win_rate":0.0,"timestamp":1613330802,"path_taken":["M","?","?","?","M","E","$","R","T","M","?","R","E","?","R","BOSS","M","?","?","M","?","E","M","M","T","M","E","M","R","M","R","BOSS","M","M","$","M","?","E","R","M","T","PTL","PTL","M","E","M","?","AVR","R","BOSS","R","$","E","BOSS"],"items_purchased_type":["Card","Card","Potion","Potion","Card"],"build_version":"2020-12-22","purchased_purges":3,"victory":true,"max_hp_per_floor":[70,70,70,70,70,70,70,70,70,70,70,70,70,70,70,70,70,70,70,70,70,70,70,70,70,70,70,70,70,70,70,70,70,70,70,70,70,70,70,70,70,70,70,70,70,70,70,70,70,70,70,70,70,70,70,70,70],"relic_stats":{"counters":[31,142],"Blue Candle":[0],"Prayer Wheel":3,"Pen Nib":[7],"obtain_stats":[{"thefirefly:StealthSystem":0,"FireBladeMod:DuelistLocket":0,"aspiration:Nostalgia":0,"Blue Candle":20,"Counterbalance":47,"halation:IllGainedPizza":28,"Replay:WaspNest":2,"Pen Nib":26,"aspiration:SeaSaltIceCream":11,"Replay:Arrowhead":50,"halation:Pancakes":11,"conspire:DecoderRing":13,"beaked:SacredDeck":17,"Honey Jar":50,"Philosopher\u0027s Stone":34,"Prayer Wheel":40,"halation:AfternoonTea":56,"Toxic Egg 2":9,"CatCart":39,"FireBladeMod:LegBrace":6,"FossilizedHelix":23},{"thefirefly:StealthSystem":0,"FireBladeMod:DuelistLocket":0,"aspiration:Nostalgia":0,"Blue Candle":9,"Counterbalance":27,"halation:IllGainedPizza":16,"Replay:WaspNest":1,"Pen Nib":14,"aspiration:SeaSaltIceCream":5,"Replay:Arrowhead":28,"halation:Pancakes":5,"conspire:DecoderRing":6,"beaked:SacredDeck":8,"Honey Jar":28,"Philosopher\u0027s Stone":19,"Prayer Wheel":24,"halation:AfternoonTea":30,"Toxic Egg 2":4,"CatCart":23,"FireBladeMod:LegBrace":4,"FossilizedHelix":12},{"thefirefly:StealthSystem":0,"FireBladeMod:DuelistLocket":0,"aspiration:Nostalgia":0,"Blue Candle":36,"Counterbalance":125,"halation:IllGainedPizza":71,"Replay:WaspNest":4,"Pen Nib":61,"aspiration:SeaSaltIceCream":17,"Replay:Arrowhead":131,"halation:Pancakes":17,"conspire:DecoderRing":22,"beaked:SacredDeck":31,"Honey Jar":131,"Philosopher\u0027s Stone":89,"Prayer Wheel":112,"halation:AfternoonTea":137,"Toxic Egg 2":14,"CatCart":107,"FireBladeMod:LegBrace":14,"FossilizedHelix":50}]},"card_choices":[{"not_picked":["FireBladeMod:SpinningSmash","FireBladeMod:FlashBang"],"picked":"FireBladeMod:Accelerant","floor":1},{"not_picked":["FireBladeMod:ComplexDefense","FireBladeMod:ScorchingStrike"],"picked":"FireBladeMod:Accelerant","floor":3},{"not_picked":["FireBladeMod:GetPumped","FireBladeMod:BasicSmash"],"picked":"FireBladeMod:SmashingEndurance","floor":5},{"not_picked":["FireBladeMod:EternalEndurance","FireBladeMod:ComplexAttack"],"picked":"FireBladeMod:SoulSword","floor":6},{"not_picked":["FireBladeMod:ScorchingStrike","FireBladeMod:Robust+1"],"picked":"FireBladeMod:SoulStrike","floor":10},{"not_picked":["FireBladeMod:StingingSlash","FireBladeMod:SmokySwing"],"picked":"FireBladeMod:ScorchingCleave","floor":13},{"not_picked":["FireBladeMod:BasicSmash","FireBladeMod:SpinningSmash"],"picked":"FireBladeMod:EternalEndurance+1","floor":14},{"not_picked":["FireBladeMod:LightningCombo","FireBladeMod:AfterBurn"],"picked":"FireBladeMod:HellFire+1","floor":16},{"not_picked":["FireBladeMod:ComboCleave","FireBladeMod:BasicSmash+1"],"picked":"FireBladeMod:EruptionSlash","floor":18},{"not_picked":["FireBladeMod:WellPrepared+1","FireBladeMod:BackhandSwing","FireBladeMod:DoubleDash+1"],"picked":"SKIP","floor":21},{"not_picked":["FireBladeMod:FerventSlash","FireBladeMod:Shove+1"],"picked":"FireBladeMod:Flames+1","floor":22},{"not_picked":["FireBladeMod:SoulStrike","FireBladeMod:Flames+1","FireBladeMod:ComplexAttack"],"picked":"SKIP","floor":23},{"not_picked":["FireBladeMod:FinishingBarrage","FireBladeMod:GlassGreatsword","FireBladeMod:SoulStrike"],"picked":"SKIP","floor":24},{"not_picked":["FireBladeMod:ScorchingStrike","FireBladeMod:Flames+1","FireBladeMod:QuickJabs+1"],"picked":"SKIP","floor":25},{"not_picked":["FireBladeMod:StingingSlash+1","FireBladeMod:Robust+1","FireBladeMod:ComplexAttack+1"],"picked":"SKIP","floor":27},{"not_picked":["FireBladeMod:AbsorbEnergy","FireBladeMod:StingingSlash","FireBladeMod:DoubleDash+1"],"picked":"SKIP","floor":28},{"not_picked":["FireBladeMod:ScorchingStrike","FireBladeMod:AntiMagic+1"],"picked":"FireBladeMod:IronEndurance+1","floor":29},{"not_picked":["FireBladeMod:SteadyEndurance+1","FireBladeMod:ComboCleave","FireBladeMod:ComboSlashes"],"picked":"SKIP","floor":31},{"not_picked":["FireBladeMod:AntiMagic+1","FireBladeMod:LayeredDefense+1"],"picked":"FireBladeMod:Ignition+1","floor":33},{"not_picked":["FireBladeMod:SteadyEndurance+1","FireBladeMod:ComboSlashes"],"picked":"FireBladeMod:HealthyEndurance+1","floor":35},{"not_picked":["FireBladeMod:Robust+1","FireBladeMod:Flames+1","FireBladeMod:SmashingEndurance"],"picked":"SKIP","floor":36},{"not_picked":["FireBladeMod:FinishingBarrage+1","FireBladeMod:Turtle+1","FireBladeMod:Blitzkreig"],"picked":"SKIP","floor":38},{"not_picked":["FireBladeMod:DoubleDash+1","FireBladeMod:SmashingEndurance"],"picked":"FireBladeMod:Arson+1","floor":39},{"not_picked":["FireBladeMod:RollWithTheBlow","FireBladeMod:SoulSword+1"],"picked":"FireBladeMod:Ignition+1","floor":40},{"not_picked":["FireBladeMod:Wildfire+1","FireBladeMod:ComplexDefense+1"],"picked":"FireBladeMod:SmokeScreen","floor":42},{"not_picked":["FireBladeMod:StunningBlow","FireBladeMod:GetPumped+1"],"picked":"FireBladeMod:Tempo+1","floor":42},{"not_picked":["FireBladeMod:ComplexAttack","FireBladeMod:Flames+1"],"picked":"FireBladeMod:Accelerant+1","floor":46},{"not_picked":["FireBladeMod:MomentumStrikes","FireBladeMod:BasicSmash","FireBladeMod:ComplexAttack+1"],"picked":"SKIP","floor":46},{"not_picked":["FireBladeMod:SmokySwing+1","FireBladeMod:Flames+1","FireBladeMod:MomentumStrikes+1"],"picked":"SKIP","floor":47},{"not_picked":["FireBladeMod:AntiMagic+1","FireBladeMod:Turtle+1"],"picked":"FireBladeMod:Tempo+1","floor":48},{"not_picked":["FireBladeMod:SpinningSmash+1","FireBladeMod:ComplexDefense+1","FireBladeMod:FinishingBarrage"],"picked":"SKIP","floor":48},{"not_picked":["FireBladeMod:ComplexAttack","FireBladeMod:ComboCleave","FireBladeMod:DebilitatingBlow"],"picked":"FireBladeMod:ThirdDegree+1","floor":56}],"player_experience":497224,"relics_obtained":[{"floor":6,"key":"FireBladeMod:LegBrace"},{"floor":9,"key":"Toxic Egg 2"},{"floor":13,"key":"conspire:DecoderRing"},{"floor":23,"key":"FossilizedHelix"},{"floor":26,"key":"Pen Nib"},{"floor":28,"key":"halation:IllGainedPizza"},{"floor":39,"key":"CatCart"},{"floor":40,"key":"Prayer Wheel"},{"floor":47,"key":"Counterbalance"},{"floor":56,"key":"halation:AfternoonTea"}],"event_choices":[{"damage_healed":0,"gold_gain":0,"player_choice":"Paid Gold","damage_taken":0,"relics_obtained":["Replay:WaspNest"],"max_hp_gain":0,"max_hp_loss":0,"event_name":"WeMeetAgain","floor":2,"gold_loss":82},{"damage_healed":0,"gold_gain":0,"cards_transformed":["FireBladeMod:StrikeFireBlade"],"player_choice":"Change","damage_taken":0,"max_hp_gain":0,"max_hp_loss":0,"event_name":"Living Wall","floor":4,"gold_loss":0,"cards_obtained":["FireBladeMod:Refreshment"]},{"damage_healed":0,"gold_gain":0,"player_choice":"Success","damage_taken":12,"relics_obtained":["aspiration:SeaSaltIceCream"],"max_hp_gain":0,"max_hp_loss":0,"event_name":"Scrap Ooze","floor":11,"gold_loss":0},{"damage_healed":0,"gold_gain":0,"player_choice":"Ignored","damage_taken":0,"max_hp_gain":0,"max_hp_loss":0,"event_name":"betterNote:BetterNote","floor":19,"gold_loss":0,"cards_obtained":["alterego_mod:SideboobHour"]},{"damage_healed":0,"gold_gain":0,"player_choice":"Fight","damage_taken":0,"max_hp_gain":0,"max_hp_loss":0,"event_name":"OrinTheCat","floor":39,"gold_loss":0},{"damage_healed":0,"gold_gain":0,"player_choice":"Damaged","damage_taken":7,"max_hp_gain":0,"max_hp_loss":0,"event_name":"Wheel of Change","floor":49,"gold_loss":0}],"is_beta":false,"boss_relics":[{"not_picked":["Runic Dome","Tiny House"],"picked":"beaked:SacredDeck"},{"not_picked":["Black Star","Ring of Chaos"],"picked":"Philosopher\u0027s Stone"}],"items_purged_floors":[37,50,55],"is_endless":false,"potions_floor_spawned":[5,10,16,21,24,28,29,31,33,36,40,42,46],"ascension_level":0}}