{"host":"tpad8qsc9e0g0pa5","time":1613274437,"event":{"mods":["BaseMod","Downfall","Minty Spire (QoL Compilation)","Quick Restart","StSLib"],"gold_per_floor":[111,129,139,139,139,167,167,187,187,198,215,215,227,1,1,98,98,114,114,114,129,129,129],"floor_reached":22,"language":"ZHS","playtime":2341,"items_purged":["Strike_R"],"score":241,"play_id":"e0bfd932-1046-4508-9bbe-1f8b83990c19","local_time":"20210214114717","is_ascension_mode":true,"campfire_choices":[{"floor":12.0,"key":"REST"},{"data":"Armaments","floor":15.0,"key":"SMITH"}],"circlet_count":0,"master_deck":["Defend_R","Defend_R","Defend_R","Bash","Rupture","Iron Wave","Rupture","Heavy Blade","Reaper","Ghostly Armor","Armaments+1","Thunderclap","Bloodletting","True Grit","Seeing Red","Berserk","Bite","Bite","Bite","Bite","Bite"],"relics":["Burning Blood","Blue Candle","Bottled Flame","Orrery","Nloth\u0027s Gift"],"acts_visited":["Exordium","TheCity"],"potions_floor_usage":[21,21,21],"damage_taken":[{"damage":11.0,"enemies":"Jaw Worm","floor":1.0,"turns":4.0},{"damage":7.0,"enemies":"2 Louse","floor":2.0,"turns":3.0},{"damage":8.0,"enemies":"Small Slimes","floor":3.0,"turns":6.0},{"damage":20.0,"enemies":"Gremlin Nob","floor":6.0,"turns":4.0},{"damage":24.0,"enemies":"Blue Slaver","floor":8.0,"turns":5.0},{"damage":6.0,"enemies":"Lots of Slimes","floor":10.0,"turns":2.0},{"damage":7.0,"enemies":"Exordium Wildlife","floor":11.0,"turns":4.0},{"damage":0.0,"enemies":"Large Slime","floor":13.0,"turns":5.0},{"damage":65.0,"enemies":"The Guardian","floor":16.0,"turns":10.0},{"damage":47.0,"enemies":"Shell Parasite","floor":18.0,"turns":10.0},{"damage":8,"enemies":"Spheric Guardian","floor":21,"turns":4},{"damage":72,"enemies":"Cultist and Chosen","floor":22,"turns":6}],"seed_played":"8300006293553820880","potions_obtained":[{"floor":2.0,"key":"SneckoOil"},{"floor":6.0,"key":"Strength Potion"},{"floor":10.0,"key":"Ancient Potion"},{"floor":13.0,"key":"Explosive Potion"},{"floor":18.0,"key":"bronze:BurnAndBuffPotion"},{"floor":21,"key":"PowerPotion"}],"is_trial":false,"path_per_floor":["M","M","M","?","?","E","?","M","T","M","M","R","M","$","R","B",null,"M","?","?","M","M"],"character_chosen":"IRONCLAD","items_purchased":["Orrery"],"campfire_rested":1,"item_purchase_floors":[14],"current_hp_per_floor":[75,74,72,72,72,58,53,35,35,53,52,76,80,80,80,29,80,46,46,46,53,0,0],"gold":129,"neow_bonus":"THREE_CARDS","is_daily":false,"chose_seed":false,"campfire_upgraded":1,"win_rate":0.0,"timestamp":1613274437,"path_taken":["M","M","M","?","?","E","?","M","T","M","M","R","M","$","R","BOSS","M","?","?","M","M"],"items_purchased_type":["Relic"],"build_version":"2020-12-22","purchased_purges":1,"victory":false,"max_hp_per_floor":[80,80,80,80,80,80,80,80,80,80,80,80,80,80,80,80,80,80,56,56,56,56,56],"card_choices":[{"not_picked":["Shrug It Off","Warcry"],"picked":"Rupture","floor":0.0},{"not_picked":["Shrug It Off","Flex"],"picked":"Iron Wave","floor":1.0},{"not_picked":["Perfected Strike","Clothesline"],"picked":"Rupture","floor":2.0},{"not_picked":["Searing Blow","Inflame"],"picked":"Heavy Blade","floor":3.0},{"not_picked":["Feed","Impervious"],"picked":"Reaper","floor":6.0},{"not_picked":["Uppercut","Wild Strike"],"picked":"Ghostly Armor","floor":8.0},{"not_picked":["Headbutt","Body Slam"],"picked":"Armaments","floor":10.0},{"not_picked":["Dark Embrace","Headbutt","Havoc"],"picked":"SKIP","floor":11.0},{"not_picked":["Disarm","Pommel Strike"],"picked":"Thunderclap","floor":13.0},{"not_picked":["Pommel Strike","Shockwave"],"picked":"Bloodletting","floor":14.0},{"not_picked":["Warcry","Clash"],"picked":"True Grit","floor":14.0},{"not_picked":["Cleave","Ghostly Armor"],"picked":"Seeing Red","floor":14.0},{"not_picked":["Reaper","Corruption"],"picked":"Berserk","floor":16.0},{"not_picked":["Reckless Charge","Armaments","Intimidate"],"picked":"SKIP","floor":18.0},{"not_picked":["Twin Strike","Flame Barrier","Perfected Strike"],"picked":"SKIP","floor":21}],"player_experience":361502,"relics_obtained":[{"floor":6.0,"key":"Gremlin Horn"},{"floor":9.0,"key":"Bottled Flame"}],"event_choices":[{"damage_healed":0.0,"max_hp_gain":0.0,"max_hp_loss":0.0,"gold_gain":0.0,"event_name":"Liars Game","player_choice":"Ignored","floor":4.0,"gold_loss":0.0,"damage_taken":0.0},{"cards_removed":["Defend_R"],"damage_healed":0.0,"max_hp_gain":0.0,"max_hp_loss":0.0,"gold_gain":0.0,"event_name":"Living Wall","player_choice":"Forget","floor":5.0,"gold_loss":0.0,"damage_taken":0.0},{"damage_healed":0.0,"max_hp_gain":0.0,"max_hp_loss":24.0,"gold_gain":0.0,"event_name":"Vampires","player_choice":"Became a vampire","floor":19.0,"gold_loss":0.0,"damage_taken":0.0,"cards_obtained":["Bite","Bite","Bite","Bite","Bite"]},{"damage_healed":0.0,"max_hp_gain":0.0,"max_hp_loss":0.0,"gold_gain":0.0,"event_name":"N\u0027loth","player_choice":"Traded Relic","floor":20.0,"relics_lost":["Gremlin Horn"],"gold_loss":0.0,"damage_taken":0.0,"relics_obtained":["Nloth\u0027s Gift"]}],"is_beta":false,"boss_relics":[{"not_picked":["bronze:MakeshiftBattery","Fusion Hammer","Runic Dome"]}],"items_purged_floors":[14],"is_endless":false,"potions_floor_spawned":[2,6,10,13,18,21],"killed_by":"Cultist and Chosen","ascension_level":3}}