{"host":"anl785ehjgcmdvvq","time":1613317102,"event":{"mods":["AchievementEnabler","BaseMod","Minty Spire (QoL Compilation)","StSLib","Together in Spire"],"gold_per_floor":[116,17,17,36,1,33,33,48,48,48,48,62,87,105,105,233,233,254,107,107,126,145,179,179,212,212,226,226,246,246,270,270,393,393,406,484,53,53,67,108,169,194,217,235,235,235,279,298,298,298,298,298,25,66,66],"floor_reached":56,"language":"ENG","playtime":2440,"items_purged":["Decay","Strike_R"],"score":949,"play_id":"94346e23-0fea-46e2-ad53-6299d680ce55","local_time":"20210214183822","is_ascension_mode":false,"campfire_choices":[{"data":"Heavy Blade","floor":7.0,"key":"SMITH"},{"data":"Bash","floor":10.0,"key":"SMITH"},{"data":"Clash","floor":15.0,"key":"SMITH"},{"data":"Flex","floor":24,"key":"SMITH"},{"data":"Whirlwind","floor":28,"key":"SMITH"},{"data":"Flex","floor":32,"key":"SMITH"},{"data":"Offering","floor":45,"key":"SMITH"},{"data":"Spot Weakness","floor":49,"key":"PURGE"},{"data":"Defend_R","floor":52,"key":"PURGE"}],"circlet_count":0,"master_deck":["Strike_R","Strike_R","Strike_R","Strike_R","Bash+1","Heavy Blade","Offering+1","Clash+1","Bloodletting+1","Bloodletting+1","Shrug It Off+1","Spot Weakness+1","Flex+1","Flex+1","Whirlwind+1","Flex+1","Offering+1"],"relics":["Burning Blood","Thread and Needle","Singing Bowl","Tiny Chest","Meat on the Bone","Golden Idol","Astrolabe","Sundial","Akabeko","Peace Pipe","Blue Candle","SlaversCollar","Pantograph","Shuriken","Kunai","FossilizedHelix","Mummified Hand","Gambling Chip","DollysMirror","Centennial Puzzle"],"acts_visited":["TheCity","TheBeyond","TheEnding"],"potions_floor_usage":[16,23,25,27,31,33,33,39,41,44,50,55],"damage_taken":[{"damage":8.0,"enemies":"Jaw Worm","floor":1.0,"turns":3.0},{"damage":3.0,"enemies":"2 Louse","floor":4.0,"turns":2.0},{"damage":0.0,"enemies":"Gremlin Nob","floor":6.0,"turns":1.0},{"damage":1.0,"enemies":"Small Slimes","floor":8.0,"turns":3.0},{"damage":2.0,"enemies":"Exordium Wildlife","floor":12.0,"turns":3.0},{"damage":0.0,"enemies":"Lots of Slimes","floor":13.0,"turns":5.0},{"damage":9.0,"enemies":"Blue Slaver","floor":14.0,"turns":2.0},{"damage":29,"enemies":"Hexaghost","floor":16,"turns":4},{"damage":12,"enemies":"2 Thieves","floor":18,"turns":2},{"damage":9,"enemies":"Spheric Guardian","floor":21,"turns":1},{"damage":3,"enemies":"Snecko","floor":22,"turns":2},{"damage":9,"enemies":"Slavers","floor":23,"turns":2},{"damage":15,"enemies":"Gremlin Leader","floor":25,"turns":1},{"damage":6,"enemies":"Shelled Parasite and Fungi","floor":27,"turns":2},{"damage":9,"enemies":"3 Cultists","floor":29,"turns":1},{"damage":17,"enemies":"Snake Plant","floor":31,"turns":2},{"damage":32,"enemies":"Champ","floor":33,"turns":4},{"damage":40,"enemies":"3 Shapes","floor":35,"turns":2},{"damage":11,"enemies":"Orb Walker","floor":39,"turns":3},{"damage":21,"enemies":"Reptomancer","floor":40,"turns":3},{"damage":24,"enemies":"2 Orb Walkers","floor":41,"turns":2},{"damage":12,"enemies":"4 Shapes","floor":42,"turns":1},{"damage":18,"enemies":"Sphere and 2 Shapes","floor":44,"turns":1},{"damage":3,"enemies":"Nemesis","floor":47,"turns":1},{"damage":3,"enemies":"Writhing Mass","floor":48,"turns":1},{"damage":41,"enemies":"Donu and Deca","floor":50,"turns":3},{"damage":9,"enemies":"Shield and Spear","floor":54,"turns":1},{"damage":108,"enemies":"The Heart","floor":55,"turns":3}],"seed_played":"8432411878671896077","potions_obtained":[{"floor":1.0,"key":"EssenceOfSteel"},{"floor":8.0,"key":"Dexterity Potion"},{"floor":16,"key":"EssenceOfSteel"},{"floor":21,"key":"ColorlessPotion"},{"floor":22,"key":"DuplicationPotion"},{"floor":23,"key":"Fire Potion"},{"floor":25,"key":"DuplicationPotion"},{"floor":31,"key":"AttackPotion"},{"floor":33,"key":"FearPotion"},{"floor":35,"key":"Dexterity Potion"},{"floor":40,"key":"Explosive Potion"},{"floor":41,"key":"Swift Potion"},{"floor":44,"key":"GamblersBrew"}],"is_trial":false,"path_per_floor":["M","$","?","M","?","E","R","M","T","R","?","M","M","M","R","B",null,"M","$","T","M","M","E","R","E","T","M","R","M","?","M","R","B",null,"M","T","$","?","M","E","?","M","T","M","R","T","E","M","R","B",null,"R","$","E","B",null],"character_chosen":"IRONCLAD","items_purchased":["Heavy Blade","Flex","Shuriken","CultistPotion","Regen Potion","DollysMirror","Regen Potion","Energy Potion"],"campfire_rested":0,"item_purchase_floors":[2,19,37,37,37,53,53,53],"current_hp_per_floor":[78,78,71,76,82,84,84,86,86,86,65,69,75,72,72,61,86,80,80,80,77,82,81,81,74,74,74,74,71,102,93,93,69,106,74,74,74,74,80,67,63,71,71,73,73,73,78,81,81,71,120,120,120,119,41],"gold":66,"neow_bonus":"ONE_RARE_RELIC","is_daily":false,"chose_seed":false,"campfire_upgraded":7,"win_rate":0.0,"timestamp":1613317102,"path_taken":["M","$","?","M","?","E","R","M","T","R","?","M","?","M","R","BOSS","M","?","?","?","M","E","R","E","T","M","R","M","?","?","R","BOSS","M","?","$","?","M","E","?","M","T","?","R","?","E","M","R","BOSS","R","$","E","BOSS"],"items_purchased_type":["Card","Card","Relic","Potion","Potion","Relic","Potion","Potion"],"build_version":"2020-12-22","purchased_purges":2,"victory":true,"max_hp_per_floor":[80,80,80,82,82,84,84,86,86,86,86,86,86,86,86,86,86,86,86,86,86,88,90,90,92,92,92,92,92,102,104,104,106,106,108,108,108,108,110,112,114,116,116,118,118,118,120,120,120,120,120,120,120,122,122],"card_choices":[{"not_picked":["Havoc","Warcry","Shrug It Off"],"picked":"SKIP","floor":1.0},{"not_picked":["Shrug It Off","Sword Boomerang","Perfected Strike"],"picked":"Singing Bowl","floor":4.0},{"not_picked":["Shockwave","Body Slam","Rage"],"picked":"Singing Bowl","floor":6.0},{"not_picked":["Sentinel","Sword Boomerang","Anger"],"picked":"Singing Bowl","floor":8.0},{"not_picked":["Twin Strike","Warcry"],"picked":"Heavy Blade","floor":12.0},{"not_picked":["Feel No Pain","Headbutt"],"picked":"Offering","floor":13.0},{"not_picked":["Shrug It Off","Wild Strike"],"picked":"Clash","floor":14.0},{"not_picked":["Immolate","Barricade"],"picked":"Offering","floor":16},{"not_picked":["Thunderclap+1","Anger"],"picked":"Spot Weakness+1","floor":18},{"not_picked":["Thunderclap","Clash"],"picked":"Flex","floor":21},{"not_picked":["Headbutt+1","Second Wind+1","Anger"],"picked":"Singing Bowl","floor":22},{"not_picked":["Twin Strike+1","Barricade","Searing Blow"],"picked":"Singing Bowl","floor":23},{"not_picked":["Anger","Rampage","Power Through"],"picked":"Singing Bowl","floor":25},{"not_picked":["Bloodletting+1","Twin Strike+1"],"picked":"Whirlwind","floor":27},{"not_picked":["Anger","Disarm+1"],"picked":"Spot Weakness","floor":29},{"not_picked":["Headbutt+1","Flex","Sword Boomerang"],"picked":"Singing Bowl","floor":31},{"not_picked":["Juggernaut","Immolate","Fiend Fire"],"picked":"Singing Bowl","floor":33},{"not_picked":["Pommel Strike","Clash+1","Searing Blow"],"picked":"Singing Bowl","floor":35},{"not_picked":["Havoc+1","Combust","Uppercut"],"picked":"Singing Bowl","floor":39},{"not_picked":["Flame Barrier+1","Barricade","Bloodletting+1"],"picked":"Singing Bowl","floor":40},{"not_picked":["Anger+1","Warcry","Combust"],"picked":"Singing Bowl","floor":41},{"not_picked":["Iron Wave","Thunderclap+1","Anger"],"picked":"Singing Bowl","floor":42},{"not_picked":["Fire Breathing+1","Cleave","Anger+1"],"picked":"Singing Bowl","floor":44},{"not_picked":["Clothesline","Body Slam","Impervious"],"picked":"Singing Bowl","floor":47},{"not_picked":["Shockwave","Wild Strike"],"picked":"Flex+1","floor":48},{"not_picked":["Second Wind","Ghostly Armor","Headbutt"],"picked":"Singing Bowl","floor":54}],"player_experience":137018,"relics_obtained":[{"floor":6.0,"key":"Tiny Chest"},{"floor":9.0,"key":"Meat on the Bone"},{"floor":20,"key":"Sundial"},{"floor":23,"key":"Akabeko"},{"floor":25,"key":"Peace Pipe"},{"floor":26,"key":"Blue Candle"},{"floor":36,"key":"Pantograph"},{"floor":40,"key":"Kunai"},{"floor":41,"key":"FossilizedHelix"},{"floor":46,"key":"Mummified Hand"},{"floor":47,"key":"Gambling Chip"},{"floor":54,"key":"Centennial Puzzle"}],"event_choices":[{"damage_healed":0.0,"max_hp_gain":0.0,"max_hp_loss":0.0,"gold_gain":0.0,"event_name":"Scrap Ooze","player_choice":"Success","floor":3.0,"gold_loss":0.0,"damage_taken":7.0,"relics_obtained":["Singing Bowl"]},{"damage_healed":20.0,"max_hp_gain":0.0,"max_hp_loss":0.0,"gold_gain":0.0,"event_name":"The Cleric","player_choice":"Healed","floor":5.0,"gold_loss":35.0,"damage_taken":0.0},{"damage_healed":0.0,"max_hp_gain":0.0,"max_hp_loss":0.0,"gold_gain":0.0,"event_name":"Golden Idol","player_choice":"Take Damage","floor":11.0,"gold_loss":0.0,"damage_taken":21.0,"relics_obtained":["Golden Idol"]},{"cards_removed":["Offering"],"damage_healed":21,"gold_gain":0,"player_choice":"Offered Rare","damage_taken":0,"max_hp_gain":10,"max_hp_loss":0,"event_name":"Bonfire Elementals","floor":30,"gold_loss":0},{"cards_removed":["Heavy Blade"],"damage_healed":0,"gold_gain":0,"player_choice":"Removed Attack","damage_taken":0,"max_hp_gain":0,"max_hp_loss":0,"event_name":"Falling","floor":38,"gold_loss":0},{"damage_healed":0,"gold_gain":0,"player_choice":"Fight","damage_taken":0,"max_hp_gain":0,"max_hp_loss":0,"event_name":"Mysterious Sphere","floor":41,"gold_loss":0}],"is_beta":false,"boss_relics":[{"not_picked":["Sozu","Ectoplasm"],"picked":"Astrolabe"},{"not_picked":["Runic Dome","Mark of Pain"],"picked":"SlaversCollar"}],"items_purged_floors":[2,19],"is_endless":false,"potions_floor_spawned":[1,8,16,21,22,23,25,31,33,35,40,41,44],"ascension_level":0}}