{"host":"p0hktren06injwdf","time":1613318296,"event":{"mods":["AchievementEnabler","BaseMod","Colored Map","DeckTracker","Minty Spire (QoL Compilation)","Permanent Neow","StSLib","SuperFastMode"],"gold_per_floor":[215,215,140,156,173,208,208,218,218,218,218,218],"floor_reached":11,"language":"KOR","playtime":143,"items_purged":["Defend_P"],"score":146,"play_id":"f16a846c-b84f-484e-b744-e5cb8e427155","local_time":"20210215005816","is_ascension_mode":true,"campfire_choices":[{"data":"Eruption","floor":7,"key":"SMITH"},{"data":"Consecrate","floor":10,"key":"SMITH"}],"circlet_count":0,"master_deck":["AscendersBane","Strike_P","Strike_P","Strike_P","Strike_P","Defend_P","Defend_P","Eruption+1","Vigilance","Consecrate+1","CutThroughFate","Tantrum"],"relics":["PureWater","Singing Bowl","WingedGreaves"],"acts_visited":["Exordium"],"potions_floor_usage":[],"damage_taken":[{"damage":8.0,"enemies":"Small Slimes","floor":1.0,"turns":4.0},{"damage":0.0,"enemies":"Cultist","floor":4.0,"turns":2.0},{"damage":5.0,"enemies":"2 Louse","floor":5.0,"turns":2.0},{"damage":22,"enemies":"Lagavulin","floor":6,"turns":7},{"damage":5,"enemies":"Exordium Thugs","floor":8,"turns":3},{"damage":19,"enemies":"3 Sentries","floor":11,"turns":4}],"seed_played":"977118469741585803","potions_obtained":[{"floor":5.0,"key":"SmokeBomb"}],"is_trial":false,"path_per_floor":["M","?","$","M","M","E","R","M","T","R","E"],"character_chosen":"WATCHER","items_purchased":[],"campfire_rested":0,"item_purchase_floors":[],"current_hp_per_floor":[53,53,53,53,48,26,26,23,23,23,4,4],"gold":218,"neow_bonus":"HUNDRED_GOLD","is_daily":false,"chose_seed":false,"campfire_upgraded":2,"win_rate":0.0,"timestamp":1613318296,"path_taken":["M","?","$","M","M","E","R","?","T","R","E"],"items_purchased_type":[],"build_version":"2020-12-22","purchased_purges":1,"victory":false,"max_hp_per_floor":[68,68,68,68,68,68,68,70,70,70,70,70],"card_choices":[{"not_picked":["ThirdEye","Protect","JustLucky"],"picked":"SKIP","floor":1.0},{"not_picked":["Worship","ThirdEye"],"picked":"CutThroughFate","floor":4.0},{"not_picked":["CrushJoints","WindmillStrike","EmptyBody"],"picked":"SKIP","floor":5.0},{"not_picked":["JustLucky","Sanctity"],"picked":"Tantrum","floor":6},{"not_picked":["EmptyMind","ThirdEye","ClearTheMind"],"picked":"Singing Bowl","floor":8}],"player_experience":1055734,"relics_obtained":[{"floor":6,"key":"Singing Bowl"},{"floor":9,"key":"WingedGreaves"}],"event_choices":[{"damage_healed":0.0,"max_hp_gain":0.0,"max_hp_loss":0.0,"gold_gain":0.0,"cards_transformed":["Defend_P"],"event_name":"Transmorgrifier","player_choice":"Transformed","floor":2.0,"gold_loss":0.0,"damage_taken":0.0,"cards_obtained":["Consecrate"]}],"is_beta":false,"boss_relics":[],"items_purged_floors":[3],"is_endless":false,"potions_floor_spawned":[5],"killed_by":"3 Sentries","ascension_level":20}}