{"host":"mo324zvkdr1xwprd","time":1613318153,"event":{"mods":["A Penny For Your Troubles","BaseMod","Better Note","Better Third Choice","BetterRewards","Hermit","Highlight Path","Hubris","Infinite Spire","Minty Spire (QoL Compilation)","Quick Restart","Rare Cards Sparkle","Shop Mod","StSLib","The Cursed","The Hierophant","Transform Curses"],"gold_per_floor":[115,135,151,151,163,163,183,217,217,217,244,244,260,295,295,368,368,385,2,18,35,35,60,74,74,74,74,90,122,148,148,148,222,222,236,290,290,308,322,348,348,382,407,33,53,69,80,92,92,93,93,93,11,45,45],"floor_reached":56,"language":"ENG","playtime":5078,"items_purged":["Decay"],"score":2958,"play_id":"35827ecc-d92c-4b96-bbbe-cebca7de885f","local_time":"20210214155553","is_ascension_mode":true,"campfire_choices":[{"floor":6.0,"key":"REST"},{"floor":10.0,"key":"REST"},{"floor":12.0,"key":"REST"},{"floor":15.0,"key":"REST"},{"floor":25.0,"key":"RECALL"},{"data":"hubris:DuctTapeCard","floor":27.0,"key":"SMITH"},{"floor":32.0,"key":"REST"},{"data":"Apotheosis","floor":41.0,"key":"SMITH"},{"data":"Night Terror","floor":49.0,"key":"SMITH"},{"data":"Backstab","floor":52.0,"key":"SMITH"}],"circlet_count":0,"master_deck":["AscendersBane","Strike_G","Strike_G","Strike_G","Strike_G","Strike_G","Defend_G","Defend_G","Defend_G","Defend_G","Defend_G","Survivor","Neutralize","Caltrops","Terror","Infinite Blades","Dagger Spray","Deadly Poison","Mind Blast+1","Deflect","Catalyst","Noxious Fumes","Dash","Prepared","Quick Slash","Backflip","Cloak And Dagger","Doppelganger","Tools of the Trade","Cloak And Dagger","Apotheosis+1","Accuracy","Flying Knee","Deflect+1","Escape Plan","Leg Sweep","Night Terror+1","Outmaneuver","Venomology","Slice","Deadly Poison","Dagger Spray","Parasite","Backflip","Backstab+1","Dash+1","Blur","Burst","Caltrops+1","Footwork+1","Noxious Fumes+1","Caltrops+1","Noxious Fumes+1","Noxious Fumes+1","Caltrops+1","Caltrops+1","Calculated Gamble","Cloak And Dagger+1","Outmaneuver+1","Blade Dance","PiercingWail","Blur","Footwork+1","hubris:DuctTapeCard"],"relics":["Ring of the Snake","hubris:64BitClover","hubris:OldNail","Orrery","infinitespire:ShieldingShard","Oddly Smooth Stone","Anchor","Bag of Marbles","Vajra","hubris:DuctTape","SlaversCollar","Membership Card","Pen Nib","hubris:ToyBattleship","hubris:AncientText","Red Mask","infinitespire:Satchel","FossilizedHelix","Cursed Key","The Courier","infinitespire:Golems Mask","Frozen Egg 2","Question Card","MealTicket","Bag of Preparation","Lantern","Blue Candle"],"acts_visited":["Exordium","TheCity","TheBeyond","TheEnding"],"potions_floor_usage":[],"damage_taken":[{"damage":0.0,"enemies":"Small Slimes","floor":1.0,"turns":3.0},{"damage":1.0,"enemies":"Cultist","floor":2.0,"turns":3.0},{"damage":0.0,"enemies":"Jaw Worm","floor":3.0,"turns":2.0},{"damage":0.0,"enemies":"Large Slime","floor":5.0,"turns":6.0},{"damage":0.0,"enemies":"3 Louse","floor":7.0,"turns":4.0},{"damage":2.0,"enemies":"Lagavulin","floor":8.0,"turns":7.0},{"damage":6.0,"enemies":"3 Sentries","floor":11.0,"turns":6.0},{"damage":0.0,"enemies":"Gremlin Gang","floor":13.0,"turns":5.0},{"damage":14.0,"enemies":"Gremlin Nob","floor":14.0,"turns":4.0},{"damage":12.0,"enemies":"Hexaghost","floor":16.0,"turns":9.0},{"damage":0.0,"enemies":"Chosen","floor":18.0,"turns":4.0},{"damage":8.0,"enemies":"Spheric Guardian","floor":20.0,"turns":8.0},{"damage":2.0,"enemies":"Chosen and Byrds","floor":21.0,"turns":7.0},{"damage":0.0,"enemies":"Slavers","floor":23.0,"turns":7.0},{"damage":0.0,"enemies":"Shelled Parasite and Fungi","floor":24.0,"turns":4.0},{"damage":0.0,"enemies":"Snake Plant","floor":28.0,"turns":1.0},{"damage":0.0,"enemies":"Masked Bandits","floor":29.0,"turns":4.0},{"damage":22.0,"enemies":"Gremlin Leader","floor":30.0,"turns":4.0},{"damage":9.0,"enemies":"hubris:MusketHawk","floor":33.0,"turns":7.0},{"damage":0.0,"enemies":"Orb Walker","floor":35.0,"turns":2.0},{"damage":3.0,"enemies":"2 Orb Walkers","floor":36.0,"turns":6.0},{"damage":0.0,"enemies":"3 Darklings","floor":38.0,"turns":3.0},{"damage":0.0,"enemies":"Writhing Mass","floor":39.0,"turns":5.0},{"damage":0.0,"enemies":"Nemesis","floor":40.0,"turns":4.0},{"damage":0.0,"enemies":"Nightmare","floor":42.0,"turns":5.0},{"damage":0.0,"enemies":"4 Shapes","floor":45.0,"turns":4.0},{"damage":0.0,"enemies":"3 Darklings","floor":46.0,"turns":4.0},{"damage":0.0,"enemies":"Transient","floor":47.0,"turns":5.0},{"damage":0.0,"enemies":"4 Shapes","floor":48.0,"turns":4.0},{"damage":0.0,"enemies":"Donu and Deca","floor":50.0,"turns":7.0},{"damage":0.0,"enemies":"Shield and Spear","floor":54.0,"turns":5.0},{"damage":37,"enemies":"The Heart","floor":55,"turns":7}],"seed_played":"-1985624786949438095","potions_obtained":[{"floor":2.0,"key":"SkillPotion"},{"floor":3.0,"key":"Ancient Potion"},{"floor":8.0,"key":"FearPotion"},{"floor":11.0,"key":"Regen Potion"},{"floor":20.0,"key":"ColorlessPotion"},{"floor":21.0,"key":"EntropicBrew"},{"floor":23.0,"key":"Weak Potion"},{"floor":28.0,"key":"Explosive Potion"},{"floor":29.0,"key":"FairyPotion"},{"floor":39.0,"key":"GamblersBrew"},{"floor":40.0,"key":"DuplicationPotion"},{"floor":42.0,"key":"ColorlessPotion"},{"floor":47.0,"key":"Fire Potion"}],"is_trial":false,"path_per_floor":["M","M","M","?","M","R","M","E","T","R","E","R","M","E","R","B",null,"M","$","M","M","?","E","M","R","T","R","M","?","E","?","R","B",null,"M","?","NS","M","M","E","R","NM","T","$","M","M","M","M","R","B",null,"R","$","E","B",null],"character_chosen":"THE_SILENT","items_purchased":["Adrenaline","Caltrops","hubris:OldNail","Orrery","Mind Blast","Oddly Smooth Stone","BlessingOfTheForge","Membership Card","Apotheosis","Pen Nib","Accuracy","Blur","Burst","Caltrops+1","Footwork+1","Noxious Fumes+1","Caltrops+1","Noxious Fumes+1","Noxious Fumes+1","Caltrops+1","Caltrops+1","Calculated Gamble","Lantern","Blur"],"campfire_rested":5,"item_purchase_floors":[0,0,0,0,0,0,0,19,19,19,19,44,44,44,44,44,44,44,44,44,44,44,53,53],"current_hp_per_floor":[20,19,19,19,19,38,38,36,36,55,49,66,66,52,66,63,65,65,65,57,55,55,55,55,55,55,55,55,55,33,33,52,43,60,60,57,57,57,57,57,57,57,57,66,66,66,66,66,66,66,66,66,66,66,29],"gold":45,"neow_bonus":"","is_daily":false,"chose_seed":false,"campfire_upgraded":4,"win_rate":0.0,"timestamp":1613318153,"path_taken":["M","M","M","?","M","R","?","E","T","R","E","R","M","E","R","BOSS","M","$","M","M","?","E","?","R","T","R","M","?","E","?","R","BOSS","M","?","NS","M","M","E","R","NM","T","$","M","M","M","M","R","BOSS","R","$","E","BOSS"],"items_purchased_type":["Card","Card","Relic","Relic","Card","Relic","Potion","Relic","Card","Relic","Card","Card","Card","Card","Card","Card","Card","Card","Card","Card","Card","Card","Relic","Card"],"build_version":"2020-12-22","purchased_purges":1,"victory":true,"max_hp_per_floor":[66,66,66,66,66,66,66,66,66,66,66,66,66,66,66,66,66,66,66,66,66,66,66,66,66,66,66,66,66,66,66,66,66,66,66,66,66,66,66,66,66,66,66,66,66,66,66,66,66,66,66,66,66,66,66],"card_choices":[{"not_picked":["Dodge and Roll","Deflect"],"picked":"Terror","floor":0.0},{"not_picked":["Well Laid Plans","Eviscerate"],"picked":"Infinite Blades","floor":0.0},{"not_picked":["Blade Dance","Quick Slash"],"picked":"After Image","floor":0.0},{"not_picked":["Poisoned Stab","Slice"],"picked":"Dagger Spray","floor":0.0},{"not_picked":["Flechettes","Underhanded Strike"],"picked":"Deadly Poison","floor":0.0},{"not_picked":["hubris:SlightOfHand","Sucker Punch"],"picked":"Deflect","floor":1.0},{"not_picked":["Flying Knee","Terror"],"picked":"Catalyst","floor":2.0},{"not_picked":["Underhanded Strike","Heel Hook"],"picked":"Noxious Fumes","floor":3.0},{"not_picked":["Escape Plan","Deflect"],"picked":"Dash","floor":5.0},{"not_picked":["Underhanded Strike","hubris:SlightOfHand"],"picked":"Prepared","floor":7.0},{"not_picked":["Caltrops","Acrobatics"],"picked":"Quick Slash","floor":8.0},{"not_picked":["Well Laid Plans","Prepared"],"picked":"Backflip","floor":11.0},{"not_picked":["hubris:SlightOfHand","Quick Slash"],"picked":"Cloak And Dagger","floor":13.0},{"not_picked":["Acrobatics","hubris:Sniper"],"picked":"Doppelganger","floor":14.0},{"not_picked":["Die Die Die","Doppelganger"],"picked":"Tools of the Trade","floor":16.0},{"not_picked":["Heel Hook+1","Masterful Stab"],"picked":"Cloak And Dagger","floor":18.0},{"not_picked":["Slice","Poisoned Stab"],"picked":"Flying Knee","floor":20.0},{"not_picked":["Setup","Slice"],"picked":"Deflect+1","floor":21.0},{"not_picked":["hubris:SlightOfHand","Setup"],"picked":"Escape Plan","floor":23.0},{"not_picked":["Quick Slash","hubris:SlightOfHand"],"picked":"Leg Sweep","floor":24.0},{"not_picked":["hubris:SlightOfHand+1","Quick Slash+1"],"picked":"Night Terror","floor":28.0},{"not_picked":["Dagger Spray","Flechettes"],"picked":"Outmaneuver","floor":29.0},{"not_picked":["Underhanded Strike","Tools of the Trade"],"picked":"Dagger Spray","floor":30.0},{"not_picked":["Burst","Doppelganger"],"picked":"Venomology","floor":33.0},{"not_picked":["Bane","Underhanded Strike"],"picked":"Slice","floor":35.0},{"not_picked":["Reflex+1","Caltrops"],"picked":"Deadly Poison","floor":36.0},{"not_picked":["Acrobatics","Poisoned Stab"],"picked":"Dagger Spray","floor":38.0},{"not_picked":["Riddle With Holes","Quick Slash+1"],"picked":"Backflip","floor":39.0},{"not_picked":["Dagger Throw","Blade Dance+1"],"picked":"Backstab","floor":40.0},{"not_picked":["Poisoned Stab","Well Laid Plans+1"],"picked":"Dash+1","floor":42.0},{"not_picked":["hubris:SlightOfHand","Tactician","Poisoned Stab"],"picked":"Cloak And Dagger+1","floor":45.0},{"not_picked":["Phantasmal Killer","Reflex+1","Dash+1"],"picked":"Outmaneuver+1","floor":46.0},{"not_picked":["Deflect+1","Slice+1","Infinite Blades+1"],"picked":"Blade Dance","floor":47.0},{"not_picked":["Blade Dance","Flying Knee","Distraction"],"picked":"PiercingWail","floor":48.0},{"not_picked":["Dodge and Roll","Sucker Punch+1","Distraction"],"picked":"Footwork+1","floor":54.0}],"player_experience":656801,"relics_obtained":[{"floor":8.0,"key":"Anchor"},{"floor":11.0,"key":"Bag of Marbles"},{"floor":14.0,"key":"Vajra"},{"floor":16.0,"key":"hubris:DuctTape"},{"floor":23.0,"key":"hubris:ToyBattleship"},{"floor":26.0,"key":"hubris:AncientText"},{"floor":29.0,"key":"Red Mask"},{"floor":30.0,"key":"infinitespire:Satchel"},{"floor":35.0,"key":"The Courier"},{"floor":36.0,"key":"infinitespire:Golems Mask"},{"floor":40.0,"key":"Frozen Egg 2"},{"floor":42.0,"key":"Question Card"},{"floor":43.0,"key":"MealTicket"},{"floor":50.0,"key":"Bag of Preparation"},{"floor":54.0,"key":"Blue Candle"}],"event_choices":[{"damage_healed":0.0,"max_hp_gain":0.0,"max_hp_loss":0.0,"gold_gain":0.0,"event_name":"Upgrade Shrine","player_choice":"Upgraded","floor":4.0,"gold_loss":0.0,"damage_taken":0.0,"cards_upgraded":["After Image"]},{"damage_healed":0.0,"max_hp_gain":0.0,"max_hp_loss":0.0,"gold_gain":0.0,"event_name":"Duplicator","player_choice":"Copied","floor":22.0,"gold_loss":0.0,"damage_taken":0.0,"cards_obtained":["hubris:DuctTapeCard"]},{"damage_healed":0.0,"max_hp_gain":0.0,"max_hp_loss":0.0,"gold_gain":0.0,"event_name":"Masked Bandits","player_choice":"Fought Bandits","floor":29.0,"gold_loss":0.0,"damage_taken":0.0},{"cards_removed":["Dagger Spray"],"damage_healed":0.0,"max_hp_gain":0.0,"max_hp_loss":0.0,"gold_gain":0.0,"event_name":"WeMeetAgain","player_choice":"Gave Card","floor":31.0,"gold_loss":0.0,"damage_taken":0.0,"relics_obtained":["FossilizedHelix"]},{"damage_healed":0.0,"max_hp_gain":0.0,"max_hp_loss":0.0,"gold_gain":0.0,"event_name":"Mysterious Sphere","player_choice":"Fight","floor":36.0,"gold_loss":0.0,"damage_taken":0.0}],"is_beta":false,"boss_relics":[{"not_picked":["hubris:Stopwatch","Velvet Choker"],"picked":"SlaversCollar"},{"not_picked":["hubris:CrackedHourglass","Astrolabe"],"picked":"Cursed Key"}],"items_purged_floors":[44],"is_endless":false,"potions_floor_spawned":[2,3,8,11,20,21,23,28,29,39,40,42,47],"ascension_level":16}}