{"host":"lmshf3swj20gmdor","time":1613287073,"event":{"mods":["2.2 Compatiblity","BaseMod","Conspire","Downfall","Googly Eyes","Hubris","Minty Spire (QoL Compilation)","Replay The Spire","Spikes Relics","StSLib","Synergy Search","The Servant 0.9.4"],"gold_per_floor":[99,99,99,113,23,37,64,75,109,109,123,223,223,235,250,355,355,355,373,358,376,376,376,428,442,469,469,469,469],"floor_reached":27,"language":"ENG","playtime":1179,"items_purged":[],"score":339,"play_id":"e260c649-0339-40fc-bf5f-73734a9dc821","local_time":"20210214071753","is_ascension_mode":true,"campfire_choices":[{"floor":1.0,"key":"DIG"},{"floor":10,"key":"REST"},{"floor":13,"key":"REST"},{"floor":18,"key":"DIG"},{"floor":23,"key":"DIG"}],"circlet_count":0,"master_deck":["bronze:Strike","bronze:Strike","bronze:Strike","bronze:Defend","bronze:Defend","bronze:Defend","bronze:Defend","bronze:Replicate","bronze:Goto","bronze:Invalidate","bronze:Overload","bronze:InfiniteLoop","bronze:Optimize","bronze:Constructor","bronze:Branch","bronze:Library","bronze:ItsAFeature","bronze:AlphaBuild","bronze:Repair","bronze:Boost"],"relics":["bronze:BronzeCore","Shovel","hubris:MysteriousPyramids","downfall:ShatteredFragment","Omamori","Garlic","Ring of Chaos","bronze:Timepiece","Bag of Preparation","Pen Nib","hubris:CrystalStatue"],"acts_visited":["Exordium","TheCity"],"potions_floor_usage":[21,26],"damage_taken":[{"damage":7,"enemies":"Jaw Worm","floor":4,"turns":2},{"damage":10,"enemies":"downfall:FleeingMerchant","floor":5,"turns":4},{"damage":10,"enemies":"conspire:RoseBush","floor":6,"turns":3},{"damage":3,"enemies":"2 Louse","floor":8,"turns":2},{"damage":0,"enemies":"Lagavulin","floor":9,"turns":4},{"damage":0,"enemies":"Exordium Wildlife","floor":11,"turns":1},{"damage":0,"enemies":"3 Louse","floor":14,"turns":3},{"damage":12,"enemies":"Gremlin Gang","floor":15,"turns":4},{"damage":0,"enemies":"SI_SHIV_ARCHETYPE","floor":16,"turns":5},{"damage":17,"enemies":"conspire:FuzzyDice","floor":19,"turns":6},{"damage":0,"enemies":"downfall:FleeingMerchant","floor":20,"turns":4},{"damage":43,"enemies":"Centurion and Healer","floor":21,"turns":5},{"damage":16,"enemies":"Snake Plant","floor":25,"turns":5},{"damage":28,"enemies":"conspire:SneckoGhost","floor":26,"turns":7},{"damage":13,"enemies":"Snecko","floor":27,"turns":4}],"seed_played":"-8479986967471897434","potions_obtained":[{"floor":4,"key":"PowerPotion"},{"floor":9,"key":"Venom Potion"},{"floor":11,"key":"LiquidMemories"},{"floor":25,"key":"BlessingOfTheForge"}],"is_trial":false,"path_per_floor":["R","?","?","M","$","M","T","M","E","R","M","?","R","M","M","B",null,"R","M","$","M","?","R","T","M","E","M"],"character_chosen":"THE_AUTOMATON","items_purchased":["bronze:Optimize"],"campfire_rested":2,"item_purchase_floors":[5],"current_hp_per_floor":[63,63,42,35,25,15,15,12,12,30,30,30,48,48,36,36,63,63,46,46,13,34,34,34,25,4,0,0,0],"gold":469,"neow_bonus":"ONE_RARE_RELIC","is_daily":false,"chose_seed":false,"campfire_upgraded":0,"win_rate":0.0,"timestamp":1613287073,"path_taken":["R","?","?","M","$","M","T","M","E","R","M","?","R","?","M","BOSS","R","M","$","M","?","R","T","M","E","M"],"items_purchased_type":["Card"],"build_version":"2020-12-22","purchased_purges":0,"victory":false,"max_hp_per_floor":[63,63,63,63,63,63,63,63,63,63,63,63,63,63,63,63,63,63,63,63,63,63,63,63,63,63,63,63,63],"card_choices":[{"not_picked":["bronze:Backtrace","bronze:BitShift"],"picked":"bronze:Overload","floor":4},{"not_picked":["bronze:OilSpill","bronze:WhirlingStrike"],"picked":"bronze:InfiniteLoop","floor":5},{"not_picked":["bronze:Philosophize","bronze:BuggyMess"],"picked":"bronze:Constructor","floor":6},{"not_picked":["bronze:ForLoop","bronze:Deprecate"],"picked":"bronze:Branch","floor":8},{"not_picked":["bronze:WhirlingStrike","bronze:FineTuning"],"picked":"bronze:Library","floor":9},{"not_picked":["bronze:Refactor","bronze:Overheat"],"picked":"bronze:ItsAFeature","floor":11},{"not_picked":["bronze:CutThrough","bronze:BuggyMess","bronze:Branch"],"picked":"SKIP","floor":14},{"not_picked":["bronze:Fortify","bronze:ClassDefault","bronze:Invalidate"],"picked":"SKIP","floor":15},{"not_picked":["bronze:ShipIt","bronze:ThunderWave"],"picked":"bronze:AlphaBuild","floor":16},{"not_picked":["bronze:Deprecate+1","bronze:CutThrough+1","bronze:BugBarrage"],"picked":"SKIP","floor":19},{"not_picked":["bronze:HyperBeam","bronze:Constructor"],"picked":"bronze:Repair","floor":20},{"not_picked":["bronze:Safeguard","bronze:Frontload"],"picked":"bronze:Boost","floor":21},{"not_picked":["bronze:Terminator","bronze:BitShift","bronze:CloningBeam"],"picked":"SKIP","floor":25},{"not_picked":["bronze:DelayedGuard+1","bronze:BuggyMess","bronze:CloningBeam"],"picked":"SKIP","floor":26}],"player_experience":805932,"relics_obtained":[{"floor":1.0,"key":"hubris:MysteriousPyramids"},{"floor":7,"key":"Omamori"},{"floor":9,"key":"Garlic"},{"floor":18,"key":"bronze:Timepiece"},{"floor":23,"key":"Bag of Preparation"},{"floor":24,"key":"Pen Nib"},{"floor":26,"key":"hubris:CrystalStatue"}],"event_choices":[{"damage_healed":21,"gold_gain":0,"player_choice":"Heal","damage_taken":0,"max_hp_gain":0,"max_hp_loss":0,"event_name":"The Library","floor":22,"gold_loss":0}],"is_beta":false,"boss_relics":[{"not_picked":["Coffee Dripper","ChewingGum"],"picked":"Ring of Chaos"}],"items_purged_floors":[],"is_endless":false,"potions_floor_spawned":[4,9,11,19,25],"killed_by":"Snecko","ascension_level":2}}