{"host":"diogo","time":1613343861,"event":{"mods":["BaseMod","Minty Spire (QoL Compilation)","StSLib","SuperFastMode"],"gold_per_floor":[114,114,114,125,75,110,110,142,142,176,192,223,239,257,257,360,360,372,74,90,106,6,6,39,51,87,125,137,175,187,211,223,333,345,376,438,466,478,490,531,543,582,594,648,183,203,8,46,46,46],"floor_reached":51,"language":"ENG","playtime":2479,"items_purged":["Clash","Strike_R","Strike_R"],"score":1574,"play_id":"712c5eae-99ad-4693-b6db-d95c8856b904","local_time":"20210215000421","daily_mods":["Heirloom","ControlledChaos","Elite Swarm"],"is_ascension_mode":true,"campfire_choices":[{"data":"Shockwave","floor":7,"key":"SMITH"},{"data":"Brutality","floor":15,"key":"SMITH"},{"data":"Mayhem","floor":23,"key":"SMITH"},{"data":"Berserk","floor":30,"key":"SMITH"},{"data":"Rupture","floor":32,"key":"SMITH"},{"data":"Rupture","floor":41,"key":"SMITH"},{"floor":49,"key":"REST"}],"circlet_count":0,"master_deck":["Strike_R","Strike_R","Defend_R+1","Defend_R","Defend_R+1","Bash","Shockwave+1","Fiend Fire+1","Immolate+1","Berserk+1","Brutality+1","Clash+1","Rupture+1","Rupture+1","Mayhem+1","Reaper+1","Offering","Offering","Corruption","Corruption","Headbutt+1","Apotheosis","Barricade"],"relics":["Burning Blood","Frozen Eye","CaptainsWheel","Molten Egg 2","HornCleat","War Paint","Bottled Lightning","Oddly Smooth Stone","Centennial Puzzle","SlaversCollar","MawBank","MutagenicStrength","Happy Flower","Bronze Scales","Enchiridion","InkBottle","Mark of Pain","Gambling Chip","Matryoshka","Magic Flower","Boot","Red Skull","Question Card","CeramicFish","Toolbox","PreservedInsect","Ice Cream"],"acts_visited":["Exordium","TheCity","TheBeyond"],"potions_floor_usage":[40,50,50,50],"damage_taken":[{"damage":12,"enemies":"Jaw Worm","floor":1,"turns":2},{"damage":7,"enemies":"Small Slimes","floor":4,"turns":3},{"damage":20,"enemies":"3 Sentries","floor":6,"turns":4},{"damage":0,"enemies":"Lagavulin","floor":8,"turns":4},{"damage":2,"enemies":"3 Sentries","floor":10,"turns":3},{"damage":0,"enemies":"2 Louse","floor":11,"turns":2},{"damage":0,"enemies":"Gremlin Nob","floor":12,"turns":3},{"damage":1,"enemies":"Looter","floor":13,"turns":2},{"damage":0,"enemies":"Large Slime","floor":14,"turns":3},{"damage":2,"enemies":"Slime Boss","floor":16,"turns":3},{"damage":11,"enemies":"Shell Parasite","floor":18,"turns":2},{"damage":6,"enemies":"Chosen","floor":20,"turns":4},{"damage":19,"enemies":"Snake Plant","floor":21,"turns":2},{"damage":16,"enemies":"Book of Stabbing","floor":24,"turns":3},{"damage":3,"enemies":"Gremlin Leader","floor":27,"turns":4},{"damage":8,"enemies":"Book of Stabbing","floor":29,"turns":2},{"damage":1,"enemies":"Snecko","floor":31,"turns":2},{"damage":18,"enemies":"Collector","floor":33,"turns":4},{"damage":12,"enemies":"Orb Walker","floor":35,"turns":3},{"damage":9,"enemies":"Mind Bloom Boss Battle","floor":36,"turns":4},{"damage":22,"enemies":"3 Darklings","floor":37,"turns":3},{"damage":8,"enemies":"Reptomancer","floor":40,"turns":2},{"damage":19,"enemies":"Nemesis","floor":42,"turns":5},{"damage":14,"enemies":"Reptomancer","floor":44,"turns":3},{"damage":15,"enemies":"Maw","floor":46,"turns":3},{"damage":26,"enemies":"Nemesis","floor":48,"turns":3},{"damage":51,"enemies":"Time Eater","floor":50,"turns":4}],"seed_played":"5449019353310943803","potions_obtained":[{"floor":8,"key":"Ancient Potion"},{"floor":10,"key":"SpeedPotion"},{"floor":11,"key":"BloodPotion"},{"floor":16,"key":"EssenceOfSteel"},{"floor":37,"key":"LiquidMemories"},{"floor":42,"key":"AttackPotion"},{"floor":48,"key":"PowerPotion"}],"is_trial":true,"path_per_floor":["M","?","?","M","?","E","R","E","T","E","M","E","M","M","R","B",null,"M","$","M","M","$","R","E","?","T","E","?","E","R","M","R","B",null,"M","?","M","T","?","E","R","E","T","E","$","M","$","E","R","B",null],"character_chosen":"IRONCLAD","items_purchased":["Rupture","Mayhem","Headbutt+1","Toolbox","Apotheosis","SteroidPotion","PreservedInsect"],"campfire_rested":1,"item_purchase_floors":[19,19,45,45,45,47,47],"current_hp_per_floor":[66,63,56,55,55,41,41,47,47,51,57,63,68,74,74,78,80,75,75,75,62,62,62,52,52,52,55,39,37,37,42,42,69,77,72,77,61,61,61,80,80,70,70,80,80,80,80,63,80,38],"gold":46,"neow_bonus":"","is_daily":false,"chose_seed":false,"campfire_upgraded":6,"win_rate":0.0,"timestamp":1613343861,"path_taken":["M","?","?","M","?","E","R","E","T","E","M","E","?","M","R","BOSS","M","$","M","M","?","R","E","?","T","E","?","E","R","M","R","BOSS","M","?","M","?","?","E","R","E","T","E","$","M","?","E","R","BOSS"],"items_purchased_type":["Card","Card","Card","Relic","Card","Potion","Relic"],"build_version":"2020-12-18","purchased_purges":3,"victory":true,"max_hp_per_floor":[80,80,80,80,80,80,80,80,80,80,80,80,80,80,80,80,80,80,80,80,80,80,80,80,80,80,80,80,80,80,80,80,80,80,80,80,80,80,80,80,80,80,80,80,80,80,80,80,80,80],"card_choices":[{"not_picked":["Thunderclap","Clothesline"],"picked":"Clash","floor":1},{"not_picked":["Blood for Blood+1","Perfected Strike+1"],"picked":"Shockwave","floor":4},{"not_picked":["Juggernaut","Offering"],"picked":"Fiend Fire+1","floor":6},{"not_picked":["Exhume","Reaper+1"],"picked":"Immolate+1","floor":8},{"not_picked":["Bludgeon+1","Double Tap"],"picked":"Berserk","floor":10},{"not_picked":["Shrug It Off","Anger+1","Clothesline+1"],"picked":"SKIP","floor":11},{"not_picked":["Juggernaut","Brutality","Limit Break"],"picked":"SKIP","floor":12},{"not_picked":["Juggernaut","Limit Break"],"picked":"Brutality","floor":12},{"not_picked":["Sword Boomerang+1","Burning Pact"],"picked":"Clash+1","floor":13},{"not_picked":["Blood for Blood+1","Armaments"],"picked":"Rupture","floor":14},{"not_picked":["Entrench+1","Dropkick+1","Shrug It Off"],"picked":"SKIP","floor":18},{"not_picked":["Flex","Dropkick+1","Pummel+1"],"picked":"SKIP","floor":20},{"not_picked":["Flex","Dropkick+1","Pummel+1"],"picked":"SKIP","floor":20},{"not_picked":["Shrug It Off+1","Iron Wave+1","Body Slam+1"],"picked":"SKIP","floor":21},{"not_picked":["Impervious","Double Tap"],"picked":"Reaper+1","floor":24},{"not_picked":["Limit Break","Double Tap"],"picked":"Offering","floor":27},{"not_picked":["Immolate+1","Barricade","Limit Break"],"picked":"SKIP","floor":29},{"not_picked":["Clothesline+1","Clash+1","Infernal Blade"],"picked":"SKIP","floor":31},{"not_picked":["Perfected Strike+1","Body Slam+1","Sword Boomerang+1"],"picked":"SKIP","floor":35},{"not_picked":["Body Slam+1","Burning Pact","Clothesline+1"],"picked":"SKIP","floor":37},{"not_picked":["Barricade","Bludgeon+1"],"picked":"Offering","floor":40},{"not_picked":["Exhume","Berserk"],"picked":"Corruption","floor":42},{"not_picked":["Bludgeon+1","Immolate+1","Feed+1"],"picked":"Corruption","floor":44},{"not_picked":["Entrench","Ghostly Armor","Cleave+1","Metallicize"],"picked":"SKIP","floor":46},{"not_picked":["Juggernaut","Offering","Exhume"],"picked":"Barricade","floor":48}],"player_experience":389951,"relics_obtained":[{"floor":6,"key":"HornCleat"},{"floor":8,"key":"War Paint"},{"floor":9,"key":"Bottled Lightning"},{"floor":10,"key":"Oddly Smooth Stone"},{"floor":12,"key":"Centennial Puzzle"},{"floor":24,"key":"MawBank"},{"floor":26,"key":"Happy Flower"},{"floor":27,"key":"Bronze Scales"},{"floor":28,"key":"Enchiridion"},{"floor":29,"key":"InkBottle"},{"floor":36,"key":"Gambling Chip"},{"floor":38,"key":"Matryoshka"},{"floor":40,"key":"Magic Flower"},{"floor":42,"key":"Boot"},{"floor":43,"key":"Red Skull"},{"floor":43,"key":"Question Card"},{"floor":44,"key":"CeramicFish"},{"floor":48,"key":"Ice Cream"}],"event_choices":[{"damage_healed":0,"gold_gain":0,"player_choice":"Success","damage_taken":3,"relics_obtained":["Molten Egg 2"],"max_hp_gain":0,"max_hp_loss":0,"event_name":"Scrap Ooze","floor":2,"gold_loss":0},{"cards_removed":["Defend_R"],"damage_healed":0,"gold_gain":0,"player_choice":"Card Removal","damage_taken":7,"max_hp_gain":0,"max_hp_loss":0,"event_name":"Golden Wing","floor":3,"gold_loss":0},{"cards_removed":["Strike_R"],"damage_healed":0,"gold_gain":0,"player_choice":"Card Removal","damage_taken":0,"max_hp_gain":0,"max_hp_loss":0,"event_name":"The Cleric","floor":5,"gold_loss":50},{"damage_healed":0,"gold_gain":0,"player_choice":"Inject Mutagens","damage_taken":0,"relics_obtained":["MutagenicStrength"],"max_hp_gain":0,"max_hp_loss":0,"event_name":"Drug Dealer","floor":25,"gold_loss":0},{"damage_healed":0,"gold_gain":0,"player_choice":"Obtained Book","damage_taken":16,"max_hp_gain":0,"max_hp_loss":0,"event_name":"Cursed Tome","floor":28,"gold_loss":0},{"damage_healed":0,"gold_gain":0,"player_choice":"Fight","damage_taken":0,"max_hp_gain":0,"max_hp_loss":0,"event_name":"MindBloom","floor":36,"gold_loss":0},{"damage_healed":0,"gold_gain":0,"player_choice":"Ignored","damage_taken":0,"max_hp_gain":0,"max_hp_loss":0,"event_name":"Tomb of Lord Red Mask","floor":39,"gold_loss":0}],"is_beta":true,"boss_relics":[{"not_picked":["Philosopher\u0027s Stone","Tiny House"],"picked":"SlaversCollar"},{"not_picked":["Astrolabe","Black Blood"],"picked":"Mark of Pain"}],"items_purged_floors":[19,22,45],"is_endless":false,"potions_floor_spawned":[8,10,11,16,20,21,27,37,42,48],"ascension_level":9}}