{"host":"8e3sp1tozjyrh64l","time":1613324028,"event":{"mods":["BaseMod","Better Altar","Better Match","Better Note","Better Sensory Stone","Better Silent Start","Better Skull","Better Third Choice","BetterRewards","Curses Come First","Defuse TimeMaze Blight","Infinite Spire","Minty Spire (QoL Compilation)","Permanent Neow","Rare Cards Sparkle","Relic Sorter","Reliquary","Replay The Spire","Shop Mod","Spicy Shops","StSLib","SuperFastMode","Wandering Minibosses"],"gold_per_floor":[16,32,43,53,70,99,119,119,119,139,139,139,170,185,185,185,185],"floor_reached":16,"language":"ENG","playtime":453,"items_purged":[],"score":148,"play_id":"817cd695-c6b1-4859-93af-46220b0f5405","local_time":"20210214103348","is_ascension_mode":true,"campfire_choices":[{"data":"Sunder","floor":8,"key":"SMITH"},{"data":"Double Energy","floor":11,"key":"SMITH"},{"data":"ReplayTheSpireMod:Repulse","floor":15,"key":"SMITH"}],"circlet_count":0,"master_deck":["Strike_B","Strike_B","Strike_B","Strike_B","Defend_B","Defend_B","Defend_B","Defend_B","Zap","Dualcast","Violence","Gash","Ball Lightning","Capacitor","Sunder+1","Self Repair","ReplayTheSpireMod:Repulse+1","Double Energy+1"],"relics":["Cracked Core","Replay:Mystery Machine","Replay:Bottled Snecko","reliquary:Conveyor"],"acts_visited":["Exordium"],"potions_floor_usage":[13,13],"damage_taken":[{"damage":1,"enemies":"Jaw Worm","floor":1,"turns":4},{"damage":2,"enemies":"Small Slimes","floor":2,"turns":2},{"damage":0,"enemies":"Cultist","floor":3,"turns":2},{"damage":13,"enemies":"Red Slaver","floor":4,"turns":2},{"damage":9,"enemies":"2 Fungi Beasts","floor":5,"turns":2},{"damage":27,"enemies":"Gremlin Nob","floor":6,"turns":4},{"damage":29,"enemies":"Exordium Thugs","floor":7,"turns":3},{"damage":0,"enemies":"Red Slaver","floor":10,"turns":1},{"damage":0,"enemies":"Replay:BlueRogue","floor":13,"turns":3},{"damage":4,"enemies":"Blue Slaver","floor":14,"turns":3},{"damage":15,"enemies":"Fading Forest","floor":16,"turns":4}],"seed_played":"101956493617791315","potions_obtained":[{"floor":1,"key":"PotionOfCapacity"},{"floor":3,"key":"Doom Potion"},{"floor":4,"key":"Reflective Coating"},{"floor":7,"key":"Block Potion"},{"floor":13,"key":"SneckoOil"}],"is_trial":false,"path_per_floor":["M","M","M","M","M","E","M","R","T","M","R","$","E","M","R","B"],"character_chosen":"DEFECT","items_purchased":[],"campfire_rested":0,"item_purchase_floors":[],"current_hp_per_floor":[74,72,72,59,50,30,8,8,8,8,8,8,15,11,11,0,0],"gold":185,"neow_bonus":"RANDOM_COLORLESS_2","is_daily":false,"chose_seed":false,"campfire_upgraded":3,"win_rate":0.0,"timestamp":1613324028,"path_taken":["M","M","M","M","M","E","M","R","T","M","R","$","E","M","R","BOSS"],"items_purchased_type":[],"build_version":"2020-12-22","purchased_purges":0,"victory":false,"max_hp_per_floor":[75,75,75,75,75,75,75,75,75,75,75,75,75,75,75,75,75],"card_choices":[{"not_picked":["Magnetism","Replay:Dark Deal"],"picked":"Violence","floor":0},{"not_picked":["Compile Driver","Steam"],"picked":"Gash","floor":1},{"not_picked":["Panic Button","Cold Snap"],"picked":"Ball Lightning","floor":2},{"not_picked":["Heatsinks","Stack"],"picked":"Capacitor","floor":3},{"not_picked":["Redo","Undo"],"picked":"Sunder","floor":4},{"not_picked":["Beam Cell","Sweeping Beam"],"picked":"Self Repair","floor":5},{"not_picked":["Steam Power","Heatsinks","Go for the Eyes"],"picked":"SKIP","floor":6},{"not_picked":["Rebound","Undo","ReplayTheSpireMod:Repulse"],"picked":"SKIP","floor":7},{"not_picked":["Rebound","Undo"],"picked":"ReplayTheSpireMod:Repulse","floor":7},{"not_picked":["Compile Driver","Cold Snap"],"picked":"Double Energy","floor":10},{"not_picked":["Beam Cell","Aggregate","Steam"],"picked":"SKIP","floor":13},{"not_picked":["Fission","Conserve Battery","Sweeping Beam"],"picked":"SKIP","floor":14}],"player_experience":933432,"relics_obtained":[{"floor":6,"key":"Replay:Mystery Machine"},{"floor":9,"key":"Replay:Bottled Snecko"},{"floor":13,"key":"reliquary:Conveyor"}],"event_choices":[],"is_beta":false,"boss_relics":[],"items_purged_floors":[],"is_endless":false,"potions_floor_spawned":[1,3,4,7,13],"killed_by":"Fading Forest","ascension_level":1}}