{"host":"p0hktren06injwdf","time":1613322573,"event":{"mods":["AchievementEnabler","BaseMod","Colored Map","DeckTracker","Minty Spire (QoL Compilation)","Permanent Neow","StSLib","SuperFastMode"],"gold_per_floor":[217,236,236,236,247,275,275,290,314,314,329,329,409,425,425,527,527,539,464,464,476,219,219,245,245,293,293,293,293],"floor_reached":28,"language":"KOR","playtime":287,"items_purged":["Defend_R"],"score":236,"play_id":"9a2db252-acfb-49ab-9ef7-ee22c5cb4c13","local_time":"20210215020933","is_ascension_mode":false,"campfire_choices":[{"data":"Perfected Strike","floor":7.0,"key":"SMITH"},{"data":"Perfected Strike","floor":10.0,"key":"SMITH"},{"data":"Clothesline","floor":15.0,"key":"SMITH"},{"data":"Perfected Strike","floor":23.0,"key":"SMITH"}],"circlet_count":0,"master_deck":["Strike_R","Strike_R","Strike_R","Strike_R","Strike_R","Defend_R","Defend_R","Defend_R","Bash","Clothesline+1","Wild Strike","Perfected Strike+1","Perfected Strike+1","Thunderclap","Pommel Strike","Perfected Strike+1","Twin Strike","Shrug It Off"],"relics":["Burning Blood","Bronze Scales","Juzu Bracelet","Matryoshka","Sozu","Paper Frog","Akabeko","CultistMask","CeramicFish","Happy Flower"],"acts_visited":["Exordium","TheCity"],"potions_floor_usage":[28],"damage_taken":[{"damage":3.0,"enemies":"Small Slimes","floor":1.0,"turns":3.0},{"damage":6.0,"enemies":"Cultist","floor":2.0,"turns":3.0},{"damage":3.0,"enemies":"Jaw Worm","floor":5.0,"turns":3.0},{"damage":20.0,"enemies":"Gremlin Nob","floor":6.0,"turns":4.0},{"damage":5.0,"enemies":"Red Slaver","floor":8.0,"turns":4.0},{"damage":4.0,"enemies":"2 Fungi Beasts","floor":11.0,"turns":2.0},{"damage":0.0,"enemies":"Exordium Thugs","floor":14.0,"turns":2.0},{"damage":50.0,"enemies":"The Guardian","floor":16.0,"turns":9.0},{"damage":0.0,"enemies":"Spheric Guardian","floor":18.0,"turns":3.0},{"damage":7.0,"enemies":"Shell Parasite","floor":21.0,"turns":2.0},{"damage":19.0,"enemies":"Slavers","floor":24.0,"turns":3.0},{"damage":51,"enemies":"Gremlin Leader","floor":28,"turns":5}],"seed_played":"6907283052907347677","potions_obtained":[{"floor":3.0,"key":"ElixirPotion"},{"floor":3.0,"key":"Block Potion"},{"floor":3.0,"key":"Energy Potion"},{"floor":5.0,"key":"BloodPotion"},{"floor":8.0,"key":"Dexterity Potion"},{"floor":16.0,"key":"AttackPotion"}],"is_trial":false,"path_per_floor":["M","M","?","$","M","E","R","M","T","R","M","?","T","M","R","B",null,"M","$","?","M","$","R","E","?","T","?","E"],"character_chosen":"IRONCLAD","items_purchased":["Paper Frog"],"campfire_rested":0,"item_purchase_floors":[22],"current_hp_per_floor":[80,80,80,80,80,66,66,67,67,67,69,69,69,75,75,31,80,80,80,80,79,79,79,66,66,66,51,0,0],"gold":293,"neow_bonus":"HUNDRED_GOLD","is_daily":false,"chose_seed":false,"campfire_upgraded":4,"win_rate":0.0,"timestamp":1613322573,"path_taken":["M","M","?","$","M","E","R","M","T","R","M","?","?","M","R","BOSS","M","$","?","M","$","R","E","?","T","?","E"],"items_purchased_type":["Relic"],"build_version":"2020-12-22","purchased_purges":1,"victory":false,"max_hp_per_floor":[80,80,80,80,80,80,80,80,80,80,80,80,80,80,80,80,80,80,80,80,80,80,80,80,80,80,85,85,85],"card_choices":[{"not_picked":["Sword Boomerang","Body Slam","Feel No Pain"],"picked":"SKIP","floor":1.0},{"not_picked":["True Grit","Iron Wave"],"picked":"Clothesline","floor":2.0},{"not_picked":["Clothesline","Heavy Blade"],"picked":"Wild Strike","floor":5.0},{"not_picked":["Shrug It Off","Havoc"],"picked":"Perfected Strike","floor":6.0},{"not_picked":["Immolate","Cleave"],"picked":"Perfected Strike","floor":8.0},{"not_picked":["Entrench","Dual Wield"],"picked":"Thunderclap","floor":11.0},{"not_picked":["Sword Boomerang","Power Through","Warcry"],"picked":"SKIP","floor":14.0},{"not_picked":["Pummel","Sword Boomerang"],"picked":"Pommel Strike","floor":18.0},{"not_picked":["Flex","Iron Wave+1"],"picked":"Twin Strike","floor":21.0},{"not_picked":["Metallicize","Battle Trance"],"picked":"Shrug It Off","floor":24.0}],"player_experience":1059331,"relics_obtained":[{"floor":6.0,"key":"Bronze Scales"},{"floor":9.0,"key":"Juzu Bracelet"},{"floor":13.0,"key":"Matryoshka"},{"floor":24.0,"key":"Akabeko"},{"floor":26.0,"key":"CeramicFish"},{"floor":26.0,"key":"Happy Flower"}],"event_choices":[{"damage_healed":0.0,"max_hp_gain":0.0,"max_hp_loss":0.0,"gold_gain":0.0,"event_name":"Lab","player_choice":"Got Potions","floor":3.0,"gold_loss":0.0,"damage_taken":0.0},{"damage_healed":0.0,"max_hp_gain":0.0,"max_hp_loss":0.0,"gold_gain":0.0,"event_name":"NoteForYourself","player_choice":"Ignored","floor":12.0,"gold_loss":0.0,"damage_taken":0.0},{"damage_healed":0.0,"max_hp_gain":0.0,"max_hp_loss":0.0,"gold_gain":0.0,"event_name":"The Library","player_choice":"Read","floor":20.0,"gold_loss":0.0,"damage_taken":0.0,"cards_obtained":["Perfected Strike"]},{"damage_healed":0.0,"max_hp_gain":0.0,"max_hp_loss":0.0,"gold_gain":0.0,"event_name":"FaceTrader","player_choice":"Trade","floor":25.0,"gold_loss":0.0,"damage_taken":0.0,"relics_obtained":["CultistMask"]},{"damage_healed":0.0,"max_hp_gain":5.0,"max_hp_loss":0.0,"gold_gain":0.0,"event_name":"Forgotten Altar","player_choice":"Shed Blood","floor":27.0,"gold_loss":0.0,"damage_taken":20.0}],"is_beta":false,"boss_relics":[{"not_picked":["Black Star","Tiny House"],"picked":"Sozu"}],"items_purged_floors":[19],"is_endless":false,"potions_floor_spawned":[5,8,11,16],"killed_by":"Gremlin Leader","ascension_level":0}}