{"host":"gtoa8h4im74f14p0","time":1613267434,"event":{"mods":["AchievementEnabler","BaseMod","Block Reminder","Colored Powertips","Downfall","Hermit","Minty Spire (QoL Compilation)","Reliquary","Shop Mod","StSLib","The Cursed","The Marked"],"gold_per_floor":[118,118,118,133,43,43,43,55,55,55,67,83,83,103,103,206,206,226,316,54,74,88,88,34,34,34],"floor_reached":25,"language":"ENG","playtime":1562,"items_purged":[],"score":193,"play_id":"db4b5f77-aea1-47f1-9bba-d843220c0b43","local_time":"20210213205034","is_ascension_mode":false,"campfire_choices":[{"floor":6,"key":"REST"},{"floor":13,"key":"REST"},{"data":"Loop","floor":15,"key":"SMITH"},{"floor":23,"key":"REST"}],"circlet_count":0,"master_deck":["Strike_B","Strike_B+1","Strike_B+1","Defend_B","Defend_B","Defend_B","Defend_B","Zap","Dualcast","Doom and Gloom","Storm","Loop+1","Leap","Beam Cell","Steam","Gash","Fusion","Coolheaded","Rainbow","White Noise","Swift Strike","Trip","Machine Learning","Coolheaded","Redo","Go for the Eyes","Capacitor","Scrape+1","Ball Lightning"],"relics":["Cracked Core","reliquary:IridiumChain","Nuclear Battery"],"acts_visited":["Exordium","TheCity"],"potions_floor_usage":[18,19,21],"damage_taken":[{"damage":7,"enemies":"Small Slimes","floor":1,"turns":4},{"damage":8,"enemies":"2 Louse","floor":4,"turns":3},{"damage":6,"enemies":"Jaw Worm","floor":8,"turns":3},{"damage":13,"enemies":"3 Louse","floor":11,"turns":3},{"damage":13,"enemies":"Gremlin Gang","floor":12,"turns":3},{"damage":10,"enemies":"2 Fungi Beasts","floor":14,"turns":3},{"damage":19,"enemies":"The Guardian","floor":16,"turns":8},{"damage":21,"enemies":"Shell Parasite","floor":18,"turns":4},{"damage":12,"enemies":"Spheric Guardian","floor":21,"turns":4},{"damage":38,"enemies":"3 Cultists","floor":22,"turns":5},{"damage":41,"enemies":"Gremlin Leader","floor":25,"turns":4}],"seed_played":"-8772729231302307490","potions_obtained":[{"floor":1,"key":"ColorlessPotion"},{"floor":7,"key":"Weak Potion"},{"floor":7,"key":"PowerPotion"},{"floor":7,"key":"FocusPotion"},{"floor":11,"key":"DuplicationPotion"},{"floor":14,"key":"FairyPotion"}],"is_trial":false,"path_per_floor":["M","?","?","M","$","R","?","M","T","?","M","M","R","M","R","B",null,"M","?","$","M","M","R","$","E"],"character_chosen":"DEFECT","items_purchased":["Loop","Leap","Machine Learning","Coolheaded","Redo","Go for the Eyes","Ball Lightning"],"campfire_rested":3,"item_purchase_floors":[5,5,20,20,20,20,24],"current_hp_per_floor":[75,75,59,51,51,75,75,69,69,69,56,43,67,57,57,38,82,61,35,35,23,14,40,40,0,0],"gold":34,"neow_bonus":"TEN_PERCENT_HP_BONUS","is_daily":false,"chose_seed":false,"campfire_upgraded":1,"win_rate":0.0,"timestamp":1613267434,"path_taken":["M","?","?","?","$","R","?","?","T","?","M","?","R","M","R","BOSS","M","?","?","?","?","R","$","E"],"items_purchased_type":["Card","Card","Card","Card","Card","Card","Card"],"build_version":"2020-12-22","purchased_purges":0,"victory":false,"max_hp_per_floor":[82,82,82,82,82,82,82,82,82,82,82,82,82,82,82,82,82,82,87,87,87,87,87,87,87,87],"card_choices":[{"not_picked":["Conserve Battery","Sweeping Beam"],"picked":"Doom and Gloom","floor":1},{"not_picked":["Darkness","Steam"],"picked":"Storm","floor":4},{"not_picked":["Double Energy","Melter"],"picked":"Beam Cell","floor":8},{"not_picked":["Streamline","Stack"],"picked":"Gash","floor":11},{"not_picked":["Leap","FTL"],"picked":"Fusion","floor":12},{"not_picked":["Scrape","Hello World"],"picked":"Coolheaded","floor":14},{"not_picked":["Reboot","Seek"],"picked":"Rainbow","floor":16},{"not_picked":["Fusion","Darkness"],"picked":"White Noise","floor":18},{"not_picked":["Consume","Skim+1"],"picked":"Capacitor","floor":21},{"not_picked":["Barrage+1","Compile Driver"],"picked":"Scrape+1","floor":22}],"player_experience":22508,"relics_obtained":[{"floor":9,"key":"reliquary:IridiumChain"}],"event_choices":[{"damage_healed":0,"gold_gain":0,"player_choice":"Ignored","damage_taken":0,"max_hp_gain":0,"max_hp_loss":0,"event_name":"Liars Game","floor":2,"gold_loss":0},{"damage_healed":0,"gold_gain":0,"player_choice":"Entered Light","damage_taken":16,"max_hp_gain":0,"max_hp_loss":0,"event_name":"Shining Light","floor":3,"gold_loss":0,"cards_upgraded":["Strike_B","Strike_B"]},{"damage_healed":0,"gold_gain":0,"player_choice":"Got Potions","damage_taken":0,"max_hp_gain":0,"max_hp_loss":0,"event_name":"Lab","floor":7,"gold_loss":0},{"damage_healed":0,"gold_gain":0,"cards_transformed":["Strike_B"],"player_choice":"Transformed","damage_taken":0,"max_hp_gain":0,"max_hp_loss":0,"event_name":"Transmorgrifier","floor":10,"gold_loss":0,"cards_obtained":["Steam"]},{"damage_healed":0,"gold_gain":90,"player_choice":"CARD GOLD POTION CARD ","damage_taken":31,"max_hp_gain":0,"max_hp_loss":0,"event_name":"Knowing Skull","floor":19,"potions_obtained":["Fruit Juice"],"gold_loss":0,"cards_obtained":["Swift Strike","Trip"]}],"is_beta":false,"boss_relics":[{"not_picked":["Runic Dome","reliquary:KinkedSpring"],"picked":"Nuclear Battery"}],"items_purged_floors":[],"is_endless":false,"potions_floor_spawned":[1,11,14],"killed_by":"Gremlin Leader","ascension_level":0}}