{"host":"onjcd8pn3ar4eq0z","time":1613341638,"event":{"mods":["2.2 Compatiblity","AchievementEnabler","Act Like it!","Aspiration","BaseMod","Beaked The Cultist","Become a monster ???","Bestiary","Better Note","Better Third Choice","BetterRewards","CapriCore","ChefMod","Colored Map","Colored Powertips","Conspire","Curses Come First","Downfall","Friendly Minions","Gensokyo","GifTheSpireLib","Gremlin Mod","Hallownest","Hermit","Highlight Path","Hubris","Infinite Spire","Jorbs\u0027s Wanderer Trilogy","Koishi","Lobotomy","LobotomyExtend","Marisa????????","Mimic Mod","Minty Spire (QoL Compilation)","Pale of the Ancients","Potionbrewer","Quick Restart","Relic Sorter","Reliquary","Remilia??????","Replay The Spire","Shop Mod","Spicy Shops","StSLib","Synergy Search","The Administrix","The Animator","The Blue Laboratory","The Bug Knight","The Construct","The Cursed","The Disciple","The Gatherer","The Hierophant","The Immortal","The Mystic","The Necromancer","The Runesmith","The Sage","The Servant 0.9.4","TheBandit","TheSwordswoman","Waifu the Spire","Wandering Minibosses","Yuyuko","noobMod"],"gold_per_floor":[99,111,137,137,237,137,190,224,239,257,286,86,86,103,120,224,224,224,242,253,272,292,318,368,397,409,471,536,62,62,62,116,256,356,356,416,596,656,741,511,511,578,578,643,693,750,802,802,858,1000,1000,1078,1176,1176,1176,1195,1645,1385,1456,1531,1531,1531,1531,1599,1212,1267,1267,975,985,1125,1125,1125,1179,1235,1235,929,986,1060,1060,1060,1134,1184,1284,1340,1340,1351,1488,1488,1488],"floor_reached":88,"language":"ENG","playtime":7655,"items_purged":["downfall:Icky","Hallownest:curseDreamersLament","downfall:Icky","downfall:Icky"],"score":2700,"play_id":"bc8433fd-67ee-4c5b-ac3b-0dd26d278ba6","local_time":"20210214162718","is_ascension_mode":false,"campfire_choices":[{"floor":1.0,"key":"RECALL"},{"floor":6.0,"key":"REST"},{"data":"RedNightlessCastle","floor":12.0,"key":"SMITH"},{"floor":18.0,"key":"DIG"},{"data":"QueenOfMidnight","floor":35.0,"key":"SMITH"},{"data":"DiffusionOfMisfortune","floor":43.0,"key":"SMITH"},{"data":"ReplayTheSpireMod:Book of Names","floor":55.0,"key":"SMITH"},{"data":"Ultimatum","floor":67.0,"key":"SMITH"},{"data":"ReincarnationDial","floor":72.0,"key":"SMITH"},{"data":"expansioncontent:StudyTheSpire","floor":80.0,"key":"SMITH"}],"circlet_count":0,"master_deck":["conspire:GhostlyStrike","conspire:GhostlyStrike","conspire:GhostlyStrike","conspire:GhostlyStrike","conspire:GhostlyDefend","conspire:GhostlyDefend","conspire:GhostlyDefend","conspire:GhostlyDefend","RedMoon+1","ScarletShoot","Stigmanizer","RedNightlessCastle+1","MastersStateliness","VampireKiss","EndlessAdversity","TricksterDevil","ChainGang","CharismaGuard","QueenOfMidnight+1","DiffusionOfMisfortune","ForbiddenFruit","EndlessAdversity","BloodyMagicSquare+1","ScarletImprint","ScarletDevil","DiffusionOfMisfortune","BlasphemousPunishment+1","DiffusionOfMisfortune+1","MastersStateliness+1","expansioncontent:StudyTheSpire+1","infinitespire:SealOfDarkness+","VampireSweep","ForecastOfChange","Stigmanizer","infinitespire:FinalStrike","Stigmanizer","ForbiddenFruit+1","CharismaGuard+1","infinitespire:FinalStrike","EndlessAdversity+1","EndlessAdversity","ReincarnationDial+1","BombardNight+1","infinitespire:SealOfDarkness+","HunterOfTheNight","BloodyCatastrophe","ScarletDevilSign+1","ReplayTheSpireMod:Book of Names+1","ChaoticDestiny","BloodyTrap","ScarletDevilSign","SuperhumanBloodyKnife","CharismaGuard","VampireKiss","DiffusionOfMisfortune","expansioncontent:DashGenerateEvil","VampireClaw","Ultimatum+1","HellCatastrophe","BombardNight","Stigmanizer","Stigmanizer","EndlessAdversity+1","ScarletImprint+1","ScarletImprint+1","BombardNight","BloodySeventeenLaser"],"relics":["ScarletHat","ice","ice","LetterFromLob","ReplayFunnel","downfall:GremlinWheel","downfall:HeartBlessingRed","hubris:MysteriousPyramids","Quantum Egg","Bird Faced Urn","downfall:HeartBlessingBlue","downfall:HeartBlessingGreen","aspiration:PoetsPen_weak","potionbrewer:WarMedal","hubris:Metronome","downfall:KnowingSkull","Bronze Scales","MerchantsRug","ClockworkSouvenir","Replay:Wanted Poster","potionbrewer:AlchemistFlask","Torii","Membership Card","Thread and Needle","ReplayTheSpireMod:TigerMarble","reliquary:SilkGlove","aspiration:TomeofQuesting","paleoftheancients:Timepiece","paleoftheancients:KeyRelic","CultistMask","reliquary:RedCape","sagemod:Singing_Vial","aspiration:HiddenCompartment","Ring of Searing","Ring of Panic","OrangePellets","Mirror","Replay:Accelerometer","reliquary:Bookmark","Strawberry","Replay:Wax Seal","construct:WeddingRing","reliquary:Stiletto","Sling","Ornamental Fan","hubris:Icosahedron"],"acts_visited":["Exordium","TheCity","TheBeyond","paleoftheancients:PaleOfTheAncients","Exordium","TheCity"],"potions_floor_usage":[],"damage_taken":[{"damage":1.0,"enemies":"Jaw Worm","floor":2.0,"turns":4.0},{"damage":27.0,"enemies":"Jaw Worm","floor":5.0,"turns":8.0},{"damage":20.0,"enemies":"Lagavulin","floor":8.0,"turns":5.0},{"damage":0.0,"enemies":"conspire:RoseBush","floor":9.0,"turns":4.0},{"damage":12.0,"enemies":"infinitespire:Voidling","floor":10.0,"turns":3.0},{"damage":0.0,"enemies":"HollowMod:MossKnight","floor":11.0,"turns":8.0},{"damage":0.0,"enemies":"downfall:LooterAlt","floor":14.0,"turns":2.0},{"damage":0.0,"enemies":"3 Louse","floor":15.0,"turns":1.0},{"damage":0.0,"enemies":"SI_SHIV_ARCHETYPE","floor":16.0,"turns":7.0},{"damage":0.0,"enemies":"Spheric Guardian","floor":19.0,"turns":3.0},{"damage":0.0,"enemies":"Shell Parasite","floor":20.0,"turns":4.0},{"damage":12.0,"enemies":"Snake Plant","floor":21.0,"turns":3.0},{"damage":2.0,"enemies":"Centurion and Healer","floor":22.0,"turns":4.0},{"damage":48.0,"enemies":"Nightmare","floor":23.0,"turns":7.0},{"damage":51.0,"enemies":"conspire:HollyBat","floor":24.0,"turns":3.0},{"damage":46.0,"enemies":"conspire:HollyBat","floor":25.0,"turns":6.0},{"damage":48.0,"enemies":"Chosen and Byrds","floor":27.0,"turns":2.0},{"damage":49.0,"enemies":"Sentry and Sphere","floor":28.0,"turns":2.0},{"damage":64.0,"enemies":"downfall:FleeingMerchant","floor":29.0,"turns":4.0},{"damage":51.0,"enemies":"Snake Plant","floor":32.0,"turns":2.0},{"damage":57.0,"enemies":"IC_MUSHROOM_ARCHETYPE","floor":33.0,"turns":3.0},{"damage":49.0,"enemies":"3 Darklings","floor":36.0,"turns":2.0},{"damage":49.0,"enemies":"infinitespire:Three Voidlings","floor":37.0,"turns":2.0},{"damage":122.0,"enemies":"Nightmare_Alpha","floor":37.0,"turns":6.0},{"damage":60.0,"enemies":"3 Shapes","floor":38.0,"turns":2.0},{"damage":54.0,"enemies":"2 Orb Walkers","floor":39.0,"turns":2.0},{"damage":66.0,"enemies":"Nightmare","floor":42.0,"turns":4.0},{"damage":58.0,"enemies":"Nemesis","floor":44.0,"turns":3.0},{"damage":65.0,"enemies":"3 Darklings","floor":45.0,"turns":1.0},{"damage":65.0,"enemies":"Maw","floor":46.0,"turns":2.0},{"damage":101.0,"enemies":"Transient","floor":47.0,"turns":2.0},{"damage":66.0,"enemies":"3 Darklings","floor":49.0,"turns":2.0},{"damage":70.0,"enemies":"WA_ARCHETYPE_DIVINITY","floor":50.0,"turns":3.0},{"damage":67.0,"enemies":"WA_ARCHETYPE_DIVINITY","floor":52.0,"turns":3.0},{"damage":140.0,"enemies":"paleoftheancients:N","floor":53.0,"turns":4.0},{"damage":82.0,"enemies":"2 Louse","floor":56.0,"turns":1.0},{"damage":85.0,"enemies":"Small Slimes","floor":59.0,"turns":2.0},{"damage":86.0,"enemies":"Nightmare","floor":60.0,"turns":1.0},{"damage":86.0,"enemies":"Lagavulin","floor":64.0,"turns":2.0},{"damage":86.0,"enemies":"Cultist","floor":66.0,"turns":1.0},{"damage":87.0,"enemies":"2 Fungi Beasts","floor":69.0,"turns":1.0},{"damage":90.0,"enemies":"Hexaghost","floor":70.0,"turns":2.0},{"damage":90.0,"enemies":"3 Byrds","floor":73.0,"turns":1.0},{"damage":90.0,"enemies":"Shell Parasite","floor":74.0,"turns":1.0},{"damage":90.0,"enemies":"Centurion and Healer","floor":77.0,"turns":1.0},{"damage":194.0,"enemies":"Nightmare_Alpha","floor":78.0,"turns":4.0},{"damage":147.0,"enemies":"Gremlin Leader","floor":81.0,"turns":2.0},{"damage":100.0,"enemies":"Snake Plant","floor":82.0,"turns":1.0},{"damage":100.0,"enemies":"Cultist and Chosen","floor":84.0,"turns":1.0},{"damage":97.0,"enemies":"Shelled Parasite and Fungi","floor":86.0,"turns":1.0},{"damage":100.0,"enemies":"Champ","floor":87.0,"turns":2.0}],"seed_played":"4666432611155953695","potions_obtained":[{"floor":8.0,"key":"potionbrewer:DiscountPotion"},{"floor":9.0,"key":"potionbrewer:CleansingPotion"},{"floor":11.0,"key":"PowerPotion"},{"floor":15.0,"key":"Dexterity Potion"},{"floor":19.0,"key":"Reflective Coating"},{"floor":25.0,"key":"blueLaboratory:AbyssPotion"},{"floor":28.0,"key":"SkillPotion"},{"floor":33.0,"key":"Swift Potion"},{"floor":37.0,"key":"blueLaboratory:LouseDecoction"},{"floor":39.0,"key":"Doom Potion"},{"floor":59.0,"key":"potionbrewer:NoxiousPotion"},{"floor":64.0,"key":"blueLaboratory:BottleOfRum"},{"floor":70.0,"key":"champ:CounterPotion"}],"is_trial":false,"path_per_floor":["R","M","?","?","?","R","T","E","M","M","E","R","?","M","M","B",null,"R_BF","M","M","M","M","NM","MIM","M","?","M","M","$","?","AVR","M","B",null,"R","M","?","M","?","$","T","NM","R","E","M","M","M","AVR","M","B",null,"M","B",null,"R","M","?","$","M","NM","T","?","?","E","$","M","R","$","M","B",null,"R","M","M","?","$","M","NM","?","R","E","M","?","M","AVR","M","B",null],"character_chosen":"REMILIA","items_purchased":["Bronze Scales","MerchantsRug","MastersStateliness","expansioncontent:StudyTheSpire","conspire:TreasureMap","ClockworkSouvenir","Membership Card","Thread and Needle","ReplayTheSpireMod:TigerMarble","sagemod:Singing_Vial","ScarletDevilSign","SuperhumanBloodyKnife","CharismaGuard","OrangePellets","Replay:Baseball","Mirror","Replay:Accelerometer","expansioncontent:DashGenerateEvil","VampireClaw","reliquary:Bookmark","Strawberry","Replay:Wax Seal","reliquary:Stiletto","Sling","Ornamental Fan","Stigmanizer"],"campfire_rested":1,"item_purchase_floors":[29,29,29,29,29,29,40,40,40,58,58,58,58,65,65,65,65,65,65,68,68,68,76,76,76,76],"current_hp_per_floor":[82,82,82,82,55,79,79,59,61,50,52,62,62,62,62,70,92,92,92,92,80,82,92,92,92,87,89,91,92,92,92,91,92,92,92,92,102,98,102,102,102,106,106,120,124,124,125,125,125,127,127,157,164,164,164,164,164,164,164,166,166,166,166,166,166,166,166,173,173,173,173,173,173,173,173,173,173,192,192,192,194,194,194,194,194,194,194,194,194],"gold":1488,"neow_bonus":"TEN_PERCENT_HP_BONUS","is_daily":false,"chose_seed":false,"campfire_upgraded":7,"win_rate":0.0,"timestamp":1613341638,"path_taken":["R","M","?","?","?","R","T","E","?","M","E","R","?","M","M","BOSS","R_BF","M","M","M","M","NM","MIM","M","?","M","M","$","?","AVR","M","BOSS","R","M","?","M","?","?","T","NM","R","E","M","?","M","AVR","M","BOSS","M","BOSS","R","M","?","$","M","NM","T","?","?","E","$","M","R","?","M","BOSS","R","M","M","?","$","M","NM","?","R","E","M","?","M","AVR","M","BOSS"],"items_purchased_type":["Relic","Relic","Card","Card","Relic","Relic","Relic","Relic","Relic","Relic","Card","Card","Card","Relic","Relic","Relic","Relic","Card","Card","Relic","Relic","Relic","Relic","Relic","Relic","Card"],"build_version":"2020-12-22","purchased_purges":4,"victory":false,"max_hp_per_floor":[82,82,82,82,82,82,82,82,82,82,82,92,92,92,92,92,92,92,92,92,92,92,92,92,92,92,92,92,92,92,92,92,92,92,92,92,102,105,107,107,107,118,118,124,124,124,125,125,125,127,127,157,164,164,164,164,164,164,166,166,166,166,166,166,166,166,166,173,173,173,173,173,173,173,173,173,173,192,192,192,194,194,194,194,194,194,194,194,194],"card_choices":[{"not_picked":["DevilSight","BombardNight"],"picked":"Stigmanizer","floor":2.0},{"not_picked":["DevilSight","VampireFantasy"],"picked":"RedNightlessCastle","floor":3.0},{"not_picked":["ChaoticDestiny","ReincarnationDial"],"picked":"MastersStateliness","floor":8.0},{"not_picked":["UnstableMagic","NightDance"],"picked":"VampireKiss","floor":9.0},{"not_picked":["BombardNight","VampireSweep"],"picked":"EndlessAdversity","floor":10.0},{"not_picked":["ScarletMeister","TwelveNightmare"],"picked":"TricksterDevil","floor":11.0},{"not_picked":["NightDance","GlobalNightmare"],"picked":"ChainGang","floor":14.0},{"not_picked":["RedNightlessCastle","UnstableMagic"],"picked":"CharismaGuard","floor":15.0},{"not_picked":["TricksterDevil","BloodyHallows"],"picked":"QueenOfMidnight","floor":16.0},{"not_picked":["EndlessAdversity","RedNightlessCastle"],"picked":"DiffusionOfMisfortune","floor":19.0},{"not_picked":["NightDance","TwelveNightmare+1"],"picked":"ForbiddenFruit","floor":20.0},{"not_picked":["BloodHunter","NightDance"],"picked":"EndlessAdversity","floor":21.0},{"not_picked":["DiffusionOfMisfortune+1","CharismaGuard"],"picked":"BloodyMagicSquare+1","floor":22.0},{"not_picked":["UnderTheZenith","HellCatastrophe"],"picked":"ScarletImprint","floor":23.0},{"not_picked":["CharismaGuard","VampireKiss"],"picked":"ScarletDevil","floor":24.0},{"not_picked":["MastersStateliness","BloodHunter+1"],"picked":"DiffusionOfMisfortune","floor":25.0},{"not_picked":["Maim","GlobalNightmare","VampireFantasy"],"picked":"SKIP","floor":27.0},{"not_picked":["BatForm","MastersStateliness"],"picked":"BlasphemousPunishment+1","floor":28.0},{"not_picked":["ScarletGensokyo","UnstableMagic"],"picked":"DiffusionOfMisfortune","floor":29.0},{"not_picked":["ScarletMeister","ScarletGensokyo+1"],"picked":"VampireSweep","floor":32.0},{"not_picked":["BloodRain","HellCatastrophe"],"picked":"ForecastOfChange","floor":33.0},{"not_picked":["BadLadyScramble","BloodAndWine+1"],"picked":"Stigmanizer","floor":36.0},{"not_picked":["ReplayTheSpireMod:Echoes of Time","infinitespire:Execution"],"picked":"infinitespire:FinalStrike","floor":37.0},{"not_picked":["ScarletImprint","ScarletDream+1"],"picked":"Stigmanizer","floor":37.0},{"not_picked":["RedMagic","CharismaGuard+1"],"picked":"ForbiddenFruit+1","floor":38.0},{"not_picked":["MillenniumVampire","ReincarnationDial+1"],"picked":"CharismaGuard+1","floor":39.0},{"not_picked":["infinitespire:NeuralNetwork","infinitespire:Oblivion"],"picked":"infinitespire:FinalStrike","floor":42.0},{"not_picked":["StarOfDavid+1","NightDance+1"],"picked":"EndlessAdversity+1","floor":42.0},{"not_picked":["BloodAndWine","BloodHunter","VampirishNight+1"],"picked":"SKIP","floor":44.0},{"not_picked":["CharismaGuard+1","TwelveNightmare"],"picked":"EndlessAdversity","floor":45.0},{"not_picked":["MillenniumVampire+1","FavorOfDestiny+1"],"picked":"ReincarnationDial","floor":46.0},{"not_picked":["BloodyMagicSquare+1","UnstableMagic"],"picked":"BombardNight+1","floor":47.0},{"not_picked":["ScarletImprint","ReincarnationDial+1"],"picked":"HunterOfTheNight","floor":49.0},{"not_picked":["QueenOfMidnight","BloodRain"],"picked":"BloodyCatastrophe","floor":50.0},{"not_picked":["SuperhumanBloodyKnife","UnstableMagic"],"picked":"ScarletDevilSign+1","floor":52.0},{"not_picked":["infinitespire:Starlight","ReplayTheSpireMod:Black Plague"],"picked":"ReplayTheSpireMod:Book of Names","floor":53.0},{"not_picked":["HellCatastrophe","TricksterDevil"],"picked":"ChaoticDestiny","floor":53.0},{"not_picked":["EndlessAdversity","UnstableMagic"],"picked":"BloodyTrap","floor":56.0},{"not_picked":["BloodyTrap","DevilSight"],"picked":"VampireKiss","floor":59.0},{"not_picked":["DevilSight","HeartBreak"],"picked":"DiffusionOfMisfortune","floor":60.0},{"not_picked":["ChaoticDestiny","CurseOfVladTepes","ChainGang"],"picked":"Singing Bowl","floor":64.0},{"not_picked":["FavorOfDestiny","BloodyTrap"],"picked":"Ultimatum","floor":66.0},{"not_picked":["Maim","ForbiddenFruit","FavorOfDestiny"],"picked":"Singing Bowl","floor":69.0},{"not_picked":["CeilingFear","HeartBreak"],"picked":"HellCatastrophe","floor":70.0},{"not_picked":["FavorOfDestiny","FitfulNightmare"],"picked":"BombardNight","floor":73.0},{"not_picked":["BlasphemousPunishment","UnstableMagic"],"picked":"Stigmanizer","floor":74.0},{"not_picked":["FavorOfDestiny","ScarletDream","AfternoonTea+1"],"picked":"Singing Bowl","floor":77.0},{"not_picked":["UnstableMagic","ChainGang+1"],"picked":"EndlessAdversity+1","floor":78.0},{"not_picked":["UnstableMagic","LeisurelyOfLord"],"picked":"ScarletImprint+1","floor":81.0},{"not_picked":["AfternoonTea+1","VampireFantasy","CharismaGuard+1"],"picked":"Singing Bowl","floor":82.0},{"not_picked":["EndlessAdversity","ScarletSymphony"],"picked":"ScarletImprint+1","floor":84.0},{"not_picked":["BloodyTrap","VampireFantasy+1"],"picked":"BombardNight","floor":84.0},{"not_picked":["VampireFantasy","BloodyTrap","BloodHunter"],"picked":"SKIP","floor":86.0},{"not_picked":["KillingBlow","ScarletMeister"],"picked":"BloodySeventeenLaser","floor":87.0}],"player_experience":593588,"relics_obtained":[{"floor":2.0,"key":"LetterFromLob"},{"floor":3.0,"key":"conspire:InfiniteJournal"},{"floor":4.0,"key":"ReplayFunnel"},{"floor":5.0,"key":"downfall:GremlinWheel"},{"floor":6.0,"key":"hubris:MysteriousPyramids"},{"floor":8.0,"key":"Quantum Egg"},{"floor":11.0,"key":"Bird Faced Urn"},{"floor":18.0,"key":"potionbrewer:WarMedal"},{"floor":23.0,"key":"MawBank"},{"floor":24.0,"key":"hubris:Metronome"},{"floor":37.0,"key":"potionbrewer:AlchemistFlask"},{"floor":39.0,"key":"Torii"},{"floor":41.0,"key":"reliquary:SilkGlove"},{"floor":42.0,"key":"reliquary:Buckler"},{"floor":44.0,"key":"aspiration:TomeofQuesting"},{"floor":61.0,"key":"aspiration:HiddenCompartment"},{"floor":63.0,"key":"Ring of Searing"},{"floor":63.0,"key":"Ring of Panic"}],"event_choices":[{"damage_healed":0.0,"max_hp_gain":0.0,"max_hp_loss":0.0,"gold_gain":0.0,"event_name":"Wheel of Change","player_choice":"Relic","floor":6.0,"gold_loss":0.0,"damage_taken":0.0},{"damage_healed":0.0,"max_hp_gain":0.0,"max_hp_loss":0.0,"gold_gain":0.0,"event_name":"conspire:Investor","player_choice":"Leave","floor":13.0,"gold_loss":0.0,"damage_taken":0.0},{"damage_healed":0.0,"max_hp_gain":0.0,"max_hp_loss":0.0,"gold_gain":0.0,"event_name":"Mysterious Sphere","player_choice":"Fight","floor":39.0,"gold_loss":0.0,"damage_taken":0.0},{"damage_healed":0.0,"max_hp_gain":0.0,"max_hp_loss":0.0,"gold_gain":0.0,"event_name":"conspire:LoneGhost","player_choice":"Agree","floor":62.0,"gold_loss":0.0,"damage_taken":0.0}],"is_beta":false,"boss_relics":[{"not_picked":["Sozu","Kintsugi"],"picked":"aspiration:PoetsPen_weak"},{"not_picked":["beaked:SacredDeck","Tiny House"],"picked":"Replay:Wanted Poster"},{"not_picked":["conspire:SeveredTorchhead","Velvet Choker"],"picked":"Black Star"},{"not_picked":["hubris:BlackHole","ReplayTheSpireMod:DimensionalGlitch"],"picked":"reliquary:RedCape"},{"not_picked":["Fusion Hammer","aspiration:MarisaSkillbook"],"picked":"construct:WeddingRing"}],"items_purged_floors":[58,65,68,68],"is_endless":true,"potions_floor_spawned":[8,9,11,15,19,25,28,32,33,37,39,45,49,50,56,59,64,66,70,74,78,81,87],"ascension_level":0}}