{"host":"2q82lssse0ckn8xu","time":1613342934,"event":{"mods":["AchievementEnabler","BaseMod","Better Third Choice","Colored Map","Colored Powertips","Highlight Path","Jorbs\u0027s Wanderer Trilogy","Minty Spire (QoL Compilation)","Permanent Neow","Quick Restart","StSLib","The Bug Knight","The Saiyan","Unceasing Turn Reminder"],"gold_per_floor":[117,129,143,159,173,193,222,222,249,179,179,203,203,238,238,338,338,351,26,42,42,42,42,57,57,57],"floor_reached":25,"language":"ENG","playtime":1619,"items_purged":[],"score":213,"play_id":"0428baa4-e1e9-45e5-a93e-bf4840306f94","local_time":"20210215041854","is_ascension_mode":false,"campfire_choices":[{"data":"HollowMod:BaldurShell","floor":8.0,"key":"SMITH"},{"data":"HollowMod:ChannelNail","floor":11.0,"key":"SMITH"},{"floor":13.0,"key":"REST"},{"floor":15.0,"key":"REST"},{"data":"HollowMod:SlysStrikes","floor":23.0,"key":"SMITH"}],"circlet_count":0,"master_deck":["HollowMod:NailStrikeStart+1","HollowMod:NailStrikeStart+1","HollowMod:NailStrikeStart+1","HollowMod:QuickDashStart+1","HollowMod:QuickDashStart+1","HollowMod:QuickDashStart+1","HollowMod:FocusHealStart","HollowMod:PogoStrike","Doubt","HollowMod:SoulStrike","HollowMod:ChannelNail+1","HollowMod:MantisMark","HollowMod:GreatSlash","HollowMod:VengefulSpirit","HollowMod:SlysStrikes+1","HollowMod:BaldurShell+1","HollowMod:PerfectDash","HollowMod:MothsMistake","HollowMod:Weaversong","HollowMod:SharpenedShadows+1","HollowMod:CornifersMapStart+1","HollowMod:QuirrelsAssistance+1","HollowMod:NewGlowingWomb","HollowMod:ShapeofUnn","HollowMod:ChannelNail+1","HollowMod:SlysStrikes","HollowMod:DashSlash"],"relics":["HollowMod:VesselMask","Ginger","Question Card","PreservedInsect","Odd Mushroom","Blue Candle","Astrolabe","Mummified Hand"],"acts_visited":["Exordium","TheCity"],"potions_floor_usage":[],"damage_taken":[{"damage":1.0,"enemies":"Cultist","floor":1.0,"turns":4.0},{"damage":5.0,"enemies":"Small Slimes","floor":2.0,"turns":3.0},{"damage":0.0,"enemies":"2 Louse","floor":3.0,"turns":3.0},{"damage":0.0,"enemies":"Large Slime","floor":4.0,"turns":4.0},{"damage":14.0,"enemies":"Blue Slaver","floor":5.0,"turns":3.0},{"damage":3.0,"enemies":"2 Fungi Beasts","floor":6.0,"turns":3.0},{"damage":25.0,"enemies":"3 Sentries","floor":7.0,"turns":9.0},{"damage":21.0,"enemies":"The Mushroom Lair","floor":12.0,"turns":5.0},{"damage":5.0,"enemies":"Lagavulin","floor":14.0,"turns":5.0},{"damage":43.0,"enemies":"Slime Boss","floor":16.0,"turns":7.0},{"damage":42.0,"enemies":"Shell Parasite","floor":18.0,"turns":6.0},{"damage":10.0,"enemies":"Chosen","floor":20.0,"turns":6.0},{"damage":29.0,"enemies":"3 Cultists","floor":24.0,"turns":5.0},{"damage":4,"enemies":"Gremlin Leader","floor":25,"turns":2}],"seed_played":"1711747457090830998","potions_obtained":[{"floor":3.0,"key":"SteroidPotion"},{"floor":4.0,"key":"PowerPotion"},{"floor":6.0,"key":"Strength Potion"},{"floor":7.0,"key":"Strength Potion"},{"floor":16.0,"key":"Regen Potion"},{"floor":18.0,"key":"SkillPotion"},{"floor":24.0,"key":"Weak Potion"}],"is_trial":false,"path_per_floor":["M","M","M","M","M","M","E","R","T","$","R","?","R","E","R","B",null,"M","$","M","?","?","R","M","E"],"character_chosen":"THE_BUGKNIGHT","items_purchased":["HollowMod:PerfectDash","Mummified Hand","HollowMod:ShapeofUnn"],"campfire_rested":2,"item_purchase_floors":[10,19,19],"current_hp_per_floor":[74,75,75,75,61,58,39,39,39,39,39,18,40,35,57,14,75,39,39,44,44,44,44,15,11,11],"gold":57,"neow_bonus":"ONE_RARE_RELIC","is_daily":false,"chose_seed":false,"campfire_upgraded":3,"win_rate":0.0,"timestamp":1613342934,"path_taken":["M","M","M","M","M","M","E","R","T","$","R","?","R","E","R","BOSS","M","$","M","?","?","R","?","E"],"items_purchased_type":["Card","Relic","Card"],"build_version":"2020-12-22","purchased_purges":0,"victory":false,"max_hp_per_floor":[75,75,75,75,75,75,75,75,75,75,75,75,75,75,75,75,75,75,75,75,75,75,75,75,75,75],"card_choices":[{"not_picked":["HollowMod:NewJinnsSoul","HollowMod:SoulSplash"],"picked":"HollowMod:SoulStrike","floor":1.0},{"not_picked":["HollowMod:GoodIntentions","HollowMod:SharpenedShadows"],"picked":"HollowMod:ChannelNail","floor":2.0},{"not_picked":["HollowMod:InfectedCysts","HollowMod:SharpenedNail"],"picked":"HollowMod:MantisMark","floor":3.0},{"not_picked":["HollowMod:CoiledNail","HollowMod:NewJinnsSoul"],"picked":"HollowMod:GreatSlash","floor":4.0},{"not_picked":["HollowMod:TaintedHusks","HollowMod:DescendingDark"],"picked":"HollowMod:VengefulSpirit","floor":5.0},{"not_picked":["HollowMod:ShadowDash","HollowMod:LifebloodCocoon"],"picked":"HollowMod:SlysStrikes","floor":6.0},{"not_picked":["HollowMod:WraithStrike","HollowMod:NewLittleFool"],"picked":"HollowMod:BaldurShell","floor":7.0},{"not_picked":["HollowMod:NewLittleFool","HollowMod:CloakDash","HollowMod:InfectionAssault"],"picked":"HollowMod:RecoilStrike","floor":12.0},{"not_picked":["HollowMod:CycloneSlash","HollowMod:VoidDash","HollowMod:MantisMark"],"picked":"HollowMod:MothsMistake","floor":14.0},{"not_picked":["HollowMod:ZotesMagnificence","HollowMod:Hiveblood","HollowMod:LordofShades"],"picked":"HollowMod:Weaversong","floor":16.0},{"not_picked":["HollowMod:DescendingDark","HollowMod:DashSlash","HollowMod:InfectedAttack+1"],"picked":"HollowMod:NewGlowingWomb","floor":18.0},{"not_picked":["HollowMod:DreamGate+1","HollowMod:ShadowDash+1","HollowMod:DashSlash"],"picked":"HollowMod:ChannelNail+1","floor":20.0},{"not_picked":["HollowMod:LifebloodCocoon","HollowMod:ShadowDash","HollowMod:CrystalDash"],"picked":"HollowMod:DashSlash","floor":24.0}],"player_experience":692625,"relics_obtained":[{"floor":7.0,"key":"Question Card"},{"floor":9.0,"key":"PreservedInsect"},{"floor":12.0,"key":"Odd Mushroom"},{"floor":14.0,"key":"Blue Candle"}],"event_choices":[{"damage_healed":0.0,"max_hp_gain":0.0,"max_hp_loss":0.0,"gold_gain":0.0,"event_name":"Mushrooms","player_choice":"Fought Mushrooms","floor":12.0,"gold_loss":0.0,"damage_taken":0.0},{"damage_healed":0.0,"max_hp_gain":0.0,"max_hp_loss":6.0,"gold_gain":0.0,"event_name":"betterThird:BetterWriting","player_choice":"Simplicity","floor":21.0,"gold_loss":0.0,"damage_taken":0.0},{"damage_healed":0.0,"max_hp_gain":0.0,"max_hp_loss":0.0,"gold_gain":0.0,"event_name":"Duplicator","player_choice":"Copied","floor":22.0,"gold_loss":0.0,"damage_taken":0.0,"cards_obtained":["HollowMod:SlysStrikes"]}],"is_beta":false,"boss_relics":[{"not_picked":["Snecko Eye","Empty Cage"],"picked":"Astrolabe"}],"items_purged_floors":[],"is_endless":false,"potions_floor_spawned":[3,4,6,7,16,18,24],"killed_by":"Gremlin Leader","ascension_level":0}}