{"host":"za9ilm1uiwmpmin1","time":1613339148,"event":{"mods":["AchievementEnabler","Act Like it!","BaseMod","Dota2Spire","Downfall","Friendly Minions","KomeijiMod","Lobotomy","LobotomyExtend","Minty Spire (QoL Compilation)","MostiFishMod","Reorder Act Four","RumiaBox-露米娅的神秘盒子","StSLib","TestMod","Waifu the Spire","[IsaacMod]以撒尖塔","【功能Mod】混沌之环修复补丁"],"gold_per_floor":[116,158,83,102,112,140,140,172,172,185,198,218,218,249,249,346,346,360,360,360,377,377,407,433,462,488,505,505,505,519,552,552,657,657,668,679,729,729,110,138,138,170,221,246,259,294,294,312,312,312,312,312,20,20,46,46],"floor_reached":57,"language":"ZHS","playtime":1654,"items_purged":["champ:Strike","champ:Strike","champ:Defend","champ:Defend"],"score":2280,"play_id":"9d7197ed-f4a2-4591-935b-afb124a09081","local_time":"20210215054548","is_ascension_mode":true,"campfire_choices":[{"data":"champ:Execute","floor":7.0,"key":"SMITH"},{"data":"champ:Taunt","floor":15.0,"key":"SMITH"},{"floor":28,"key":"RECALL"},{"data":"champ:EnchantCrown","floor":32,"key":"SMITH"},{"data":"champ:ShieldThrow","floor":41,"key":"SMITH"},{"data":"champ:UltimateStance","floor":47,"key":"PURGE"},{"data":"champ:Defend","floor":49,"key":"SMITH"},{"floor":54,"key":"REST"}],"circlet_count":0,"master_deck":["champ:Strike+1","champ:Defend+1","champ:Defend+1","champ:Execute+1","champ:Taunt+1","champ:EnchantCrown+1","champ:ShieldThrow+1"],"relics":["DaveBox","HushsDoor","testmod-TestBox","testmod-AscensionHeart","RhineSuit","PatriotShield","SynthV:TestCard","LetterFromLob","BloodBag","Eternal Feather","Dota2Spire:Mjollnir","BionicSphere","SynthV:C4","MagicMushroom","MutagenicStrength","Blue Candle","Enchiridion","DaCapo","champ:SpectersHand","testmod-IndustrialRevolution","HonorFeather","Dota2Spire:PhaseBoots","Dota2Spire:RefresherOrb","testmod-FatalChain","Peace Pipe","MagicDraw3","Sundial","TheBible","Art of War","Bag of Preparation","Dota2Spire:UrnOfShadows","TheBean","Medical Kit","Nunchaku","Happy Flower"],"acts_visited":["Exordium","TheCity","TheBeyond","TheEnding"],"potions_floor_usage":[16,16,56,56,56,56],"damage_taken":[{"damage":0.0,"enemies":"2 Louse","floor":1.0,"turns":1.0},{"damage":0.0,"enemies":"Small Slimes","floor":2.0,"turns":2.0},{"damage":0.0,"enemies":"Jaw Worm","floor":4.0,"turns":2.0},{"damage":0.0,"enemies":"Blue Slaver","floor":5.0,"turns":2.0},{"damage":20.0,"enemies":"Lagavulin","floor":6.0,"turns":4.0},{"damage":0.0,"enemies":"3 Sentries","floor":8.0,"turns":1.0},{"damage":0.0,"enemies":"Exordium Wildlife","floor":10.0,"turns":3.0},{"damage":0.0,"enemies":"2 Fungi Beasts","floor":11.0,"turns":2.0},{"damage":0.0,"enemies":"Large Slime","floor":12.0,"turns":2.0},{"damage":10.0,"enemies":"Lagavulin","floor":14.0,"turns":3.0},{"damage":0,"enemies":"Hexaghost","floor":16,"turns":4},{"damage":0,"enemies":"2 Thieves","floor":18,"turns":2},{"damage":0,"enemies":"Chosen","floor":21,"turns":1},{"damage":0,"enemies":"Slavers","floor":23,"turns":2},{"damage":0,"enemies":"Book of Stabbing","floor":25,"turns":2},{"damage":0,"enemies":"3 Cultists","floor":27,"turns":2},{"damage":0,"enemies":"Centurion and Healer","floor":29,"turns":2},{"damage":0,"enemies":"Centurion and Healer","floor":30,"turns":3},{"damage":0,"enemies":"Gremlin Leader","floor":31,"turns":2},{"damage":0,"enemies":"Automaton","floor":33,"turns":2},{"damage":0,"enemies":"3 Darklings","floor":35,"turns":2},{"damage":0,"enemies":"3 Shapes","floor":36,"turns":2},{"damage":0,"enemies":"Mind Bloom Boss Battle","floor":37,"turns":2},{"damage":0,"enemies":"Nemesis","floor":40,"turns":2},{"damage":0,"enemies":"Reptomancer","floor":42,"turns":2},{"damage":0,"enemies":"Giant Head","floor":44,"turns":1},{"damage":0,"enemies":"Jaw Worm Horde","floor":45,"turns":1},{"damage":0,"enemies":"Nemesis","floor":46,"turns":1},{"damage":0,"enemies":"Spire Growth","floor":48,"turns":1},{"damage":0,"enemies":"Time Eater","floor":50,"turns":3},{"damage":0,"enemies":"Shield and Spear","floor":55,"turns":1},{"damage":0,"enemies":"The Heart","floor":56,"turns":4}],"seed_played":"1738200005123031817","potions_obtained":[{"floor":4.0,"key":"Fruit Juice"},{"floor":6.0,"key":"Fire Potion"},{"floor":12.0,"key":"AttackPotion"},{"floor":16,"key":"testmod-SpacePotion"},{"floor":18,"key":"Weak Potion"},{"floor":31,"key":"SkillPotion"},{"floor":33,"key":"Dexterity Potion"},{"floor":48,"key":"Dexterity Potion"},{"floor":55,"key":"Dexterity Potion"}],"is_trial":false,"path_per_floor":["M","M","$","M","M","E","R","E","T","M","M","M","?","E","R","B",null,"M","?","?","M","?","E","T","E","T","M","R","M","M","E","R","B",null,"M","M","?","T","$","E","R","E","T","E","M","E","R","M","R","B",null,null,"$","R","E","B",null],"character_chosen":"THE_CHAMP","items_purchased":["MagicDraw3","Sundial","Medical Kit","Nunchaku"],"campfire_rested":1,"item_purchase_floors":[39,39,53,53],"current_hp_per_floor":[90,93,93,98,98,98,102,102,102,102,102,102,82,82,88,88,104,104,104,99,99,83,84,84,85,85,104,104,104,104,104,104,104,97,97,97,97,97,97,97,97,97,97,97,97,97,97,97,97,97,97,97,97,97,97,97],"gold":46,"neow_bonus":"BOSS_RELIC","is_daily":false,"chose_seed":false,"campfire_upgraded":5,"win_rate":0.0,"timestamp":1613339148,"path_taken":["M","M","$","M","M","E","R","E","T","M","M","M","?","E","R","BOSS","M","?","?","M","?","E","?","E","T","?","R","?","M","E","R","BOSS","M","M","?","?","?","E","R","E","T","E","M","E","R","M","R","BOSS","$","R","E","BOSS"],"items_purchased_type":["Relic","Relic","Relic","Relic"],"build_version":"2020-12-22","purchased_purges":4,"victory":true,"max_hp_per_floor":[90,97,97,102,102,102,102,102,102,102,102,102,102,102,102,102,104,104,104,104,104,104,104,104,104,104,104,104,104,104,104,104,104,97,97,97,97,97,97,97,97,97,97,97,97,97,97,97,97,97,97,97,97,97,97,97],"card_choices":[{"not_picked":[],"picked":"Bomb","floor":0.0},{"not_picked":["champ:EnragedBash","champ:SwordSigil","champ:ArenaPreparation"],"picked":"SKIP","floor":1.0},{"not_picked":["champ:GutPunch","champ:Backstep","champ:FancyFootwork","champ:IronFortress","champ:RapidStrikes"],"picked":"SKIP","floor":2.0},{"not_picked":["champ:PreemptiveStrike","champ:ShieldSigil","champ:BerserkersShout","champ:GladiatorForm","champ:SkillfulDodge"],"picked":"SKIP","floor":4.0},{"not_picked":["champ:FanOfKnives","champ:PreciseThrust","champ:TornadoPunch","champ:ArenaPreparation","champ:Endure"],"picked":"SKIP","floor":5.0},{"not_picked":["champ:SteelEdge","champ:DancingMaster","champ:LastStand","champ:SteelEdge"],"picked":"champ:EnchantCrown","floor":6.0},{"not_picked":["champ:MurderStrike","champ:EnchantShield","champ:EnchantSword","champ:VampiricStrike"],"picked":"champ:UltimateStance","floor":8.0},{"not_picked":["champ:DefensiveStyle","champ:PerfectedStrike","champ:Backstep","champ:CalledShot","champ:HeartStrike"],"picked":"SKIP","floor":10.0},{"not_picked":["champ:BringItOn","champ:FocusedBerserking","champ:Haymaker","champ:Parry","champ:TripleStrike"],"picked":"SKIP","floor":11.0},{"not_picked":["champ:StanceDance","champ:Encircle","champ:BringItOn","champ:BerserkersShout","champ:PreciseThrust"],"picked":"SKIP","floor":12.0},{"not_picked":["champ:Devastate","champ:SteelEdge","champ:EnchantSword","champ:CheapShot"],"picked":"champ:ShieldThrow","floor":14.0},{"not_picked":["champ:BringItOn","champ:RecklessLeap","champ:EndlessRage","champ:FalseCounter","champ:ShieldSigil"],"picked":"SKIP","floor":18},{"not_picked":["champ:Duel+1","champ:SwordSigil","champ:DefensiveShout+1","champ:GladiatorStyle+1","champ:ArenaPreparation+1"],"picked":"SKIP","floor":21},{"not_picked":["champ:EnchantCrown","champ:EnchantCrown","champ:SteelEdge","champ:Improvising","champ:EnchantSword"],"picked":"SKIP","floor":23},{"not_picked":["champ:VampiricStrike","champ:EnchantCrown","champ:EnchantSword","champ:ShieldThrow","champ:EnchantCrown"],"picked":"SKIP","floor":25},{"not_picked":["champ:CrownThrow","champ:ShieldSigil","champ:BerserkersShout","champ:EnragedBash","champ:Parry"],"picked":"SKIP","floor":27},{"not_picked":["champ:Circumvent","champ:PerfectedStrike","champ:SetATrap","champ:FocusedBerserking+1","champ:GutPunch"],"picked":"SKIP","floor":30},{"not_picked":["champ:UltimateStance","champ:SteelEdge","champ:HoldFirm","champ:EnchantCrown","champ:EnchantCrown"],"picked":"SKIP","floor":31},{"not_picked":["champ:UltimateStance","champ:SteelEdge","champ:HoldFirm","champ:EnchantCrown","champ:EnchantCrown"],"picked":"SKIP","floor":31},{"not_picked":["champ:BringItOn+1","champ:SetATrap+1","champ:Parry","champ:BerserkersShout+1","champ:AdrenalArmor"],"picked":"SKIP","floor":35},{"not_picked":["champ:EnragedBash+1","champ:ShieldSigil","champ:FocusedDefense+1","champ:BerserkersShout","champ:FaceSlap"],"picked":"SKIP","floor":36},{"not_picked":["champ:HeavySlash","champ:EnchantSword","champ:VampiricStrike","champ:IgnorePain","champ:EnchantCrown"],"picked":"SKIP","floor":40},{"not_picked":["champ:HeavySlash","champ:StrikeOfGenius","champ:HoldFirm","champ:Improvising","champ:IgnorePain"],"picked":"SKIP","floor":42},{"not_picked":["champ:StrikeOfGenius","champ:ShieldThrow","champ:IgnorePain","champ:ShieldThrow","champ:HoldFirm"],"picked":"SKIP","floor":44},{"not_picked":["champ:Endure+1","champ:EnragedBash+1","champ:GutPunch+1","champ:EndlessRage+1","champ:Devastate"],"picked":"SKIP","floor":45},{"not_picked":["champ:MurderStrike","champ:SwordThrow","champ:HeavySlash","champ:Devastate","champ:EnchantCrown"],"picked":"SKIP","floor":46},{"not_picked":["champ:Parry","champ:CrownThrow+1","champ:Encircle+1","champ:AdrenalArmor","champ:Duel"],"picked":"SKIP","floor":48},{"not_picked":["champ:SteelEdge","champ:UltimateStance","champ:HeavySlash","champ:LastStand","champ:VampiricStrike"],"picked":"SKIP","floor":55}],"player_experience":1138505,"relics_obtained":[{"floor":1.0,"key":"SynthV:TestCard"},{"floor":1.0,"key":"LetterFromLob"},{"floor":6.0,"key":"Eternal Feather"},{"floor":8.0,"key":"Dota2Spire:Mjollnir"},{"floor":9.0,"key":"BionicSphere"},{"floor":14.0,"key":"SynthV:C4"},{"floor":22,"key":"Enchiridion"},{"floor":23,"key":"DaCapo"},{"floor":25,"key":"champ:SpectersHand"},{"floor":26,"key":"testmod-IndustrialRevolution"},{"floor":31,"key":"Dota2Spire:PhaseBoots"},{"floor":37,"key":"testmod-FatalChain"},{"floor":38,"key":"Peace Pipe"},{"floor":40,"key":"TheBible"},{"floor":42,"key":"Art of War"},{"floor":43,"key":"Bag of Preparation"},{"floor":44,"key":"Dota2Spire:UrnOfShadows"},{"floor":46,"key":"TheBean"},{"floor":55,"key":"Happy Flower"}],"event_choices":[{"damage_healed":0.0,"max_hp_gain":0.0,"max_hp_loss":0.0,"gold_gain":0.0,"event_name":"Shining Light","player_choice":"Entered Light","floor":13.0,"gold_loss":0.0,"damage_taken":20.0,"cards_upgraded":["champ:Defend","champ:Strike"]},{"damage_healed":0,"gold_gain":0,"player_choice":"Inject Mutagens","damage_taken":0,"relics_obtained":["MutagenicStrength"],"max_hp_gain":0,"max_hp_loss":0,"event_name":"Drug Dealer","floor":19,"gold_loss":0},{"damage_healed":0,"gold_gain":0,"player_choice":"Obtained Book","damage_taken":16,"max_hp_gain":0,"max_hp_loss":0,"event_name":"Cursed Tome","floor":22,"gold_loss":0},{"damage_healed":0,"gold_gain":0,"player_choice":"Fight","damage_taken":0,"max_hp_gain":0,"max_hp_loss":0,"event_name":"MindBloom","floor":37,"gold_loss":0}],"is_beta":false,"boss_relics":[{"not_picked":["testmod-BatchProcessingSystem","bronze:MakeshiftBattery"],"picked":"MagicMushroom"},{"not_picked":[]},{"not_picked":["testmod-Recursion","sneckomod:SneckoTalon"],"picked":"Dota2Spire:RefresherOrb"},{"not_picked":[]}],"items_purged_floors":[3,17,34,39],"is_endless":false,"potions_floor_spawned":[4,5,6,8,12,16,18,23,25,31,33,37,45,46,48,55],"ascension_level":4}}