{"host":"pi8b3ffzwvxqztac","time":1613320789,"event":{"mods":["BaseMod","Colored Map","Custom Start","Downfall","Minty Spire (QoL Compilation)","StSLib"],"gold_per_floor":[99,119,119,32,42,42,42,60,210,210,239,257,57,57,76,177,177,77,97,97,197,207,207,207,207,207,224,224,74,74,104,119,214,214,214,229,241,241,159,159,183,183,200,200,210,555,575,589,607,607,607,641,161,161,161,161],"floor_reached":57,"language":"ENG","playtime":4833,"items_purged":["Guardian:GemFire"],"score":1521,"play_id":"f573875c-cd98-4408-96a5-7f424192b460","local_time":"20210215053949","is_ascension_mode":true,"campfire_choices":[{"floor":1.0,"key":"RECALL"},{"data":"Guardian:SentryBeam","floor":6.0,"key":"SMITH"},{"data":"Guardian:BronzeArmor","floor":13.0,"key":"SMITH"},{"data":"Guardian:BaubleBeam","floor":18.0,"key":"SMITH"},{"data":"Guardian:Repulse","floor":23.0,"key":"SMITH"},{"data":"Guardian:StasisField","floor":26.0,"key":"SMITH"},{"data":"Guardian:DecasProtection","floor":35.0,"key":"SMITH"},{"data":"Guardian:ShieldSpikes","floor":40.0,"key":"SMITH"},{"floor":54.0,"key":"REST"}],"circlet_count":0,"master_deck":["Guardian:Strike_Guardian","Guardian:Defend_Guardian","Guardian:Defend_Guardian","Guardian:Defend_Guardian","Guardian:Defend_Guardian","Guardian:CurlUp","Guardian:TwinSlam+1","Guardian:SentryBeam+1","Guardian:TemporalShield","Guardian:BaubleBeam+1","Guardian:PiercingHide","Guardian:BronzeArmor+1","Guardian:Repulse+1","Guardian:StasisField+1","Guardian:RefractedBeam+1","Guardian:ShieldSpikes+1","Guardian:PrismaticBeam+1","Bandage Up","Guardian:DecasProtection+1","Guardian:FloatingOrbs","expansioncontent:Chronoboost+1","Guardian:BodySlam+1","Guardian:CrystalBeam+1"],"relics":["Guardian:ModeShifter","downfall:ShatteredFragment","Mercury Hourglass","Strawberry","downfall:HeartBlessingBlue","downfall:HeartBlessingGreen","Astrolabe","downfall:HeartBlessingRed","Toy Ornithopter","Bottled Flame","Blue Candle","Incense Burner","SacredBark","Regal Pillow","Guardian:PickAxe","Shuriken"],"acts_visited":["Exordium","TheCity","TheBeyond","TheEnding"],"potions_floor_usage":[56,56],"damage_taken":[{"damage":1.0,"enemies":"Cultist","floor":2.0,"turns":4.0},{"damage":5.0,"enemies":"downfall:FleeingMerchant","floor":4.0,"turns":4.0},{"damage":7.0,"enemies":"Jaw Worm","floor":5.0,"turns":3.0},{"damage":0.0,"enemies":"Small Slimes","floor":8.0,"turns":2.0},{"damage":22.0,"enemies":"Lagavulin","floor":11.0,"turns":9.0},{"damage":8.0,"enemies":"Blue Slaver","floor":12.0,"turns":3.0},{"damage":0.0,"enemies":"3 Louse","floor":15.0,"turns":2.0},{"damage":10.0,"enemies":"SI_SHIV_ARCHETYPE","floor":16.0,"turns":9.0},{"damage":0.0,"enemies":"Chosen","floor":19.0,"turns":4.0},{"damage":1.0,"enemies":"downfall:LadyInBlue","floor":21.0,"turns":11.0},{"damage":3.0,"enemies":"3 Byrds","floor":22.0,"turns":4.0},{"damage":0.0,"enemies":"Centurion and Healer","floor":27.0,"turns":5.0},{"damage":6.0,"enemies":"downfall:FleeingMerchant","floor":29.0,"turns":4.0},{"damage":8.0,"enemies":"Book of Stabbing","floor":31.0,"turns":5.0},{"damage":2.0,"enemies":"Shelled Parasite and Fungi","floor":32.0,"turns":4.0},{"damage":0.0,"enemies":"DF_ARCHETYPE_CLAW","floor":33.0,"turns":8.0},{"damage":12.0,"enemies":"3 Darklings","floor":36.0,"turns":5.0},{"damage":0.0,"enemies":"3 Shapes","floor":37.0,"turns":1.0},{"damage":0.0,"enemies":"downfall:FleeingMerchant","floor":39.0,"turns":4.0},{"damage":27.0,"enemies":"Writhing Mass","floor":43.0,"turns":5.0},{"damage":6.0,"enemies":"Jaw Worm Horde","floor":45.0,"turns":4.0},{"damage":0.0,"enemies":"downfall:FleeingMerchant","floor":46.0,"turns":1.0},{"damage":0.0,"enemies":"Maw","floor":47.0,"turns":5.0},{"damage":9.0,"enemies":"Spire Growth","floor":48.0,"turns":4.0},{"damage":0.0,"enemies":"4 Shapes","floor":49.0,"turns":2.0},{"damage":62.0,"enemies":"WA_ARCHETYPE_DIVINITY","floor":50.0,"turns":13.0},{"damage":58.0,"enemies":"downfall:CharBossMerchant","floor":52.0,"turns":9.0},{"damage":10.0,"enemies":"downfall:NeowBoss","floor":55.0,"turns":10.0},{"damage":51,"enemies":"downfall:NeowBossFinal","floor":56,"turns":9}],"seed_played":"-5836864935181416752","potions_obtained":[{"floor":5.0,"key":"bronze:BurnAndBuffPotion"},{"floor":15.0,"key":"sneckomod:MuddlingPotion"},{"floor":19.0,"key":"PowerPotion"},{"floor":21.0,"key":"Ancient Potion"},{"floor":21.0,"key":"Block Potion"},{"floor":30.0,"key":"CultistPotion"},{"floor":32.0,"key":"Dexterity Potion"},{"floor":33.0,"key":"champ:CounterPotion"},{"floor":36.0,"key":"Dexterity Potion"},{"floor":37.0,"key":"PowerPotion"},{"floor":48.0,"key":"Swift Potion"},{"floor":52.0,"key":"SteroidPotion"}],"is_trial":false,"path_per_floor":["R","M","?","$","M","R","T","M","?","T","E","M","R","?","M","B",null,"R","M","?","?","M","R","T","?","R","M","?","$","?","E","M","B",null,"R","M","M","?","$","R","T","?","M","?","M","$","M","M","M","B",null,"E","$","R","B","B",null],"character_chosen":"GUARDIAN","items_purchased":["Guardian:Gem_Yellow","Guardian:Gem_Cyan","Bandage Up","Guardian:FloatingOrbs","Shuriken","CultistPotion","PowerPotion"],"campfire_rested":1,"item_purchase_floors":[4,29,29,39,53,53,53],"current_hp_per_floor":[80,79,55,50,43,43,43,43,43,43,28,20,30,30,30,20,78,78,78,78,77,74,74,74,74,74,74,69,63,63,59,66,75,92,92,89,89,89,93,93,93,93,70,70,68,68,77,72,72,19,78,29,29,73,72,35],"gold":161,"neow_bonus":"UPGRADE_CARD","is_daily":false,"chose_seed":false,"campfire_upgraded":7,"win_rate":0.0,"timestamp":1613320789,"path_taken":["R","M","?","$","M","R","T","M","?","?","E","M","R","?","M","BOSS","R","M","?","?","?","R","T","?","R","M","?","$","?","E","M","BOSS","R","M","M","?","$","R","T","?","M","?","?","$","M","M","M","BOSS","E","$","R","BOSS","BOSS"],"items_purchased_type":["Card","Card","Card","Card","Relic","Potion","Potion"],"build_version":"2020-12-22","purchased_purges":1,"victory":true,"max_hp_per_floor":[80,80,80,80,80,80,80,80,80,80,87,87,97,97,97,97,97,97,97,97,97,97,97,97,97,97,97,97,97,97,97,97,97,97,97,97,97,97,97,97,97,97,97,97,97,97,97,97,97,97,97,97,97,97,97,97],"card_choices":[{"not_picked":["Guardian:WalkerClaw","Guardian:Gem_Cyan"],"picked":"Guardian:Gem_Green","floor":2.0},{"not_picked":["Guardian:TimeCapacitor","Guardian:ChargeCore"],"picked":"Guardian:SentryBeam","floor":4.0},{"not_picked":["Guardian:Gem_Cyan","Guardian:Harden"],"picked":"Guardian:TemporalShield","floor":5.0},{"not_picked":["Guardian:PiercingHide","Guardian:RollAttack"],"picked":"Guardian:BaubleBeam","floor":8.0},{"not_picked":["Guardian:Recover","Guardian:Incinerate"],"picked":"Guardian:PiercingHide","floor":11.0},{"not_picked":["Guardian:Incinerate","Guardian:WalkerClaw"],"picked":"Guardian:BronzeArmor","floor":12.0},{"not_picked":["Guardian:TemporalStrike","Guardian:Gem_Cyan"],"picked":"Guardian:Repulse","floor":15.0},{"not_picked":["Guardian:RevengeProtocol","Guardian:GemFire"],"picked":"Guardian:StasisField","floor":16.0},{"not_picked":["Guardian:ChargeCore","Guardian:Recover"],"picked":"Guardian:ShieldSpikes","floor":19.0},{"not_picked":["Guardian:Harden","Guardian:ArmoredProtocol"],"picked":"Guardian:Gem_Lightblue","floor":21.0},{"not_picked":["Guardian:BodySlam","Guardian:WalkerClaw","Guardian:Gem_Lightblue"],"picked":"SKIP","floor":22.0},{"not_picked":["Guardian:PrimingBeam","Guardian:TimeBomb+1"],"picked":"Guardian:PrismaticBeam+1","floor":27.0},{"not_picked":["Guardian:EvasiveProtocol+1","Guardian:ChargeCore+1","Guardian:PrimingBeam"],"picked":"SKIP","floor":29.0},{"not_picked":["Guardian:PolyBeam","Guardian:PrismaticBeam","Guardian:CrystalBeam"],"picked":"SKIP","floor":31.0},{"not_picked":["Guardian:DonusPower","Guardian:BronzeArmor"],"picked":"Guardian:DecasProtection","floor":32.0},{"not_picked":["Guardian:HyperBeam_Guardian","Guardian:GemFinder"],"picked":"Guardian:GemFire","floor":33.0},{"not_picked":["Guardian:TimeBomb+1","Guardian:TemporalStrike+1","Guardian:Recover+1"],"picked":"SKIP","floor":36.0},{"not_picked":["Guardian:ShieldCharger+1","Guardian:Recover","Guardian:ChargeCore"],"picked":"SKIP","floor":37.0},{"not_picked":["Guardian:ShieldCharger+1","Guardian:Recover","Guardian:ChargeCore"],"picked":"SKIP","floor":37.0},{"not_picked":["Guardian:EvasiveProtocol","Guardian:VentSteam+1"],"picked":"Guardian:Gem_Yellow","floor":39.0},{"not_picked":["expansioncontent:Hexaburn","expansioncontent:HyperBeam"],"picked":"expansioncontent:Chronoboost","floor":42.0},{"not_picked":["Guardian:FierceBash","Guardian:TimeBomb"],"picked":"Guardian:BodySlam+1","floor":43.0},{"not_picked":["Guardian:ArmoredProtocol","Guardian:ShieldCharger"],"picked":"Guardian:Gem_Green","floor":45.0},{"not_picked":["Guardian:ArmoredProtocol+1","Guardian:Gem_White"],"picked":"Guardian:CrystalBeam+1","floor":46.0},{"not_picked":["Guardian:ShieldCharger","Guardian:GuardianWhirl","Guardian:ChargeCore"],"picked":"SKIP","floor":47.0},{"not_picked":["Guardian:Gem_Yellow","Guardian:TemporalStrike+1","Guardian:MultiBeam+1"],"picked":"SKIP","floor":48.0},{"not_picked":["Guardian:EvasiveProtocol","Guardian:TimeCapacitor+1","Guardian:Reroute+1"],"picked":"SKIP","floor":49.0},{"not_picked":["Guardian:CrystalBeam+1","Guardian:TemporalStrike","Guardian:RollAttack+1"],"picked":"SKIP","floor":52.0}],"player_experience":782788,"relics_obtained":[{"floor":7.0,"key":"Mercury Hourglass"},{"floor":11.0,"key":"Strawberry"},{"floor":21.0,"key":"Toy Ornithopter"},{"floor":24.0,"key":"Bottled Flame"},{"floor":31.0,"key":"Incense Burner"},{"floor":41.0,"key":"Regal Pillow"},{"floor":52.0,"key":"Guardian:PickAxe"}],"event_choices":[{"cards_removed":["downfall:Icky"],"damage_healed":0.0,"max_hp_gain":0.0,"max_hp_loss":0.0,"gold_gain":0.0,"event_name":"The Cleric","player_choice":"Card Removal","floor":14.0,"gold_loss":0.0,"damage_taken":0.0},{"damage_healed":0.0,"max_hp_gain":0.0,"max_hp_loss":0.0,"gold_gain":0.0,"event_name":"The Library","player_choice":"Read","floor":20.0,"gold_loss":0.0,"damage_taken":0.0,"cards_obtained":["Guardian:Gem_White"]},{"damage_healed":0.0,"max_hp_gain":0.0,"max_hp_loss":0.0,"gold_gain":0.0,"event_name":"Vampires","player_choice":"Ignored","floor":25.0,"gold_loss":0.0,"damage_taken":0.0},{"cards_removed":["Guardian:ShieldCharger"],"damage_healed":0.0,"max_hp_gain":0.0,"max_hp_loss":0.0,"gold_gain":0.0,"event_name":"Falling","player_choice":"Removed Skill","floor":38.0,"gold_loss":0.0,"damage_taken":0.0}],"is_beta":false,"boss_relics":[{"not_picked":["Runic Dome","Guardian:StasisSlotReductionRelic"],"picked":"Astrolabe"},{"not_picked":["Runic Pyramid","Fusion Hammer"],"picked":"SacredBark"}],"items_purged_floors":[53],"is_endless":false,"potions_floor_spawned":[5,15,19,27,32,33,36,37,43,48,52],"ascension_level":5}}