{"host":"clf2hd4adhiiw0zf","time":1613300362,"event":{"mods":["AchievementEnabler","BaseMod","Beaked The Cultist","Bestiary","Dark Map","Downfall","Gremlin Mod","Hermit","Jorbs\u0027s Wanderer Trilogy","Marisa????????","Minty Spire (QoL Compilation)","Shop Mod","StSLib","The Cursed","The Servant 0.9.4","Wide Potions"],"gold_per_floor":[99,99,99,99,99,130,153,53,84,102,2,19,48,66,79,153,153,153,167,184,204,204,529,529,529,529,543,543,578,185,210,227,306,306,306,320,320,338,355,355,382,282,282,308,323,335,335,335,335,335],"floor_reached":48,"language":"ENG","playtime":1906,"items_purged":[],"score":1078,"play_id":"c15ab9d4-21c4-4252-a049-d987fc0d5c4d","local_time":"20210214035922","is_ascension_mode":true,"campfire_choices":[{"floor":1.0,"key":"RECALL"},{"data":"champ:Execute","floor":8.0,"key":"SMITH"},{"floor":11.0,"key":"REST"},{"data":"champ:GladiatorStyle","floor":18.0,"key":"SMITH"},{"data":"champ:PerfectedStrike","floor":28.0,"key":"SMITH"},{"data":"Blasphemy","floor":35.0,"key":"SMITH"},{"data":"champ:GladiatorStyle","floor":42.0,"key":"SMITH"}],"circlet_count":0,"master_deck":["AscendersBane","champ:Strike","champ:Strike","champ:Strike","champ:Strike","champ:Defend","champ:Defend","champ:Defend","champ:Defend","champ:Execute+1","champ:Taunt","champ:CalledShot","champ:Execute","champ:IronFortress","champ:CheapShot","champ:Duel","champ:Circumvent","champ:ShieldWall","champ:PreciseThrust","champ:PerfectedStrike","champ:IronFortress","champ:GladiatorStyle+1","champ:VampiricStrike","champ:Endure","champ:FlashCut","champ:AdrenalArmor","champ:EnchantShield","champ:PerfectedStrike+1","champ:GladiatorStyle+1","expansioncontent:DashGenerateEvil","champ:HoldFirm","champ:HeavySlash","Blasphemy+1","champ:FlashCut+1","champ:TornadoPunch+1","expansioncontent:GuardianWhirl","Wraith","champ:GutPunch+1"],"relics":["champ:ChampionCrown","downfall:HeartsMalice","Akabeko","Bag of Marbles","downfall:HeartBlessingRed","Guardian:PocketSentry","downfall:HeartBlessingGreen","TungstenRod","Philosopher\u0027s Stone","Slimebound:PreparedRelic","Old Coin","Meat on the Bone","Calipers","bronze:DecasWashers","bronze:BronzeIdol","Regal Pillow","beaked:SacredDeck","downfall:HeartBlessingBlue","Toxic Egg 2"],"acts_visited":["Exordium","TheCity","TheBeyond"],"potions_floor_usage":[],"damage_taken":[{"damage":0.0,"enemies":"2 Louse","floor":2.0,"turns":1.0},{"damage":0.0,"enemies":"Cultist","floor":4.0,"turns":1.0},{"damage":0.0,"enemies":"Jaw Worm","floor":5.0,"turns":1.0},{"damage":103.0,"enemies":"Gremlin Nob","floor":6.0,"turns":7.0},{"damage":17.0,"enemies":"3 Sentries","floor":9.0,"turns":9.0},{"damage":10.0,"enemies":"Large Slime","floor":10.0,"turns":4.0},{"damage":0.0,"enemies":"Red Slaver","floor":12.0,"turns":4.0},{"damage":23.0,"enemies":"Lagavulin","floor":13.0,"turns":5.0},{"damage":9.0,"enemies":"Exordium Wildlife","floor":14.0,"turns":2.0},{"damage":9.0,"enemies":"3 Louse","floor":15.0,"turns":3.0},{"damage":36.0,"enemies":"DF_ARCHETYPE_STREAMLINE","floor":16.0,"turns":11.0},{"damage":6.0,"enemies":"Chosen","floor":19.0,"turns":4.0},{"damage":10.0,"enemies":"Snake Plant","floor":20.0,"turns":3.0},{"damage":9.0,"enemies":"Snecko","floor":21.0,"turns":4.0},{"damage":22.0,"enemies":"Book of Stabbing","floor":23.0,"turns":5.0},{"damage":9.0,"enemies":"Centurion and Healer","floor":27.0,"turns":3.0},{"damage":27.0,"enemies":"Gremlin Leader","floor":29.0,"turns":6.0},{"damage":9.0,"enemies":"downfall:FleeingMerchant","floor":30.0,"turns":5.0},{"damage":27.0,"enemies":"Slavers","floor":31.0,"turns":5.0},{"damage":17.0,"enemies":"Chosen and Byrds","floor":32.0,"turns":3.0},{"damage":27.0,"enemies":"SI_MIRROR_ARCHETYPE","floor":33.0,"turns":9.0},{"damage":0.0,"enemies":"3 Darklings","floor":36.0,"turns":1.0},{"damage":29.0,"enemies":"Orb Walker","floor":38.0,"turns":2.0},{"damage":16.0,"enemies":"Writhing Mass","floor":39.0,"turns":5.0},{"damage":0.0,"enemies":"Nemesis","floor":44.0,"turns":1.0},{"damage":42.0,"enemies":"Sphere and 2 Shapes","floor":45.0,"turns":5.0},{"damage":19.0,"enemies":"Jaw Worm Horde","floor":46.0,"turns":4.0},{"damage":100058,"enemies":"Giant Head","floor":48,"turns":8}],"seed_played":"946762335656560374","potions_obtained":[{"floor":6.0,"key":"Dexterity Potion"},{"floor":9.0,"key":"Guardian:BlockOnCardUsePotion"},{"floor":16.0,"key":"CultistPotion"},{"floor":33.0,"key":"Ancient Potion"},{"floor":36.0,"key":"Block Potion"},{"floor":46.0,"key":"champ:CounterPotion"},{"floor":47.0,"key":"Ancient Potion"}],"is_trial":false,"path_per_floor":["R","M","?","M","M","E","T","R","E","M","R","M","E","M","M","B",null,"R","M","M","M","?","E","T","?","?","M","R","E","$","E","M","B",null,"R","M","?","M","M","?","T","R","?","E","M","M","?","E"],"character_chosen":"THE_CHAMP","items_purchased":["bronze:BronzeIdol","champ:GladiatorStyle","expansioncontent:DashGenerateEvil"],"campfire_rested":1,"item_purchase_floors":[30,30,30],"current_hp_per_floor":[81,81,81,81,81,18,18,18,15,15,42,42,29,30,31,15,71,71,65,65,66,66,64,64,64,64,65,65,65,66,61,66,69,85,85,85,85,76,60,60,60,70,70,70,65,63,63,0,0,0],"gold":335,"neow_bonus":"THREE_ENEMY_KILL","is_daily":false,"chose_seed":false,"campfire_upgraded":5,"win_rate":0.0,"timestamp":1613300362,"path_taken":["R","M","?","M","?","E","T","R","E","M","R","M","E","?","M","BOSS","R","M","M","?","?","E","T","?","?","?","R","E","$","E","M","BOSS","R","M","?","M","M","?","T","R","?","E","M","?","?","E"],"items_purchased_type":["Relic","Card","Card"],"build_version":"2020-12-22","purchased_purges":0,"victory":false,"max_hp_per_floor":[90,90,90,90,90,90,90,90,90,90,90,90,90,90,90,90,90,90,90,90,90,90,90,90,90,90,90,90,90,90,90,90,90,90,90,90,90,90,90,90,90,100,100,100,100,100,100,100,100,100],"card_choices":[{"not_picked":["champ:CrownThrow","champ:AdrenalArmor"],"picked":"champ:CalledShot","floor":2.0},{"not_picked":["champ:CrownThrow","champ:PreciseThrust"],"picked":"champ:IronFortress","floor":4.0},{"not_picked":["champ:SkillfulDodge","champ:FocusedBerserking"],"picked":"champ:CheapShot","floor":5.0},{"not_picked":["champ:Circumvent","champ:StanceDance"],"picked":"champ:Duel","floor":6.0},{"not_picked":["champ:RecklessLeap","champ:SkillfulDodge"],"picked":"champ:Circumvent","floor":9.0},{"not_picked":["champ:AdrenalArmor","champ:Backstep"],"picked":"champ:ShieldWall","floor":10.0},{"not_picked":["champ:AdrenalArmor","champ:Encircle"],"picked":"champ:PreciseThrust","floor":12.0},{"not_picked":["champ:ShieldSigil","champ:RisingSlash"],"picked":"champ:PerfectedStrike","floor":13.0},{"not_picked":["champ:BerserkersShout","champ:EnGarde"],"picked":"champ:IronFortress","floor":14.0},{"not_picked":["champ:BringItOn","champ:StanceDance"],"picked":"champ:GladiatorStyle","floor":15.0},{"not_picked":["champ:HoldFirm","champ:DancingMaster"],"picked":"champ:VampiricStrike","floor":16.0},{"not_picked":["champ:EnGarde","champ:EndlessRage"],"picked":"champ:Endure","floor":19.0},{"not_picked":["champ:CalledShot","champ:Parry"],"picked":"champ:FlashCut","floor":20.0},{"not_picked":["champ:Endure","champ:DefensiveShout"],"picked":"champ:AdrenalArmor","floor":21.0},{"not_picked":["champ:FalseCounter","champ:CrownThrow"],"picked":"champ:EnchantShield","floor":23.0},{"not_picked":["champ:Backstep","champ:Shatter"],"picked":"champ:PerfectedStrike","floor":27.0},{"not_picked":["champ:DeathBlow","champ:CrookedStrike","champ:Shatter"],"picked":"SKIP","floor":29.0},{"not_picked":["champ:FalseCounter","champ:Parry+1","champ:Endure"],"picked":"SKIP","floor":30.0},{"not_picked":["champ:StanceDance","champ:CheapShot"],"picked":"champ:HoldFirm","floor":31.0},{"not_picked":["champ:AdrenalArmor","champ:DefensiveStyle","champ:Encircle"],"picked":"SKIP","floor":32.0},{"not_picked":["champ:DancingMaster","champ:EnchantShield"],"picked":"champ:HeavySlash","floor":33.0},{"not_picked":["champ:EnGarde","champ:Haymaker","champ:HeartStrike"],"picked":"SKIP","floor":36.0},{"not_picked":["champ:ShieldSlam","champ:FalseCounter+1"],"picked":"champ:FlashCut+1","floor":38.0},{"not_picked":["champ:BladeFlurry+1","champ:AdrenalArmor+1"],"picked":"champ:TornadoPunch+1","floor":39.0},{"not_picked":["expansioncontent:InvincibleStrength","expansioncontent:PolyBeam"],"picked":"expansioncontent:GuardianWhirl","floor":40.0},{"not_picked":["champ:RapidStrikes","champ:GutPunch","champ:Haymaker"],"picked":"SKIP","floor":44.0},{"not_picked":["champ:RapidStrikes","champ:GutPunch","champ:Haymaker"],"picked":"SKIP","floor":44.0},{"not_picked":["champ:AdrenalArmor+1","champ:DeathBlow"],"picked":"champ:GutPunch+1","floor":45.0},{"not_picked":["champ:BladeFlurry","champ:ShieldSigil+1","champ:BerserkersShout+1"],"picked":"SKIP","floor":46.0}],"player_experience":288570,"relics_obtained":[{"floor":6.0,"key":"Akabeko"},{"floor":7.0,"key":"Bag of Marbles"},{"floor":9.0,"key":"Guardian:PocketSentry"},{"floor":13.0,"key":"TungstenRod"},{"floor":23.0,"key":"Old Coin"},{"floor":24.0,"key":"Meat on the Bone"},{"floor":26.0,"key":"Calipers"},{"floor":29.0,"key":"bronze:DecasWashers"},{"floor":31.0,"key":"Regal Pillow"},{"floor":44.0,"key":"Toxic Egg 2"}],"event_choices":[{"damage_healed":0.0,"max_hp_gain":0.0,"max_hp_loss":0.0,"gold_gain":0.0,"event_name":"Wheel of Change","player_choice":"Relic","floor":26.0,"gold_loss":0.0,"damage_taken":0.0},{"damage_healed":0.0,"max_hp_gain":0.0,"max_hp_loss":0.0,"gold_gain":0.0,"event_name":"OrinTheCat","player_choice":"Ignored","floor":43.0,"gold_loss":0.0,"damage_taken":0.0},{"damage_healed":0.0,"max_hp_gain":0.0,"max_hp_loss":0.0,"gold_gain":0.0,"event_name":"Lab","player_choice":"Got Potions","floor":47.0,"gold_loss":0.0,"damage_taken":0.0}],"is_beta":false,"boss_relics":[{"not_picked":["Coffee Dripper","champ:PowerArmor"],"picked":"Philosopher\u0027s Stone"},{"not_picked":["beaked:MawFillet","SlaversCollar"],"picked":"beaked:SacredDeck"}],"items_purged_floors":[],"is_endless":false,"potions_floor_spawned":[6,9,13,16,23,29,33,36,46],"killed_by":"Giant Head","ascension_level":13}}