{"host":"lg1lbglystyxcosi","time":1613270293,"event":{"mods":["AchievementEnabler","BaseMod","Better Third Choice","BetterRewards","Colored Powertips","Minty Spire (QoL Compilation)","Quick Restart","Shop Mod","StSLib","¡¾ÒÅÎï¿¨ÅÆ¡¿REMEMod"],"gold_per_floor":[110,35,35,54,68,68,87,87,136,136,150,168,168,21,21,118,118,133,33,46,46,64,64,64,64],"floor_reached":24,"language":"ZHS","playtime":928,"items_purged":["Strike_G","Strike_G"],"score":244,"play_id":"de1f9361-6f53-4dfb-b93b-832f27917a24","local_time":"20210214103813","is_ascension_mode":true,"campfire_choices":[{"data":"MasterReality","floor":6.0,"key":"SMITH"},{"floor":8.0,"key":"REST"},{"data":"Infinite Blades","floor":10.0,"key":"SMITH"},{"floor":15.0,"key":"REST"},{"floor":23.0,"key":"REST"}],"circlet_count":0,"master_deck":["Strike_G","Strike_G","Strike_G","Defend_G","Defend_G","Defend_G","Defend_G","Survivor","Neutralize","MasterReality+1","Accuracy","REME_BattleFury+1","Infinite Blades+1","Blade Dance","Quick Slash","Flying Knee","Cloak And Dagger","Phantasmal Killer","REME_CopyPotion"],"relics":["Ring of the Snake","REME_ComplimentaryCards","Pocketwatch","Blood Vial","Black Star"],"acts_visited":["Exordium","TheCity"],"potions_floor_usage":[24],"damage_taken":[{"damage":2.0,"enemies":"Jaw Worm","floor":1.0,"turns":3.0},{"damage":0.0,"enemies":"Cultist","floor":4.0,"turns":4.0},{"damage":0.0,"enemies":"2 Louse","floor":5.0,"turns":2.0},{"damage":18.0,"enemies":"Exordium Thugs","floor":7.0,"turns":3.0},{"damage":15.0,"enemies":"3 Louse","floor":11.0,"turns":3.0},{"damage":6.0,"enemies":"Looter","floor":12.0,"turns":3.0},{"damage":33.0,"enemies":"The Guardian","floor":16.0,"turns":8.0},{"damage":12.0,"enemies":"3 Byrds","floor":18.0,"turns":5.0},{"damage":2.0,"enemies":"Chosen","floor":20.0,"turns":4.0},{"damage":23.0,"enemies":"Snake Plant","floor":22.0,"turns":5.0},{"damage":51,"enemies":"Book of Stabbing","floor":24,"turns":5}],"seed_played":"8373305680163738441","potions_obtained":[{"floor":1.0,"key":"FearPotion"},{"floor":20.0,"key":"SpeedPotion"}],"is_trial":false,"path_per_floor":["M","$","?","M","M","R","M","R","T","R","M","M","?","$","R","B",null,"M","$","M","?","M","R","E"],"character_chosen":"THE_SILENT","items_purchased":["Accuracy","REME_BattleFury","Infinite Blades","Phantasmal Killer"],"campfire_rested":3,"item_purchase_floors":[0,0,0,14],"current_hp_per_floor":[47,47,47,47,47,47,29,50,50,50,37,33,33,33,54,23,58,48,48,48,48,27,48,0,0],"gold":64,"neow_bonus":"","is_daily":false,"chose_seed":false,"campfire_upgraded":2,"win_rate":0.0,"timestamp":1613270293,"path_taken":["M","$","?","?","M","R","M","R","T","R","M","M","?","?","R","BOSS","M","$","M","?","M","R","E"],"items_purchased_type":["Card","Card","Card","Card"],"build_version":"2020-12-22","purchased_purges":2,"victory":false,"max_hp_per_floor":[70,70,70,70,70,70,70,70,70,70,70,70,70,70,70,70,70,70,70,70,70,70,70,70,70],"card_choices":[{"not_picked":["Poisoned Stab","Sucker Punch"],"picked":"Blade Dance","floor":1.0},{"not_picked":["Glass Knife","REME_ShadowStrike"],"picked":"Quick Slash","floor":4.0},{"not_picked":["Dagger Throw","Flechettes","Riddle With Holes"],"picked":"SKIP","floor":5.0},{"not_picked":["PiercingWail","Sucker Punch"],"picked":"Flying Knee","floor":7.0},{"not_picked":["Slice","Dodge and Roll","Endless Agony"],"picked":"SKIP","floor":11.0},{"not_picked":["Slice","Underhanded Strike"],"picked":"Cloak And Dagger","floor":12.0},{"not_picked":["Night Terror","Phantasmal Killer"],"picked":"REME_CopyPotion","floor":16.0},{"not_picked":["Infinite Blades","PiercingWail","Underhanded Strike"],"picked":"SKIP","floor":18.0},{"not_picked":["All Out Attack+1","Slice","Outmaneuver"],"picked":"SKIP","floor":20.0},{"not_picked":["Blade Dance","Sucker Punch","Escape Plan+1"],"picked":"SKIP","floor":22.0}],"player_experience":133532,"relics_obtained":[{"floor":9.0,"key":"Blood Vial"}],"event_choices":[{"damage_healed":0.0,"max_hp_gain":0.0,"max_hp_loss":0.0,"gold_gain":0.0,"event_name":"Upgrade Shrine","player_choice":"Upgraded","floor":3.0,"gold_loss":0.0,"damage_taken":0.0,"cards_upgraded":["REME_BattleFury"]},{"cards_removed":["Defend_G"],"damage_healed":0.0,"max_hp_gain":0.0,"max_hp_loss":0.0,"gold_gain":0.0,"event_name":"Living Wall","player_choice":"Forget","floor":13.0,"gold_loss":0.0,"damage_taken":0.0},{"damage_healed":0.0,"max_hp_gain":0.0,"max_hp_loss":0.0,"gold_gain":0.0,"event_name":"Vampires","player_choice":"Ignored","floor":21.0,"gold_loss":0.0,"damage_taken":0.0}],"is_beta":false,"boss_relics":[{"not_picked":["Calling Bell","Velvet Choker"],"picked":"Black Star"}],"items_purged_floors":[2,19],"is_endless":false,"potions_floor_spawned":[1,20],"killed_by":"Book of Stabbing","ascension_level":6}}