{"host":"1wqvkeuqk47laf9u","time":1613336762,"event":{"mods":["100% Spire Juice","Act Like it!","BaseMod","Colored Map","Colored Powertips","Decade(王小明)","Gensokyo","GifTheSpireLib","Hallownest","Koishi","Marisa（F雨　魔理沙）","Minty Spire (QoL Compilation)","Reimu（博丽灵梦）","Reliquary","Remilia（蕾米莉亚）","Replay The Spire","SOS（斯巴达之子）","StSLib","The Administrix","The Animator","The Cursed","The Poker Player","The Servant 0.9.4","UnlockEverythingMod","Yakumo Yukari mod","Youmu（魂魄妖梦）","Yuyuko","[GremlinLeader]The Maniac","【遗物卡牌】REMEMod"],"gold_per_floor":[115,14,14,26,26,26,26,26,26,38,38,38,80,1,1,102,102,115,129,141,155,35,35,48,48,48,72,72,72,72,72],"floor_reached":30,"language":"ZHS","playtime":1491,"items_purged":[],"score":222,"play_id":"7989db09-6c71-4dd0-a663-db56bf560fd8","local_time":"20210215050602","is_ascension_mode":false,"campfire_choices":[{"data":"Moonworks:StarBlastingFuse","floor":8,"key":"SMITH"},{"data":"Moonworks:TreasureThief","floor":12,"key":"SMITH"},{"floor":23,"key":"REST"},{"floor":25,"key":"REST"},{"data":"Moonworks:WeAreWaruda","floor":28,"key":"SMITH"}],"circlet_count":0,"master_deck":["Moonworks:Strike","Moonworks:Strike","Moonworks:Defend","Moonworks:Defend","Moonworks:Defend","Moonworks:Ambush","Moonworks:LongDistanceShot","Moonworks:BindingChains","SuperhumanBloodyKnife","Moonworks:TreasureThief+1","Moonworks:SakisCookie","Moonworks:ScrambledEve","Moonworks:LuckyCharm+1","Moonworks:StarBlastingFuse+1","Moonworks:ForcedRevival","Moonworks:RedAndBlue","Moonworks:WeAreWaruda+1","Moonworks:Wanted","Moonworks:Heat300Percent"],"relics":["Moonworks:BrokenBomb","Moonworks:Homemark","REME_ComplimentaryCards","Gensokyo:PortableGap","Bottled Lightning","reliquary:Craggleroot","CeramicFish"],"acts_visited":["Gensokyo:Gensokyo","Gensokyo:Gensokyoer"],"potions_floor_usage":[13,15,19,21,21,24,30],"damage_taken":[{"damage":5,"enemies":"Gensokyo:2_Kodama","floor":1,"turns":5},{"damage":1,"enemies":"Gensokyo:Python","floor":2,"turns":3},{"damage":0,"enemies":"Gensokyo:3_Fairies","floor":4,"turns":4},{"damage":0,"enemies":"Gensokyo:VengefulSpirit","floor":10,"turns":2},{"damage":5,"enemies":"Gensokyo:Python_and_Kodama","floor":13,"turns":3},{"damage":10,"enemies":"Gensokyo:Reimu","floor":16,"turns":5},{"damage":7,"enemies":"Gensokyo:Chomper","floor":18,"turns":4},{"damage":8,"enemies":"Gensokyo:AngelMirror","floor":19,"turns":2},{"damage":20,"enemies":"Gensokyo:Chomper_and_Gloop","floor":20,"turns":6},{"damage":19,"enemies":"Gensokyo:Swordslinger","floor":21,"turns":4},{"damage":17,"enemies":"Gensokyo:Slime_Group","floor":24,"turns":5},{"damage":0,"enemies":"Gensokyo:Chomper_and_Gloop","floor":27,"turns":4},{"damage":42,"enemies":"Gensokyo:Swordslinger","floor":30,"turns":2}],"seed_played":"318178524451430750","potions_obtained":[{"floor":4,"key":"Energy Potion"},{"floor":10,"key":"REME_GoldPotion"},{"floor":15,"key":"Fruit Juice"},{"floor":15,"key":"Fire Potion"},{"floor":16,"key":"Languid Potion"},{"floor":19,"key":"EssenceOfSteel"},{"floor":24,"key":"Weak Potion"},{"floor":27,"key":"Fire Potion"}],"is_trial":false,"path_per_floor":["M","M","?","M","?","?","?","R","T","M","?","R","M","$","R_BF","B",null,"M","M","M","M","?","R","M","R","T","M","R","?","M"],"character_chosen":"THE_STARBREAKER","items_purchased":["Moonworks:WeAreWaruda"],"campfire_rested":2,"item_purchase_floors":[14],"current_hp_per_floor":[55,54,60,62,60,60,60,60,60,60,60,60,55,55,60,55,65,58,50,32,15,15,34,17,36,36,41,41,41,0,0],"gold":72,"neow_bonus":"TRANSFORM_CARD","is_daily":false,"chose_seed":false,"campfire_upgraded":3,"win_rate":0.0,"timestamp":1613336762,"path_taken":["M","M","?","M","?","?","?","R","T","?","?","R","M","?","R_BF","BOSS","M","M","M","M","?","R","M","R","T","?","R","?","M"],"items_purchased_type":["Card"],"build_version":"2020-12-22","purchased_purges":0,"victory":false,"max_hp_per_floor":[60,60,66,66,60,60,60,60,60,60,60,60,60,60,65,65,65,65,65,65,65,65,65,65,65,65,65,65,65,65,65],"card_choices":[{"not_picked":["Moonworks:Assault","Moonworks:CloudOfSeagulls"],"picked":"Moonworks:TreasureThief","floor":1},{"not_picked":["Moonworks:CloudOfSeagulls","Moonworks:EvilSpyWorkPreparation"],"picked":"Moonworks:SakisCookie","floor":2},{"not_picked":["Moonworks:Assault","Moonworks:NicePresent"],"picked":"Moonworks:ScrambledEve","floor":4},{"not_picked":["Moonworks:TreasureThief","Moonworks:DeployBits"],"picked":"Moonworks:LuckyCharm","floor":7},{"not_picked":["Moonworks:Poppoformation","Moonworks:ForcedRevival"],"picked":"Moonworks:StarBlastingFuse","floor":7},{"not_picked":["Moonworks:LulusLuckyEgg","Moonworks:Dash"],"picked":"Moonworks:ForcedRevival","floor":10},{"not_picked":["Moonworks:BindingChains","Moonworks:NicePresent"],"picked":"Moonworks:RedAndBlue","floor":13},{"not_picked":["Moonworks:FinalBattle","Moonworks:MetallicMonocoque"],"picked":"Moonworks:Wanted","floor":16},{"not_picked":["Moonworks:IntelligenceOfficer","Moonworks:CastOff","Moonworks:DevilHand+1"],"picked":"SKIP","floor":18},{"not_picked":["Moonworks:EvilSpyWorkPreparation","Moonworks:DeployBits","Moonworks:LulusLuckyEgg"],"picked":"SKIP","floor":19},{"not_picked":["Moonworks:x16BigRocket","Moonworks:BigMagnum+1","Moonworks:ImOnFire+1"],"picked":"SKIP","floor":20},{"not_picked":["Moonworks:Assault+1","Moonworks:SakisCookie","Moonworks:CloudOfSeagulls+1"],"picked":"SKIP","floor":21},{"not_picked":["Moonworks:CloudOfSeagulls+1","Moonworks:EvilSpyWorkPreparation","Moonworks:SakisCookie"],"picked":"SKIP","floor":24},{"not_picked":["Moonworks:Bloodlust","Moonworks:CloudOfSeagulls"],"picked":"Moonworks:Heat300Percent","floor":27}],"player_experience":78724,"relics_obtained":[{"floor":9,"key":"Bottled Lightning"},{"floor":26,"key":"CeramicFish"}],"event_choices":[],"is_beta":false,"boss_relics":[{"not_picked":["SacredBark","Replay:Grab Bag"],"picked":"reliquary:Craggleroot"}],"items_purged_floors":[],"is_endless":false,"potions_floor_spawned":[4,10,16,19,20,24,27],"killed_by":"Gensokyo:Swordslinger","ascension_level":0}}