{"host":"d5i1qeb9dejicw1z","time":1613287184,"event":{"mods":["AchievementEnabler","BaseMod","Better Note","BetterRewards","Evolution","Gold Saver","Minty Spire (QoL Compilation)","Permanent Neow","Relic Filter Mod","Reliquary","StSLib"],"gold_per_floor":[871,871,871,889,889,889,905,830,857,857,873,883,883,896,896,997,997,1011,1037,686,686,686,686,697,730,730,744,744,540,557,576,576,679,679,689,689,138,138,187,187,215,215,241,126,126,141,151,163,163,163],"floor_reached":51,"language":"ENG","playtime":1416,"items_purged":["Bash","Defend_R","Defend_R"],"score":1084,"play_id":"45e38fc1-e96e-4b72-9540-dd6a17607aaa","local_time":"20210213231944","is_ascension_mode":true,"campfire_choices":[{"data":"Cleave","floor":6,"key":"SMITH"},{"data":"Inflame","floor":10,"key":"SMITH"},{"data":"Cleave","floor":13,"key":"SMITH"},{"data":"Metallicize","floor":15,"key":"SMITH"},{"data":"Good Instincts","floor":23,"key":"SMITH"},{"floor":28,"key":"REST"},{"data":"Defend_R","floor":32,"key":"SMITH"},{"floor":40,"key":"REST"},{"floor":49,"key":"REST"}],"circlet_count":0,"master_deck":["AscendersBane","Cleave+1","Cleave+1","Cleave+1","Cleave+1","Defend_R+1","Inflame+1","Metallicize+1","Metallicize+1","Good Instincts+1","Echo Form+1","Battle Trance+1","Spot Weakness+1","Barricade","Panache","Ghostly Armor","Madness","Madness","Thunderclap+1"],"relics":["Black Blood","EVO:Axolotl","reliquary:Knoch","Empty Cage","Lantern","DollysMirror","Peace Pipe","Mummified Hand","PreservedInsect","Shuriken","Orrery","Eternal Feather","Turnip","Bottled Lightning"],"acts_visited":["Exordium","TheCity","TheBeyond"],"potions_floor_usage":[16,16,24,33,33,39,50,50],"damage_taken":[{"damage":0,"enemies":"2 Louse","floor":1,"turns":1},{"damage":0,"enemies":"Small Slimes","floor":4,"turns":2},{"damage":0,"enemies":"Cultist","floor":7,"turns":3},{"damage":4,"enemies":"Red Slaver","floor":11,"turns":3},{"damage":13,"enemies":"3 Louse","floor":12,"turns":2},{"damage":0,"enemies":"Large Slime","floor":14,"turns":3},{"damage":22,"enemies":"The Guardian","floor":16,"turns":10},{"damage":13,"enemies":"Chosen","floor":18,"turns":4},{"damage":0,"enemies":"Spheric Guardian","floor":24,"turns":3},{"damage":44,"enemies":"Slavers","floor":25,"turns":5},{"damage":6,"enemies":"Snecko","floor":27,"turns":5},{"damage":0,"enemies":"3 Cultists","floor":30,"turns":2},{"damage":0,"enemies":"Centurion and Healer","floor":31,"turns":3},{"damage":18,"enemies":"Champ","floor":33,"turns":10},{"damage":11,"enemies":"3 Darklings","floor":35,"turns":2},{"damage":32,"enemies":"2 Orb Walkers","floor":39,"turns":3},{"damage":10,"enemies":"Giant Head","floor":41,"turns":6},{"damage":7,"enemies":"3 Shapes","floor":46,"turns":2},{"damage":10,"enemies":"Jaw Worm Horde","floor":47,"turns":3},{"damage":35,"enemies":"4 Shapes","floor":48,"turns":4},{"damage":70,"enemies":"Donu and Deca","floor":50,"turns":8}],"seed_played":"8615229380591998235","potions_obtained":[{"floor":7,"key":"Strength Potion"},{"floor":11,"key":"CultistPotion"},{"floor":16,"key":"DistilledChaos"},{"floor":25,"key":"AttackPotion"},{"floor":33,"key":"PowerPotion"},{"floor":39,"key":"Ancient Potion"}],"is_trial":false,"path_per_floor":["M","?","?","M","?","R","M","$","T","R","M","M","R","M","R","B",null,"M","T","$","?","?","R","M","E","T","M","R","$","M","M","R","B",null,"M","?","$","T","?","R","E","?","T","$","?","M","M","M","R","B",null],"character_chosen":"IRONCLAD","items_purchased":["DollysMirror","Good Instincts","DuplicationPotion","PreservedInsect","Shuriken","Orrery","Ghostly Armor","PowerPotion"],"campfire_rested":3,"item_purchase_floors":[20,20,29,37,37,37,44,44],"current_hp_per_floor":[78,78,78,80,80,80,80,80,80,80,80,73,73,79,79,63,76,69,69,69,69,69,69,75,37,37,37,61,61,67,73,73,61,75,76,76,76,76,56,80,80,80,80,80,70,75,77,54,80,22],"gold":163,"neow_bonus":"HUNDRED_GOLD","is_daily":false,"chose_seed":false,"campfire_upgraded":6,"win_rate":0.0,"timestamp":1613287184,"path_taken":["M","?","?","M","?","R","?","$","T","R","M","M","R","M","R","BOSS","M","?","$","?","?","R","?","E","T","M","R","?","M","M","R","BOSS","M","?","$","?","?","R","E","?","T","$","?","M","M","?","R","BOSS"],"items_purchased_type":["Relic","Card","Potion","Relic","Relic","Relic","Card","Potion"],"build_version":"2020-12-22","purchased_purges":3,"victory":true,"max_hp_per_floor":[80,80,80,80,80,80,80,80,80,80,80,80,80,80,80,80,80,80,80,80,80,80,80,80,80,80,80,80,80,80,80,80,80,80,80,80,80,80,80,80,80,80,80,80,80,80,80,80,80,80],"card_choices":[{"not_picked":["Iron Wave","Disarm","Twin Strike"],"picked":"SKIP","floor":1},{"not_picked":["Clash","Combust","Pommel Strike"],"picked":"SKIP","floor":4},{"not_picked":["Shockwave","Clothesline"],"picked":"Inflame","floor":7},{"not_picked":["Second Wind","Corruption"],"picked":"Metallicize","floor":11},{"not_picked":["Body Slam","Ghostly Armor","Wild Strike"],"picked":"SKIP","floor":12},{"not_picked":["Pummel","Clash","Wild Strike"],"picked":"SKIP","floor":14},{"not_picked":["Body Slam+1","Seeing Red","Wild Strike"],"picked":"SKIP","floor":18},{"not_picked":["Armaments","Cleave","Headbutt"],"picked":"SKIP","floor":24},{"not_picked":["Wild Strike","Feel No Pain","Headbutt"],"picked":"SKIP","floor":25},{"not_picked":["Body Slam+1","Pommel Strike"],"picked":"Battle Trance+1","floor":27},{"not_picked":["Juggernaut","Heavy Blade","Havoc"],"picked":"SKIP","floor":30},{"not_picked":["Warcry","Heavy Blade","Headbutt"],"picked":"SKIP","floor":31},{"not_picked":["Heavy Blade","Havoc+1","Battle Trance"],"picked":"SKIP","floor":35},{"not_picked":["Armaments","Bloodletting+1"],"picked":"Spot Weakness+1","floor":37},{"not_picked":["Burning Pact","Thunderclap+1"],"picked":"Barricade","floor":41},{"not_picked":["Secret Technique","Discovery"],"picked":"Panache","floor":42},{"not_picked":["Sever Soul+1","Infernal Blade+1","Flex+1"],"picked":"SKIP","floor":46},{"not_picked":["Warcry+1","Fire Breathing"],"picked":"Thunderclap+1","floor":47},{"not_picked":["Heavy Blade","Bloodletting+1","Pummel"],"picked":"SKIP","floor":48}],"player_experience":1239576,"relics_obtained":[{"floor":9,"key":"reliquary:Knoch"},{"floor":19,"key":"Lantern"},{"floor":25,"key":"Peace Pipe"},{"floor":26,"key":"Mummified Hand"},{"floor":38,"key":"Eternal Feather"},{"floor":39,"key":"Turnip"},{"floor":41,"key":"Bottled Lightning"},{"floor":43,"key":"reliquary:FerryPass"}],"event_choices":[{"damage_healed":0,"gold_gain":0,"player_choice":"Grow","damage_taken":0,"max_hp_gain":0,"max_hp_loss":0,"event_name":"Living Wall","floor":2,"gold_loss":0,"cards_upgraded":["Cleave"]},{"damage_healed":0,"gold_gain":0,"player_choice":"Ignored","damage_taken":0,"max_hp_gain":0,"max_hp_loss":0,"event_name":"Liars Game","floor":3,"gold_loss":0},{"damage_healed":0,"gold_gain":0,"player_choice":"Upgraded","damage_taken":0,"max_hp_gain":0,"max_hp_loss":0,"event_name":"Upgrade Shrine","floor":5,"gold_loss":0,"cards_upgraded":["Cleave"]},{"cards_removed":["Echo Form"],"damage_healed":0,"gold_gain":0,"player_choice":"Take \u0026 Give","damage_taken":0,"max_hp_gain":0,"max_hp_loss":0,"event_name":"betterNote:BetterNote","floor":21,"gold_loss":0,"cards_obtained":["Echo Form"]},{"damage_healed":0,"gold_gain":0,"player_choice":"Ignored","damage_taken":0,"max_hp_gain":0,"max_hp_loss":0,"event_name":"Transmorgrifier","floor":22,"gold_loss":0},{"damage_healed":0,"gold_gain":0,"player_choice":"Bought 0 Potions","damage_taken":0,"max_hp_gain":0,"max_hp_loss":0,"event_name":"The Woman in Blue","floor":36,"gold_loss":0},{"damage_healed":0,"gold_gain":0,"player_choice":"Fight","damage_taken":0,"max_hp_gain":0,"max_hp_loss":0,"event_name":"Mysterious Sphere","floor":39,"gold_loss":0},{"damage_healed":0,"gold_gain":0,"player_choice":"Memory 1","damage_taken":0,"max_hp_gain":0,"max_hp_loss":0,"event_name":"SensoryStone","floor":42,"gold_loss":0},{"damage_healed":0,"gold_gain":0,"player_choice":"Embrace Madness","damage_taken":10,"max_hp_gain":0,"max_hp_loss":0,"event_name":"Winding Halls","floor":45,"gold_loss":0,"cards_obtained":["Madness","Madness"]}],"is_beta":false,"boss_relics":[{"not_picked":["Coffee Dripper","Busted Crown"],"picked":"Empty Cage"},{"not_picked":["reliquary:Craggleroot","reliquary:WritOfMandamus"],"picked":"Black Blood"}],"items_purged_floors":[8,20,29],"is_endless":false,"potions_floor_spawned":[7,11,14,16,25,30,31,33,39,48],"ascension_level":11}}