{"host":"32dedufnxebqtmo3","time":1613346681,"event":{"mods":["AchievementEnabler","BaseMod","Better Third Choice","Card Filter","Colored Powertips","Defuse TimeMaze Blight","GifTheSpireLib","Minty Spire (QoL Compilation)","Permanent Neow","Relic Filter","Relic Stats","Remove Card Discount Mod","Shop Mod","StSLib","The Cursed","The Marked","Unceasing Turn Reminder"],"gold_per_floor":[112,112,139,155,65,97,97,112,167,200,200,225,237,257,257,357,357,377,389,389,407,407,434,434,469,494,494,188,198,47,58,58,162,162,194,222,234,256,2,31,31,43,43,43,43,75,75,95,95,95,95,95,14,42,42],"floor_reached":56,"language":"ENG","playtime":4330,"items_purged":["theMarked:Strike","theMarked:Strike","theMarked:Defend","theMarked:Strike","theMarked:Strike","theMarked:Strike","theMarked:Defend","theMarked:Defend","Writhe","theMarked:Defend"],"score":1290,"play_id":"ddf41b54-5415-496c-b45c-651188fa2dfc","local_time":"20210214155121","is_ascension_mode":false,"campfire_choices":[{"data":"theMarked:EmpowerWeapon","floor":7,"key":"SMITH"},{"data":"theMarked:WardOff","floor":15,"key":"SMITH"},{"data":"theMarked:RepellingDischarge","floor":27,"key":"SMITH"},{"data":"theMarked:Standoff","floor":32,"key":"SMITH"},{"data":"Mayhem","floor":41,"key":"SMITH"},{"floor":44,"key":"RECALL"},{"data":"theMarked:OneWithTheBlade","floor":47,"key":"SMITH"},{"floor":49,"key":"REST"},{"floor":52,"key":"REST"}],"circlet_count":0,"master_deck":["theMarked:SoldierOfQuellstein+1","theMarked:OneWithTheBlade+1","theMarked:RepellingDischarge+1","theMarked:EmpowerWeapon+1","theMarked:WardOff+1","theMarked:RogueSparks+1","theMarked:WardOff+1","theMarked:Improvise+1","theMarked:RepellingDischarge+1","theMarked:WardOff+1","theMarked:Levitate+1","theMarked:RepellingDischarge+1","theMarked:EmpowerWeapon+1","Deep Breath+1","theMarked:Standoff+1","theMarked:BiggerThanFate+1","CurseOfTheBell","theMarked:Determination+1","Mayhem+1","theMarked:RogueSparks+1","theMarked:Levitate+1","theMarked:WardOff+1","theMarked:Toughness"],"relics":["theMarked:ArtifactOfAir","Bronze Scales","PreservedInsect","Toxic Egg 2","Blood Vial","Centennial Puzzle","Lantern","theMarked:SpiritSword","Juzu Bracelet","theMarked:VonisonLock","Dream Catcher","Vajra","Pen Nib","Membership Card","Calling Bell","MawBank","Molten Egg 2","Gambling Chip","Anchor","Potion Belt","Toy Ornithopter","White Beast Statue","Whetstone"],"acts_visited":["Exordium","TheCity","TheBeyond","TheEnding"],"potions_floor_usage":[33,33,40,40,50,55,55,55,55],"damage_taken":[{"damage":1,"enemies":"Cultist","floor":1,"turns":4},{"damage":6,"enemies":"Jaw Worm","floor":4,"turns":2},{"damage":2,"enemies":"Lagavulin","floor":6,"turns":6},{"damage":0,"enemies":"2 Louse","floor":8,"turns":1},{"damage":7,"enemies":"3 Sentries","floor":10,"turns":7},{"damage":8,"enemies":"Gremlin Nob","floor":12,"turns":3},{"damage":0,"enemies":"2 Fungi Beasts","floor":13,"turns":2},{"damage":1,"enemies":"Gremlin Gang","floor":14,"turns":4},{"damage":16,"enemies":"Hexaghost","floor":16,"turns":10},{"damage":0,"enemies":"2 Thieves","floor":18,"turns":3},{"damage":0,"enemies":"3 Byrds","floor":19,"turns":2},{"damage":0,"enemies":"Snake Plant","floor":21,"turns":4},{"damage":17,"enemies":"Slavers","floor":23,"turns":3},{"damage":0,"enemies":"Gremlin Leader","floor":25,"turns":5},{"damage":0,"enemies":"Centurion and Healer","floor":29,"turns":4},{"damage":4,"enemies":"Snecko","floor":31,"turns":3},{"damage":2,"enemies":"Collector","floor":33,"turns":5},{"damage":0,"enemies":"3 Shapes","floor":35,"turns":4},{"damage":6,"enemies":"3 Darklings","floor":36,"turns":3},{"damage":0,"enemies":"Maw","floor":38,"turns":5},{"damage":4,"enemies":"Nemesis","floor":40,"turns":5},{"damage":0,"enemies":"4 Shapes","floor":42,"turns":4},{"damage":0,"enemies":"Giant Head","floor":46,"turns":4},{"damage":0,"enemies":"3 Darklings","floor":48,"turns":2},{"damage":2,"enemies":"Awakened One","floor":50,"turns":7},{"damage":19,"enemies":"Shield and Spear","floor":54,"turns":4},{"damage":33,"enemies":"The Heart","floor":55,"turns":8}],"seed_played":"8886397042201160987","potions_obtained":[{"floor":1,"key":"SteroidPotion"},{"floor":6,"key":"theMarked:ChargePotion"},{"floor":8,"key":"DuplicationPotion"},{"floor":10,"key":"DuplicationPotion"},{"floor":21,"key":"GamblersBrew"},{"floor":33,"key":"FearPotion"},{"floor":35,"key":"SpeedPotion"},{"floor":36,"key":"GamblersBrew"},{"floor":37,"key":"Block Potion"},{"floor":37,"key":"PowerPotion"},{"floor":42,"key":"Fire Potion"},{"floor":46,"key":"Dexterity Potion"},{"floor":48,"key":"ColorlessPotion"},{"floor":54,"key":"SkillPotion"}],"is_trial":false,"path_per_floor":["M","?","T","M","$","E","R","M","T","E","?","E","M","M","R","B",null,"M","M","?","M","?","E","?","E","T","R","$","M","$","M","R","B",null,"M","M","?","M","$","E","R","M","T","R","?","E","R","M","R","B",null,"R","$","E","B",null],"character_chosen":"THE_DEFAULT","items_purchased":["theMarked:EmpowerWeapon","theMarked:WardOff","theMarked:EmpowerWeapon+1","Pen Nib","Deep Breath+1","Membership Card","theMarked:RogueSparks","Anchor","Potion Belt","Mayhem","theMarked:Toughness"],"campfire_rested":2,"item_purchase_floors":[5,5,28,28,28,30,39,39,39,39,53],"current_hp_per_floor":[69,66,66,60,60,58,58,58,58,53,53,47,49,50,50,36,70,70,70,70,70,64,49,49,51,51,51,51,53,53,51,51,51,70,70,64,64,66,66,64,64,66,66,66,66,68,68,70,70,68,70,70,70,51,37],"gold":42,"neow_bonus":"UPGRADE_CARD","is_daily":false,"chose_seed":false,"campfire_upgraded":6,"win_rate":0.0,"timestamp":1613346681,"path_taken":["M","?","?","M","$","E","R","M","T","E","?","E","M","M","R","BOSS","M","M","?","M","?","E","?","E","T","R","$","M","$","M","R","BOSS","M","M","?","M","$","E","R","M","T","R","?","E","R","M","R","BOSS","R","$","E","BOSS"],"items_purchased_type":["Card","Card","Card","Relic","Card","Relic","Card","Relic","Relic","Card","Card"],"build_version":"2020-12-22","purchased_purges":10,"victory":true,"max_hp_per_floor":[70,70,70,70,70,70,70,70,70,70,70,70,70,70,70,70,70,70,70,70,70,70,70,70,70,70,70,70,70,70,70,70,70,70,70,70,70,70,70,70,70,70,70,70,70,70,70,70,70,70,70,70,70,70,70],"relic_stats":{"counters":[27,114],"PreservedInsect":411,"Pen Nib":[11],"Juzu Bracelet":2,"Whetstone":[],"MawBank":60,"Blood Vial":32,"Centennial Puzzle":[33],"Dream Catcher":2,"Bronze Scales":[423],"Gambling Chip":[17],"obtain_stats":[{"Potion Belt":39,"Lantern":12,"Vajra":26,"PreservedInsect":3,"theMarked:SpiritSword":17,"Pen Nib":28,"Juzu Bracelet":23,"Whetstone":54,"MawBank":34,"White Beast Statue":46,"Blood Vial":9,"Calling Bell":34,"theMarked:ArtifactOfAir":0,"Centennial Puzzle":10,"Dream Catcher":25,"Anchor":39,"Bronze Scales":2,"Gambling Chip":34,"Molten Egg 2":34,"theMarked:VonisonLock":24,"Membership Card":30,"Toxic Egg 2":6,"Toy Ornithopter":40},{"Potion Belt":20,"Lantern":6,"Vajra":14,"PreservedInsect":1,"theMarked:SpiritSword":9,"Pen Nib":14,"Juzu Bracelet":13,"Whetstone":26,"MawBank":17,"White Beast Statue":23,"Blood Vial":4,"Calling Bell":17,"theMarked:ArtifactOfAir":0,"Centennial Puzzle":5,"Dream Catcher":14,"Anchor":20,"Bronze Scales":1,"Gambling Chip":17,"Molten Egg 2":17,"theMarked:VonisonLock":13,"Membership Card":15,"Toxic Egg 2":3,"Toy Ornithopter":21},{"Potion Belt":80,"Lantern":23,"Vajra":56,"PreservedInsect":4,"theMarked:SpiritSword":39,"Pen Nib":56,"Juzu Bracelet":51,"Whetstone":106,"MawBank":68,"White Beast Statue":93,"Blood Vial":13,"Calling Bell":68,"theMarked:ArtifactOfAir":0,"Centennial Puzzle":20,"Dream Catcher":56,"Anchor":80,"Bronze Scales":4,"Gambling Chip":68,"Molten Egg 2":68,"theMarked:VonisonLock":51,"Membership Card":60,"Toxic Egg 2":12,"Toy Ornithopter":85}],"Toy Ornithopter":17},"card_choices":[{"not_picked":["theMarked:Panic","theMarked:TunnelVision"],"picked":"theMarked:OneWithTheBlade","floor":1},{"not_picked":["theMarked:KeepCalmAndFight","theMarked:TunnelVision"],"picked":"theMarked:RepellingDischarge","floor":4},{"not_picked":["theMarked:KeepCalmAndFight","theMarked:Vacuum"],"picked":"theMarked:RogueSparks","floor":6},{"not_picked":["theMarked:ElectricStrings","theMarked:TwofoldDefense+1"],"picked":"theMarked:WardOff+1","floor":8},{"not_picked":["theMarked:BanishingStrike","theMarked:BanishingWave"],"picked":"theMarked:Improvise+1","floor":10},{"not_picked":["theMarked:Memento+1","theMarked:Panic+1"],"picked":"theMarked:RepellingDischarge+1","floor":12},{"not_picked":["theMarked:TakeCover+1","theMarked:Improvise+1","theMarked:KeepCalmAndFight"],"picked":"SKIP","floor":13},{"not_picked":["theMarked:Parkour","theMarked:ChainLightning"],"picked":"theMarked:WardOff+1","floor":14},{"not_picked":["theMarked:UnarmedFury","theMarked:Abjuration"],"picked":"theMarked:Levitate+1","floor":16},{"not_picked":["theMarked:Parkour","theMarked:Aftermath+1","theMarked:HeightenedSenses+1"],"picked":"SKIP","floor":18},{"not_picked":["theMarked:EnhanceMovement+1","theMarked:Parry+1","theMarked:ResourceFulStrike"],"picked":"SKIP","floor":19},{"not_picked":["theMarked:ResourceFulStrike+1","theMarked:ChainLightning","theMarked:ComboAttacks"],"picked":"SKIP","floor":21},{"not_picked":["theMarked:Static+1","theMarked:PowerFlow+1"],"picked":"theMarked:RepellingDischarge+1","floor":23},{"not_picked":["theMarked:ChainLightning","theMarked:Electrify+1","theMarked:ThrowWeapon"],"picked":"SKIP","floor":25},{"not_picked":["theMarked:Improvise+1","theMarked:RepellingDischarge+1","theMarked:Aftermath+1"],"picked":"SKIP","floor":29},{"not_picked":["theMarked:HeightenedSenses+1","theMarked:WastefulAttack+1"],"picked":"theMarked:Standoff","floor":31},{"not_picked":["theMarked:Levitate+1","theMarked:BindingBlade+1"],"picked":"theMarked:BiggerThanFate+1","floor":33},{"not_picked":["theMarked:Convert+1","theMarked:Polarize+1","theMarked:KeepCalmAndFight+1"],"picked":"SKIP","floor":35},{"not_picked":["theMarked:Static+1","theMarked:TwofoldDefense+1"],"picked":"theMarked:Determination+1","floor":36},{"not_picked":["theMarked:Parkour+1","theMarked:ContemptForTheProud+1","theMarked:PowerFlow+1"],"picked":"SKIP","floor":38},{"not_picked":["theMarked:Electrify+1","theMarked:HeightenedSenses+1"],"picked":"theMarked:RogueSparks+1","floor":40},{"not_picked":["theMarked:Parry+1","theMarked:Parkour+1","theMarked:ResourceFulStrike+1"],"picked":"SKIP","floor":42},{"not_picked":["theMarked:Aftermath+1","theMarked:OneWithTheBlade+1"],"picked":"theMarked:Levitate+1","floor":46},{"not_picked":["theMarked:Reabsorb+1","theMarked:TakeCover+1","theMarked:Memento+1"],"picked":"SKIP","floor":48},{"not_picked":["theMarked:HeightenedSenses+1","theMarked:BanishingStrike+1"],"picked":"theMarked:WardOff+1","floor":49},{"not_picked":["theMarked:Opportunist+1","theMarked:Determination","theMarked:UnarmedFury+1"],"picked":"SKIP","floor":54}],"player_experience":714897,"relics_obtained":[{"floor":3,"key":"PreservedInsect"},{"floor":6,"key":"Toxic Egg 2"},{"floor":9,"key":"Blood Vial"},{"floor":10,"key":"Centennial Puzzle"},{"floor":12,"key":"Lantern"},{"floor":23,"key":"Juzu Bracelet"},{"floor":25,"key":"Dream Catcher"},{"floor":26,"key":"Vajra"},{"floor":34,"key":"MawBank"},{"floor":34,"key":"Molten Egg 2"},{"floor":34,"key":"Gambling Chip"},{"floor":40,"key":"Toy Ornithopter"},{"floor":46,"key":"White Beast Statue"},{"floor":54,"key":"Whetstone"}],"event_choices":[{"damage_healed":0,"gold_gain":0,"player_choice":"Relic ","damage_taken":3,"max_hp_gain":0,"max_hp_loss":0,"event_name":"betterThird:BetterScrap","floor":2,"gold_loss":0,"cards_obtained":["Demon Form"]},{"damage_healed":0,"gold_gain":0,"player_choice":"Grow","damage_taken":0,"max_hp_gain":0,"max_hp_loss":0,"event_name":"Living Wall","floor":11,"gold_loss":0,"cards_upgraded":["theMarked:RogueSparks"]},{"damage_healed":0,"gold_gain":0,"player_choice":"Ignored","damage_taken":0,"max_hp_gain":0,"max_hp_loss":0,"event_name":"Ghosts","floor":20,"gold_loss":0},{"damage_healed":0,"gold_gain":0,"player_choice":"","damage_taken":6,"max_hp_gain":0,"max_hp_loss":0,"event_name":"Knowing Skull","floor":22,"potions_obtained":[],"gold_loss":0,"cards_obtained":[]},{"damage_healed":0,"gold_gain":0,"player_choice":"Opened","damage_taken":0,"relics_obtained":["theMarked:VonisonLock"],"max_hp_gain":0,"max_hp_loss":0,"event_name":"The Mausoleum","floor":24,"gold_loss":0,"cards_obtained":["Writhe"]},{"damage_healed":0,"gold_gain":0,"player_choice":"Got Potions","damage_taken":0,"max_hp_gain":0,"max_hp_loss":0,"event_name":"Lab","floor":37,"gold_loss":0},{"cards_removed":["theMarked:RogueSparks"],"damage_healed":0,"gold_gain":0,"player_choice":"Purged","damage_taken":0,"max_hp_gain":0,"max_hp_loss":0,"event_name":"Purifier","floor":45,"gold_loss":0}],"is_beta":false,"boss_relics":[{"not_picked":["theMarked:Eyepatch","Ectoplasm"],"picked":"theMarked:SpiritSword"},{"not_picked":["Busted Crown","SacredBark"],"picked":"Calling Bell"}],"items_purged_floors":[5,5,5,5,5,5,28,28,28,28],"is_endless":false,"potions_floor_spawned":[1,6,8,10,16,21,25,33,35,36,42,46,48,54],"ascension_level":0}}