{"host":"Sylvester","time":1613267720,"event":{"mods":["AchievementEnabler","BaseMod","Filter the Spire","Lobotomy","Minty Spire (QoL Compilation)","Replay The Spire","StSLib"],"gold_per_floor":[115,127,127,52,64,64,98,98,98,146,146,158,170,184,184,258,258,258,258],"floor_reached":18,"language":"ENG","playtime":594,"items_purged":["Decay"],"score":324,"play_id":"cccb5315-289c-4874-aa53-f04d8654e7ac","local_time":"20210213175520","is_ascension_mode":true,"campfire_choices":[{"data":"Poisoned Stab","floor":6.0,"key":"SMITH"},{"data":"Dagger Spray","floor":11.0,"key":"SMITH"},{"data":"Distraction","floor":15,"key":"SMITH"}],"circlet_count":0,"master_deck":["AscendersBane","Strike_G","Strike_G","Strike_G","Strike_G","Strike_G","Defend_G","Defend_G","Defend_G","Defend_G","Defend_G","Survivor","Neutralize","Poisoned Stab+1","Dagger Throw","PiercingWail","Dagger Spray+1","Dagger Throw","ReplayTheSpireMod:Scrap Shanks","Distraction+1","Corpse Explosion"],"relics":["Honey Jar","Tough Bandages","Tingsha","PreservedInsect","Ectoplasm"],"acts_visited":["Exordium","TheCity"],"potions_floor_usage":[],"damage_taken":[{"damage":1.0,"enemies":"Small Slimes","floor":1.0,"turns":4.0},{"damage":3.0,"enemies":"Cultist","floor":2.0,"turns":4.0},{"damage":6.0,"enemies":"2 Louse","floor":5.0,"turns":2.0},{"damage":6.0,"enemies":"Gremlin Nob","floor":7.0,"turns":3.0},{"damage":3.0,"enemies":"Blue Slaver","floor":12.0,"turns":3.0},{"damage":0.0,"enemies":"3 Louse","floor":13.0,"turns":3.0},{"damage":0.0,"enemies":"2 Fungi Beasts","floor":14.0,"turns":2.0},{"damage":32,"enemies":"Slime Boss","floor":16,"turns":9},{"damage":0,"enemies":"2 Thieves","floor":18,"turns":1}],"seed_played":"676931007375768325","potions_obtained":[{"floor":1.0,"key":"Strength Potion"},{"floor":2.0,"key":"Milkshake"},{"floor":12.0,"key":"Languid Potion"}],"is_trial":false,"path_per_floor":["M","M","?","$","M","R","E","?","T","T","R","M","M","M","R","B",null,"M"],"character_chosen":"THE_SILENT","items_purchased":[],"campfire_rested":0,"item_purchase_floors":[],"current_hp_per_floor":[58,55,55,55,49,49,43,43,43,43,43,40,40,40,40,8,52,52,52],"gold":258,"neow_bonus":"BOSS_RELIC","is_daily":false,"chose_seed":false,"campfire_upgraded":3,"win_rate":0.0,"timestamp":1613267720,"path_taken":["M","M","?","$","?","R","E","?","T","?","R","M","M","M","R","BOSS","M"],"items_purchased_type":[],"build_version":"2020-11-17","purchased_purges":1,"victory":false,"max_hp_per_floor":[66,66,66,66,66,66,66,66,66,66,66,66,66,66,66,66,66,66,66],"card_choices":[{"not_picked":["Draining Mist","Deadly Poison","Deflect"],"picked":"Poisoned Stab","floor":1.0},{"not_picked":["Deflect","Backflip","Dodge and Roll"],"picked":"Dagger Throw","floor":2.0},{"not_picked":["Draining Mist","Dodge and Roll","Deadly Poison"],"picked":"PiercingWail","floor":5.0},{"not_picked":["Footwork","Expertise","Predator"],"picked":"Dagger Spray","floor":7.0},{"not_picked":["Deadly Poison","Backflip","ReplayTheSpireMod:Exploit Weakness"],"picked":"Dagger Throw","floor":12.0},{"not_picked":["Predator","Slice","Prepared"],"picked":"ReplayTheSpireMod:Scrap Shanks","floor":13.0},{"not_picked":["Caltrops","Deadly Poison","Dagger Spray"],"picked":"Distraction","floor":14.0},{"not_picked":["Envenom","ReplayTheSpireMod:Necrosis","Doppelganger"],"picked":"Corpse Explosion","floor":16}],"player_experience":255517,"relics_obtained":[{"floor":7.0,"key":"Tough Bandages"},{"floor":9.0,"key":"Tingsha"},{"floor":10.0,"key":"PreservedInsect"}],"event_choices":[{"damage_healed":0.0,"max_hp_gain":0.0,"max_hp_loss":0.0,"gold_gain":0.0,"event_name":"Wheel of Change","player_choice":"Cursed","floor":3.0,"gold_loss":0.0,"damage_taken":0.0,"cards_obtained":["Decay"]}],"is_beta":true,"boss_relics":[{"not_picked":["Snecko Heart","Busted Crown"],"picked":"Ectoplasm"}],"items_purged_floors":[4],"is_endless":false,"potions_floor_spawned":[1,2,12],"killed_by":"2 Thieves","ascension_level":20}}