{"host":"16x737ox6kf7h9su","time":1613268405,"event":{"mods":["BaseMod","Minty Spire (QoL Compilation)","Rare Cards Sparkle"],"gold_per_floor":[109,124,124,144,144,173,173,198,198,198,213,223,34,54,54,150,150,167,185,285,297,308,308,49,80,80,80,280,296,296,316,316,316,316],"floor_reached":33,"language":"ENG","playtime":1343,"items_purged":[],"score":321,"play_id":"e114462c-daf5-406c-9fba-3ea046d88c20","local_time":"20210213210645","is_ascension_mode":true,"campfire_choices":[{"floor":7.0,"key":"REST"},{"floor":10.0,"key":"REST"},{"floor":15.0,"key":"REST"},{"floor":23,"key":"REST"},{"floor":27,"key":"REST"},{"floor":32,"key":"REST"}],"circlet_count":0,"master_deck":["Strike_G","Strike_G","Strike_G+1","Strike_G","Strike_G","Defend_G","Defend_G","Defend_G","Defend_G","Defend_G","Survivor","Neutralize","Masterful Stab","Outmaneuver+1","Finisher","Jack Of All Trades","Neutralize","Flying Knee","Doppelganger","Slice","Endless Agony","Mind Blast","Backstab","Wraith Form v2","Accuracy","Blade Dance"],"relics":["Ring of the Snake","Omamori","Sundial","Matryoshka","The Courier","Tiny Chest","Boot","Calling Bell","Bag of Marbles","Ninja Scroll","Shovel","Membership Card","Anchor","Bronze Scales","Nunchaku","HornCleat","Question Card"],"acts_visited":[],"potions_floor_usage":[21,21,33],"damage_taken":[{"damage":0.0,"enemies":"2 Louse","floor":1.0,"turns":4.0},{"damage":0.0,"enemies":"Jaw Worm","floor":2.0,"turns":4.0},{"damage":0.0,"enemies":"Cultist","floor":4.0,"turns":4.0},{"damage":8.0,"enemies":"Gremlin Nob","floor":6.0,"turns":3.0},{"damage":46.0,"enemies":"3 Sentries","floor":8.0,"turns":10.0},{"damage":4.0,"enemies":"Exordium Thugs","floor":11.0,"turns":3.0},{"damage":0.0,"enemies":"2 Fungi Beasts","floor":12.0,"turns":2.0},{"damage":8.0,"enemies":"Gremlin Gang","floor":14.0,"turns":3.0},{"damage":16.0,"enemies":"Hexaghost","floor":16.0,"turns":8.0},{"damage":1.0,"enemies":"Spheric Guardian","floor":18.0,"turns":3.0},{"damage":0,"enemies":"2 Thieves","floor":19,"turns":1},{"damage":34,"enemies":"Cultist and Chosen","floor":21,"turns":8},{"damage":12,"enemies":"3 Cultists","floor":22,"turns":6},{"damage":24,"enemies":"Slavers","floor":25,"turns":8},{"damage":11,"enemies":"Chosen and Byrds","floor":29,"turns":4},{"damage":17,"enemies":"Shelled Parasite and Fungi","floor":31,"turns":4},{"damage":36,"enemies":"Collector","floor":33,"turns":4}],"seed_played":"-521843140671860967","potions_obtained":[{"floor":8.0,"key":"Fire Potion"},{"floor":12.0,"key":"Explosive Potion"},{"floor":14.0,"key":"DistilledChaos"},{"floor":16.0,"key":"Dexterity Potion"},{"floor":19,"key":"Energy Potion"},{"floor":22,"key":"Dexterity Potion"},{"floor":25,"key":"SkillPotion"},{"floor":31,"key":"Swift Potion"}],"is_trial":false,"path_per_floor":["M","M","?","M","?","E","R","E","T","R","M","M","$","M","R","B",null,"M","M","?","M","M","R","$","E","T","R","?","M","T","M","R","B"],"character_chosen":"THE_SILENT","items_purchased":["Boot","Mind Blast","Membership Card","Anchor","Accuracy","Bronze Scales"],"campfire_rested":6,"item_purchase_floors":[13,13,24,24,24,24],"current_hp_per_floor":[70,70,56,56,56,48,69,23,23,44,40,40,40,32,53,37,70,69,69,69,35,23,44,44,20,20,41,41,30,30,13,34,0,0],"gold":316,"neow_bonus":"RANDOM_COMMON_RELIC","is_daily":false,"chose_seed":false,"campfire_upgraded":0,"win_rate":0.0,"timestamp":1613268405,"path_taken":["M","M","?","M","?","E","R","E","T","R","M","M","$","M","R","BOSS","M","M","?","M","M","R","?","E","T","R","?","M","?","M","R","BOSS"],"items_purchased_type":["Relic","Card","Relic","Relic","Card","Relic"],"build_version":"2020-12-22","purchased_purges":0,"victory":false,"max_hp_per_floor":[70,70,70,70,70,70,70,70,70,70,70,70,70,70,70,70,70,70,70,70,70,70,70,70,70,70,70,70,70,70,70,70,70,70],"card_choices":[{"not_picked":["Sucker Punch","Flying Knee"],"picked":"Masterful Stab","floor":1.0},{"not_picked":["Blur","Dodge and Roll"],"picked":"Outmaneuver","floor":2.0},{"not_picked":["Dagger Throw","Quick Slash"],"picked":"Finisher","floor":4.0},{"not_picked":["Crippling Poison","Calculated Gamble","Leg Sweep"],"picked":"SKIP","floor":6.0},{"not_picked":["After Image","Expertise"],"picked":"Slice","floor":8.0},{"not_picked":["Acrobatics","Caltrops","Expertise"],"picked":"SKIP","floor":11.0},{"not_picked":["Deflect","Acrobatics"],"picked":"Endless Agony","floor":12.0},{"not_picked":["Poisoned Stab","Deadly Poison"],"picked":"Backstab","floor":14.0},{"not_picked":["Envenom","Night Terror"],"picked":"Wraith Form v2","floor":16.0},{"not_picked":["Deadly Poison","Distraction+1","Escape Plan"],"picked":"SKIP","floor":18.0},{"not_picked":["Dagger Throw+1","Heel Hook+1","Calculated Gamble+1"],"picked":"SKIP","floor":19},{"not_picked":["Sucker Punch","Dagger Throw","Doppelganger"],"picked":"SKIP","floor":21},{"not_picked":["Dodge and Roll","Blur","Reflex+1"],"picked":"SKIP","floor":22},{"not_picked":["Calculated Gamble","Poisoned Stab","Eviscerate"],"picked":"SKIP","floor":25},{"not_picked":["Outmaneuver","Flying Knee","Underhanded Strike"],"picked":"SKIP","floor":29},{"not_picked":["Poisoned Stab+1","Quick Slash","Blur"],"picked":"Blade Dance","floor":31}],"player_experience":81288,"relics_obtained":[{"floor":6.0,"key":"Sundial"},{"floor":8.0,"key":"Matryoshka"},{"floor":9.0,"key":"The Courier"},{"floor":9.0,"key":"Tiny Chest"},{"floor":17.0,"key":"Bag of Marbles"},{"floor":17.0,"key":"Ninja Scroll"},{"floor":17.0,"key":"Shovel"},{"floor":25,"key":"Nunchaku"},{"floor":26,"key":"HornCleat"},{"floor":30,"key":"Question Card"}],"event_choices":[{"damage_healed":0.0,"max_hp_gain":0.0,"max_hp_loss":0.0,"gold_gain":0.0,"event_name":"Shining Light","player_choice":"Entered Light","floor":3.0,"gold_loss":0.0,"damage_taken":14.0,"cards_upgraded":["Strike_G","Outmaneuver"]},{"damage_healed":0.0,"max_hp_gain":0.0,"max_hp_loss":0.0,"gold_gain":0.0,"event_name":"Match and Keep!","player_choice":"4 cards matched","floor":5.0,"gold_loss":0.0,"damage_taken":0.0,"cards_obtained":["Jack Of All Trades","Neutralize","Flying Knee","Doppelganger"]},{"damage_healed":0,"gold_gain":100,"player_choice":"Pray","damage_taken":0,"max_hp_gain":0,"max_hp_loss":0,"event_name":"Golden Shrine","floor":20,"gold_loss":0},{"damage_healed":0,"gold_gain":250,"player_choice":"Bet on Owner","damage_taken":0,"max_hp_gain":0,"max_hp_loss":0,"event_name":"The Joust","floor":28,"gold_loss":50}],"is_beta":false,"boss_relics":[{"not_picked":["Tiny House","Ectoplasm"],"picked":"Calling Bell"}],"items_purged_floors":[],"is_endless":false,"potions_floor_spawned":[1,8,12,14,16,19,22,25,31],"killed_by":"Collector","ascension_level":3}}