{"host":"p0hktren06injwdf","time":1613318002,"event":{"mods":["AchievementEnabler","BaseMod","Colored Map","DeckTracker","Minty Spire (QoL Compilation)","Permanent Neow","StSLib","SuperFastMode"],"gold_per_floor":[138,176,176,176,101,101,155,155,155,211,211,111,111,174,174,292,292,338,338,338,63,129,169,169,233,233,266,38,38,38,38,38,38,38],"floor_reached":33,"language":"KOR","playtime":818,"items_purged":["Defend_P","Strike_P","Defend_P"],"score":776,"play_id":"37cb3d95-c397-42d1-8b00-357dcd52ee5a","local_time":"20210215005322","is_ascension_mode":true,"campfire_choices":[{"data":"Eruption","floor":6.0,"key":"SMITH"},{"data":"HandOfGreed","floor":13.0,"key":"SMITH"},{"data":"TalkToTheHand","floor":15.0,"key":"SMITH"},{"data":"Adaptation","floor":24.0,"key":"SMITH"},{"data":"WaveOfTheHand","floor":29.0,"key":"SMITH"},{"data":"DeusExMachina","floor":32.0,"key":"SMITH"}],"circlet_count":0,"master_deck":["AscendersBane","Defend_P","Eruption+1","Vigilance","HandOfGreed+1","TalkToTheHand+1","FlurryOfBlows+1","DeusExMachina+1","Tantrum+1","CutThroughFate+1","Halt+1","EmptyFist+1","Adaptation+1","WaveOfTheHand+1","Bandage Up"],"relics":["PureWater","Golden Idol","MealTicket","Darkstone Periapt","WingedGreaves","Potion Belt","Astrolabe","Kunai","Whetstone","Tiny Chest","Art of War","Vajra"],"acts_visited":["Exordium","TheCity"],"potions_floor_usage":[],"damage_taken":[{"damage":7.0,"enemies":"Jaw Worm","floor":1.0,"turns":5.0},{"damage":0.0,"enemies":"Small Slimes","floor":2.0,"turns":2.0},{"damage":0.0,"enemies":"Gremlin Nob","floor":7.0,"turns":2.0},{"damage":0.0,"enemies":"3 Sentries","floor":10.0,"turns":3.0},{"damage":0.0,"enemies":"Lagavulin","floor":14.0,"turns":3.0},{"damage":34.0,"enemies":"The Guardian","floor":16.0,"turns":10.0},{"damage":0.0,"enemies":"Shell Parasite","floor":18.0,"turns":3.0},{"damage":5.0,"enemies":"3 Byrds","floor":22.0,"turns":3.0},{"damage":26.0,"enemies":"Book of Stabbing","floor":23.0,"turns":5.0},{"damage":13.0,"enemies":"Slavers","floor":25.0,"turns":4.0},{"damage":5.0,"enemies":"Book of Stabbing","floor":27.0,"turns":3.0},{"damage":43,"enemies":"Collector","floor":33,"turns":6}],"seed_played":"-4724393222370075709","potions_obtained":[{"floor":1.0,"key":"AttackPotion"},{"floor":16.0,"key":"Ancient Potion"},{"floor":23.0,"key":"SteroidPotion"},{"floor":25.0,"key":"BottledMiracle"},{"floor":27.0,"key":"SpeedPotion"}],"is_trial":false,"path_per_floor":["M","M","?","?","$","R","E","?","T","E","?","$","R","E","R","B",null,"M","?","?","$","M","E","R","E","T","E","$","R","$","?","R","B"],"character_chosen":"WATCHER","items_purchased":["Kunai","Bandage Up"],"campfire_rested":0,"item_purchase_floors":[21,28],"current_hp_per_floor":[36,36,36,36,36,36,36,36,36,36,29,44,44,44,44,10,49,49,49,49,62,57,31,31,18,18,13,28,28,43,43,43,4,4],"gold":38,"neow_bonus":"RANDOM_COLORLESS_2","is_daily":false,"chose_seed":false,"campfire_upgraded":6,"win_rate":0.0,"timestamp":1613318002,"path_taken":["M","M","?","?","?","R","E","?","T","E","?","$","R","E","R","BOSS","M","?","?","$","M","E","R","E","T","E","$","R","$","?","R","BOSS"],"items_purchased_type":["Relic","Card"],"build_version":"2020-12-22","purchased_purges":3,"victory":false,"max_hp_per_floor":[68,68,68,62,62,62,62,62,62,62,62,62,62,62,62,62,62,62,62,62,62,62,62,62,62,62,62,62,62,62,62,62,62,62],"card_choices":[{"not_picked":["Sadistic Nature","Secret Technique"],"picked":"HandOfGreed","floor":0.0},{"not_picked":["Halt","Weave"],"picked":"TalkToTheHand","floor":1.0},{"not_picked":["BowlingBash","Wireheading"],"picked":"FlurryOfBlows","floor":2.0},{"not_picked":["ThirdEye","Crescendo","EmptyBody"],"picked":"SKIP","floor":7.0},{"not_picked":["EmptyFist","Weave"],"picked":"DeusExMachina","floor":10.0},{"not_picked":["CrushJoints","Vengeance"],"picked":"Tantrum","floor":14.0},{"not_picked":["FlurryOfBlows+1","LikeWater"],"picked":"Adaptation","floor":18.0},{"not_picked":["JustLucky","ThirdEye","WaveOfTheHand"],"picked":"SKIP","floor":22.0},{"not_picked":["JustLucky","ThirdEye"],"picked":"WaveOfTheHand","floor":22.0},{"not_picked":["WreathOfFlame+1","SashWhip","JustLucky"],"picked":"SKIP","floor":23.0},{"not_picked":["Wallop","Consecrate","Evaluate"],"picked":"SKIP","floor":25.0},{"not_picked":["FlurryOfBlows","ReachHeaven","BowlingBash"],"picked":"SKIP","floor":27.0}],"player_experience":1054824,"relics_obtained":[{"floor":7.0,"key":"MealTicket"},{"floor":9.0,"key":"Darkstone Periapt"},{"floor":10.0,"key":"WingedGreaves"},{"floor":14.0,"key":"Potion Belt"},{"floor":23.0,"key":"Whetstone"},{"floor":25.0,"key":"Tiny Chest"},{"floor":26.0,"key":"Art of War"},{"floor":27.0,"key":"Vajra"}],"event_choices":[{"damage_healed":0.0,"max_hp_gain":0.0,"max_hp_loss":0.0,"gold_gain":0.0,"event_name":"Shining Light","player_choice":"Ignored","floor":3.0,"gold_loss":0.0,"damage_taken":0.0},{"damage_healed":0.0,"max_hp_gain":0.0,"max_hp_loss":6.0,"gold_gain":0.0,"event_name":"Golden Idol","player_choice":"Lose Max HP","floor":4.0,"gold_loss":0.0,"damage_taken":0.0,"relics_obtained":["Golden Idol"]},{"damage_healed":0.0,"max_hp_gain":0.0,"max_hp_loss":0.0,"gold_gain":0.0,"event_name":"Liars Game","player_choice":"Ignored","floor":8.0,"gold_loss":0.0,"damage_taken":0.0},{"cards_removed":["Defend_P"],"damage_healed":0.0,"max_hp_gain":0.0,"max_hp_loss":0.0,"gold_gain":0.0,"event_name":"Golden Wing","player_choice":"Card Removal","floor":11.0,"gold_loss":0.0,"damage_taken":7.0},{"damage_healed":0.0,"max_hp_gain":0.0,"max_hp_loss":0.0,"gold_gain":0.0,"event_name":"The Mausoleum","player_choice":"Ignored","floor":19.0,"gold_loss":0.0,"damage_taken":0.0},{"damage_healed":0.0,"max_hp_gain":0.0,"max_hp_loss":0.0,"gold_gain":0.0,"event_name":"Cursed Tome","player_choice":"Ignored","floor":20.0,"gold_loss":0.0,"damage_taken":0.0},{"damage_healed":0.0,"max_hp_gain":0.0,"max_hp_loss":0.0,"gold_gain":0.0,"event_name":"Match and Keep!","player_choice":"0 cards matched","floor":31.0,"gold_loss":0.0,"damage_taken":0.0,"cards_obtained":[]}],"is_beta":false,"boss_relics":[{"not_picked":["SacredBark","Velvet Choker"],"picked":"Astrolabe"}],"items_purged_floors":[5,12,28],"is_endless":false,"potions_floor_spawned":[1,16,23,25,27],"killed_by":"Collector","ascension_level":20}}