{"host":"mnpd8gh7cwxsn5kh","time":1613320898,"event":{"mods":["BaseMod","Bestiary","Block Reminder","Colored Map","Colored Powertips","Highlight Path","Minty Spire (QoL Compilation)","Relic Sorter","Relic Stats"],"gold_per_floor":[116,116,116,128,143,143,174,45,45,45,45,65,95,10,10,10,10],"floor_reached":16,"language":"ENG","playtime":1671,"items_purged":["Strike_R"],"score":200,"play_id":"4d6fedc5-4df1-404f-b638-e2489a7318fe","local_time":"20210214174138","is_ascension_mode":true,"campfire_choices":[{"data":"Clothesline","floor":6,"key":"SMITH"},{"data":"Bash","floor":10,"key":"SMITH"},{"floor":15,"key":"REST"}],"circlet_count":0,"master_deck":["AscendersBane","Strike_R","Strike_R","Strike_R","Defend_R","Defend_R","Defend_R","Defend_R","Bash+1","Secret Technique","Clothesline+1","Headbutt","Cleave","True Grit","Shrug It Off","Shrug It Off","Uppercut"],"relics":["Burning Blood","Dead Branch","Self Forming Clay","Gremlin Horn","Tiny Chest"],"acts_visited":["Exordium"],"potions_floor_usage":[7,13],"damage_taken":[{"damage":14,"enemies":"Jaw Worm","floor":1,"turns":5},{"damage":5,"enemies":"2 Louse","floor":4,"turns":3},{"damage":4,"enemies":"Cultist","floor":5,"turns":4},{"damage":35,"enemies":"3 Sentries","floor":7,"turns":7},{"damage":11,"enemies":"3 Louse","floor":12,"turns":4},{"damage":19,"enemies":"Gremlin Nob","floor":13,"turns":4},{"damage":38,"enemies":"Hexaghost","floor":16,"turns":16}],"seed_played":"-2985267117485018753","potions_obtained":[{"floor":1,"key":"Explosive Potion"},{"floor":7,"key":"ElixirPotion"}],"is_trial":false,"path_per_floor":["M","?","?","M","M","R","E","$","T","R","T","M","E","$","R","B"],"character_chosen":"IRONCLAD","items_purchased":["True Grit","Uppercut"],"campfire_rested":1,"item_purchase_floors":[8,14],"current_hp_per_floor":[60,53,58,59,61,61,32,32,32,32,32,27,14,14,35,0,0],"gold":10,"neow_bonus":"RANDOM_COLORLESS_2","is_daily":false,"chose_seed":false,"campfire_upgraded":2,"win_rate":0.0,"timestamp":1613320898,"path_taken":["M","?","?","M","M","R","E","$","T","R","?","M","E","?","R","BOSS"],"items_purchased_type":["Card","Card"],"build_version":"2020-12-22","purchased_purges":1,"victory":false,"max_hp_per_floor":[68,68,73,73,73,73,73,73,73,73,73,73,73,73,73,73,73],"relic_stats":{"Gremlin Horn":[2,2],"counters":[7,43],"Self Forming Clay":[39],"Dead Branch":[15],"Tiny Chest":0,"obtain_stats":[{"Gremlin Horn":11,"Self Forming Clay":9,"Dead Branch":7,"Tiny Chest":13,"Burning Blood":0},{"Gremlin Horn":4,"Self Forming Clay":4,"Dead Branch":4,"Tiny Chest":6,"Burning Blood":0},{"Gremlin Horn":19,"Self Forming Clay":19,"Dead Branch":19,"Tiny Chest":27,"Burning Blood":0}],"Burning Blood":36},"card_choices":[{"not_picked":["Sadistic Nature","Metamorphosis"],"picked":"Secret Technique","floor":0},{"not_picked":["Flex","Sever Soul","Havoc"],"picked":"SKIP","floor":1},{"not_picked":["Headbutt","Sentinel"],"picked":"Clothesline","floor":4},{"not_picked":["Reckless Charge","Cleave"],"picked":"Headbutt","floor":5},{"not_picked":["Flex","Sentinel"],"picked":"Cleave","floor":7},{"not_picked":["Sword Boomerang","Headbutt"],"picked":"Shrug It Off","floor":12},{"not_picked":["Inflame","Iron Wave"],"picked":"Shrug It Off","floor":13}],"player_experience":529867,"relics_obtained":[{"floor":7,"key":"Dead Branch"},{"floor":9,"key":"Self Forming Clay"},{"floor":11,"key":"Gremlin Horn"},{"floor":13,"key":"Tiny Chest"}],"event_choices":[{"cards_removed":["Strike_R"],"damage_healed":0,"gold_gain":0,"player_choice":"Card Removal","damage_taken":7,"max_hp_gain":0,"max_hp_loss":0,"event_name":"Golden Wing","floor":2,"gold_loss":0},{"damage_healed":0,"gold_gain":0,"player_choice":"Donut","damage_taken":0,"max_hp_gain":5,"max_hp_loss":0,"event_name":"Big Fish","floor":3,"gold_loss":0}],"is_beta":false,"boss_relics":[],"items_purged_floors":[8],"is_endless":false,"potions_floor_spawned":[1,7],"killed_by":"Hexaghost","ascension_level":17}}