{"host":"jwpp8hxpigr0nknu","time":1613332685,"event":{"mods":["BaseMod","BetterRewards","Colored Map","Colored Powertips","Minty Spire (QoL Compilation)","Rare Cards Sparkle","Shop Mod","StSLib"],"gold_per_floor":[111,111,111,131,131,163,196,230,307,333,358,358,358],"floor_reached":12,"language":"ENG","playtime":577,"items_purged":[],"score":202,"play_id":"937705fe-3c32-471d-90b4-f99d131b44a7","local_time":"20210214135805","daily_mods":["Draft","Heirloom","Flight","DeadlyEvents","Elite Swarm"],"is_ascension_mode":true,"campfire_choices":[],"circlet_count":0,"master_deck":["Leap","Cold Snap","Conserve Battery","Cold Snap","Turbo","Recycle","Redo","Cold Snap","Fusion","Blizzard+1","Coolheaded","Conserve Battery","Capacitor","Capacitor","Ball Lightning","Echo Form","Meteor Strike","Amplify","Buffer","Echo Form"],"relics":["Cracked Core","Emotion Chip","StoneCalendar","Art of War","Torii","Pear","Ornamental Fan","Gremlin Horn","Kunai"],"acts_visited":["Exordium"],"potions_floor_usage":[11],"damage_taken":[{"damage":0,"enemies":"Jaw Worm","floor":1,"turns":4},{"damage":0,"enemies":"Cultist","floor":4,"turns":4},{"damage":10,"enemies":"3 Sentries","floor":6,"turns":7},{"damage":0,"enemies":"Lagavulin","floor":7,"turns":7},{"damage":15,"enemies":"3 Sentries","floor":8,"turns":4},{"damage":16,"enemies":"Lagavulin","floor":10,"turns":5},{"damage":9,"enemies":"Gremlin Nob","floor":11,"turns":5},{"damage":0,"enemies":"3 Sentries","floor":12,"turns":2}],"seed_played":"6289621395510516340","potions_obtained":[{"floor":1,"key":"Fire Potion"},{"floor":6,"key":"Ancient Potion"}],"is_trial":true,"path_per_floor":["M","?","?","M","?","E","E","E","T","E","E","E"],"character_chosen":"DEFECT","items_purchased":[],"campfire_rested":0,"item_purchase_floors":[],"current_hp_per_floor":[68,56,56,56,56,46,46,41,41,25,16,16,16],"gold":358,"neow_bonus":"","is_daily":false,"chose_seed":false,"campfire_upgraded":0,"win_rate":0.0,"timestamp":1613332685,"path_taken":["M","?","?","?","?","E","E","E","T","E","?","E"],"items_purchased_type":[],"build_version":"2020-12-22","purchased_purges":0,"victory":false,"max_hp_per_floor":[75,75,75,75,75,75,75,85,85,85,85,85,85],"card_choices":[{"not_picked":["Coolheaded","Turbo"],"picked":"Leap","floor":0},{"not_picked":["Rebound","Recycle"],"picked":"Sweeping Beam","floor":0},{"not_picked":["Steam","Coolheaded"],"picked":"Cold Snap","floor":0},{"not_picked":["Stack","Loop"],"picked":"Conserve Battery","floor":0},{"not_picked":["Steam","Double Energy"],"picked":"Cold Snap","floor":0},{"not_picked":["Ball Lightning","Streamline"],"picked":"Turbo","floor":0},{"not_picked":["Barrage","Compile Driver"],"picked":"Recycle","floor":0},{"not_picked":["Rip and Tear","Go for the Eyes"],"picked":"Redo","floor":0},{"not_picked":["Gash","Sweeping Beam"],"picked":"Cold Snap","floor":0},{"not_picked":["Sunder","Barrage"],"picked":"Fusion","floor":0},{"not_picked":["Redo","Barrage"],"picked":"Blizzard","floor":0},{"not_picked":["Turbo","Barrage"],"picked":"Coolheaded","floor":0},{"not_picked":["Rebound","Melter"],"picked":"Conserve Battery","floor":0},{"not_picked":["Conserve Battery","Turbo"],"picked":"Capacitor","floor":0},{"not_picked":["Streamline","Tempest"],"picked":"Capacitor","floor":0},{"not_picked":["Steam","Capacitor","Rebound"],"picked":"SKIP","floor":1},{"not_picked":["Hologram","Heatsinks","Streamline"],"picked":"SKIP","floor":4},{"not_picked":["Hyperbeam","All For One"],"picked":"Echo Form","floor":6},{"not_picked":["Electrodynamics","Multi-Cast"],"picked":"Meteor Strike","floor":7},{"not_picked":["Machine Learning","Biased Cognition"],"picked":"Amplify","floor":8},{"not_picked":["Rainbow","All For One"],"picked":"Buffer","floor":10},{"not_picked":["Creative AI","Buffer"],"picked":"Echo Form","floor":11}],"player_experience":365872,"relics_obtained":[{"floor":6,"key":"Art of War"},{"floor":7,"key":"Torii"},{"floor":8,"key":"Pear"},{"floor":9,"key":"Ornamental Fan"},{"floor":10,"key":"Gremlin Horn"},{"floor":11,"key":"Kunai"}],"event_choices":[{"damage_healed":0,"gold_gain":0,"player_choice":"Success","damage_taken":12,"relics_obtained":["StoneCalendar"],"max_hp_gain":0,"max_hp_loss":0,"event_name":"Scrap Ooze","floor":2,"gold_loss":0},{"damage_healed":0,"gold_gain":0,"player_choice":"Forge","damage_taken":0,"max_hp_gain":0,"max_hp_loss":0,"event_name":"Accursed Blacksmith","floor":3,"gold_loss":0,"cards_upgraded":["Blizzard"]},{"damage_healed":0,"gold_gain":0,"cards_transformed":["Sweeping Beam"],"player_choice":"Change","damage_taken":0,"max_hp_gain":0,"max_hp_loss":0,"event_name":"Living Wall","floor":5,"gold_loss":0,"cards_obtained":["Ball Lightning"]}],"is_beta":false,"boss_relics":[],"items_purged_floors":[],"is_endless":true,"potions_floor_spawned":[1,6],"killed_by":"3 Sentries","ascension_level":9}}