{"host":"fxrgx7wt2cpkbhka","time":1613340631,"event":{"mods":["AchievementEnabler","BaseMod","Colored Powertips","Dark Map","Minty Spire (QoL Compilation)","Permanent Neow","Quick Restart","Slay-I","StSLib","Waifu the Spire"],"gold_per_floor":[119,39,39,39,49,49,66,100,150,150,150,185,185,204,204,276,276,292,292,207,207,132,132,145,145,145,145,69,69,84,100,100,176,176,189,189,44,369,381,414,414,425,425,425,437,448,448,462,462,462,462],"floor_reached":50,"language":"ENG","playtime":1684,"items_purged":[],"score":837,"play_id":"bae9d5cf-cfab-4db9-9828-50d5be63910e","local_time":"20210214141031","is_ascension_mode":true,"campfire_choices":[{"data":"Metallicize","floor":6,"key":"SMITH"},{"data":"Uppercut","floor":10,"key":"SMITH"},{"floor":15,"key":"REST"},{"data":"Uppercut","floor":23,"key":"SMITH"},{"data":"Double Tap","floor":25,"key":"SMITH"},{"floor":27,"key":"REST"},{"data":"Inflame","floor":29,"key":"SMITH"},{"floor":32,"key":"REST"},{"floor":44,"key":"RECALL"},{"floor":47,"key":"REST"},{"floor":49,"key":"REST"}],"circlet_count":0,"master_deck":["AscendersBane","Strike_R","Strike_R","Strike_R","Strike_R","Defend_R","Defend_R","Defend_R","Bash","Metallicize+1","Uppercut+1","Uppercut+1","Sword Boomerang+1","Cleave+1","Perfected Strike+1","Double Tap+1","Perfected Strike+1","Inflame+1","Inflame","Wild Strike+1","Clash+1","Uppercut+1","Writhe","Perfected Strike+1","Iron Wave+1"],"relics":["Burning Blood","NeowsBlessing","Art of War","Strawberry","Dream Catcher","Molten Egg 2","Busted Crown","Pen Nib","Sundial","Velvet Choker","PreservedInsect","Old Coin","Bird Faced Urn"],"acts_visited":["Exordium","TheCity","TheBeyond"],"potions_floor_usage":[16,33,42,42,48,48],"damage_taken":[{"damage":0,"enemies":"Small Slimes","floor":1,"turns":1},{"damage":0,"enemies":"Cultist","floor":5,"turns":1},{"damage":0,"enemies":"2 Louse","floor":7,"turns":1},{"damage":42,"enemies":"Gremlin Nob","floor":8,"turns":6},{"damage":29,"enemies":"Lagavulin","floor":12,"turns":8},{"damage":7,"enemies":"2 Fungi Beasts","floor":14,"turns":4},{"damage":24,"enemies":"Slime Boss","floor":16,"turns":6},{"damage":29,"enemies":"2 Thieves","floor":18,"turns":4},{"damage":22,"enemies":"Shell Parasite","floor":24,"turns":4},{"damage":8,"enemies":"Snake Plant","floor":30,"turns":4},{"damage":16,"enemies":"Shelled Parasite and Fungi","floor":31,"turns":2},{"damage":44,"enemies":"Champ","floor":33,"turns":8},{"damage":18,"enemies":"3 Darklings","floor":35,"turns":3},{"damage":16,"enemies":"Mind Bloom Boss Battle","floor":38,"turns":5},{"damage":15,"enemies":"3 Shapes","floor":39,"turns":4},{"damage":17,"enemies":"Nemesis","floor":40,"turns":5},{"damage":9,"enemies":"Transient","floor":42,"turns":5},{"damage":20,"enemies":"Maw","floor":45,"turns":6},{"damage":31,"enemies":"Jaw Worm Horde","floor":46,"turns":4},{"damage":28,"enemies":"4 Shapes","floor":48,"turns":3},{"damage":74,"enemies":"Awakened One","floor":50,"turns":3}],"seed_played":"-1019727686955940605","potions_obtained":[{"floor":1,"key":"Fire Potion"},{"floor":12,"key":"Strength Potion"},{"floor":31,"key":"GamblersBrew"},{"floor":33,"key":"SteroidPotion"},{"floor":42,"key":"Explosive Potion"},{"floor":45,"key":"Explosive Potion"},{"floor":46,"key":"BloodPotion"}],"is_trial":false,"path_per_floor":["M","$","?","$","M","R","M","E","T","R","?","E","$","M","R","B",null,"M","$","?","?","?","R","M","R","T","R","$","R","M","M","R","B",null,"M","?","$","?","M","E","?","M","T","R","M","M","R","M","R","B"],"character_chosen":"IRONCLAD","items_purchased":["Metallicize","Inflame","PreservedInsect"],"campfire_rested":5,"item_purchase_floors":[2,28,37],"current_hp_per_floor":[74,74,74,74,75,75,75,39,46,46,35,12,12,11,35,17,66,43,43,43,43,43,43,27,27,27,51,51,51,49,39,63,25,68,56,56,56,46,37,26,42,45,45,45,37,16,40,38,62,0,0],"gold":462,"neow_bonus":"THREE_ENEMY_KILL","is_daily":false,"chose_seed":false,"campfire_upgraded":5,"win_rate":0.0,"timestamp":1613340631,"path_taken":["M","$","?","?","?","R","M","E","T","R","?","E","$","M","R","BOSS","M","$","?","?","?","R","M","R","T","R","?","R","M","M","R","BOSS","M","?","?","?","M","E","?","M","T","R","M","M","R","M","R","BOSS"],"items_purchased_type":["Card","Card","Relic"],"build_version":"2020-12-22","purchased_purges":0,"victory":false,"max_hp_per_floor":[75,75,75,75,75,75,75,75,82,82,82,82,82,82,82,82,82,82,82,82,82,82,82,82,82,82,82,82,82,82,82,82,82,82,82,82,82,82,82,82,82,82,82,82,82,82,82,82,82,82,82],"card_choices":[{"not_picked":["Armaments","Dual Wield","Iron Wave"],"picked":"SKIP","floor":1},{"not_picked":["Havoc","Wild Strike","Seeing Red"],"picked":"SKIP","floor":5},{"not_picked":["Havoc","Intimidate"],"picked":"Uppercut","floor":7},{"not_picked":["Havoc","Entrench"],"picked":"Uppercut","floor":8},{"not_picked":["Burning Pact","Exhume"],"picked":"Sword Boomerang+1","floor":12},{"not_picked":["Shrug It Off","Rupture"],"picked":"Cleave+1","floor":14},{"not_picked":["Sword Boomerang+1","Infernal Blade"],"picked":"Perfected Strike+1","floor":15},{"not_picked":["Demon Form","Bludgeon+1"],"picked":"Double Tap","floor":16},{"not_picked":[],"picked":"Perfected Strike+1","floor":18},{"not_picked":["Whirlwind+1"],"picked":"SKIP","floor":24},{"not_picked":[],"picked":"Inflame","floor":30},{"not_picked":["Evolve"],"picked":"SKIP","floor":31},{"not_picked":[],"picked":"Wild Strike+1","floor":32},{"not_picked":[],"picked":"Clash+1","floor":35},{"not_picked":["Pommel Strike+1"],"picked":"SKIP","floor":39},{"not_picked":["Rage"],"picked":"SKIP","floor":40},{"not_picked":["Warcry"],"picked":"SKIP","floor":42},{"not_picked":["Pommel Strike+1"],"picked":"SKIP","floor":45},{"not_picked":["Heavy Blade+1"],"picked":"SKIP","floor":46},{"not_picked":[],"picked":"Perfected Strike+1","floor":48},{"not_picked":[],"picked":"Iron Wave+1","floor":49}],"player_experience":780452,"relics_obtained":[{"floor":8,"key":"Art of War"},{"floor":9,"key":"Strawberry"},{"floor":12,"key":"Molten Egg 2"},{"floor":26,"key":"Sundial"},{"floor":38,"key":"Old Coin"},{"floor":40,"key":"Bird Faced Urn"}],"event_choices":[{"cards_removed":["Strike_R"],"damage_healed":0,"gold_gain":0,"player_choice":"Offered Basic","damage_taken":0,"max_hp_gain":0,"max_hp_loss":0,"event_name":"Bonfire Elementals","floor":3,"gold_loss":0},{"damage_healed":0,"gold_gain":0,"player_choice":"Success","damage_taken":11,"relics_obtained":["Dream Catcher"],"max_hp_gain":0,"max_hp_loss":0,"event_name":"Scrap Ooze","floor":11,"gold_loss":0},{"damage_healed":0,"gold_gain":0,"player_choice":"Obtained Relic","damage_taken":0,"relics_obtained":["Pen Nib"],"max_hp_gain":0,"max_hp_loss":0,"event_name":"Addict","floor":20,"gold_loss":85},{"damage_healed":0,"gold_gain":0,"player_choice":"Ignored","damage_taken":0,"max_hp_gain":0,"max_hp_loss":0,"event_name":"Vampires","floor":21,"gold_loss":0},{"cards_removed":["Defend_R"],"damage_healed":0,"gold_gain":0,"player_choice":"Gave Gold","damage_taken":0,"max_hp_gain":0,"max_hp_loss":0,"event_name":"Beggar","floor":22,"gold_loss":75},{"damage_healed":0,"gold_gain":0,"player_choice":"Copied","damage_taken":0,"max_hp_gain":0,"max_hp_loss":0,"event_name":"Duplicator","floor":36,"gold_loss":0,"cards_obtained":["Uppercut"]},{"damage_healed":0,"gold_gain":0,"player_choice":"Fight","damage_taken":0,"max_hp_gain":0,"max_hp_loss":0,"event_name":"MindBloom","floor":38,"gold_loss":0},{"damage_healed":16,"gold_gain":0,"player_choice":"Writhe","damage_taken":0,"max_hp_gain":0,"max_hp_loss":0,"event_name":"Winding Halls","floor":41,"gold_loss":0,"cards_obtained":["Writhe"]}],"is_beta":false,"boss_relics":[{"not_picked":["Runic Dome","Black Star"],"picked":"Busted Crown"},{"not_picked":["Tiny House","Cursed Key"],"picked":"Velvet Choker"}],"items_purged_floors":[],"is_endless":false,"potions_floor_spawned":[1,12,14,31,33,42,45,46],"killed_by":"Awakened One","ascension_level":15}}