{"host":"y3tal5djvejpcno2","time":1613338306,"event":{"mods":["BaseMod","Colored Map","Colored Powertips","Hermit","Infinite Spire","Minty Spire (QoL Compilation)","Permanent Neow","Quick Restart","Relic Stats","Replay The Spire","SOS???????","StSLib","The Blue Laboratory","The Bug Knight","The Cursed","The Jungle","Wandering Minibosses"],"gold_per_floor":[115,133,133,153,167,196,211,211,211,211,211,211,223,233,233,233,233],"floor_reached":16,"language":"ENG","playtime":1694,"items_purged":[],"score":104,"play_id":"9399d67c-a36c-45fe-91df-b463e09e367e","local_time":"20210214193146","is_ascension_mode":false,"campfire_choices":[{"floor":8,"key":"REST"},{"data":"TheCursedMod:Stigma","floor":10,"key":"SMITH"},{"data":"Chrysalis","floor":12,"key":"SMITH"},{"data":"TheCursedMod:CleanUpWorkshop","floor":15,"key":"SMITH"}],"circlet_count":0,"master_deck":["TheCursedMod:Strike_TheCursed","TheCursedMod:Strike_TheCursed","TheCursedMod:Strike_TheCursed","TheCursedMod:Strike_TheCursed","TheCursedMod:Defend_TheCursed","TheCursedMod:Defend_TheCursed","TheCursedMod:Defend_TheCursed","TheCursedMod:Defend_TheCursed","TheCursedMod:CursedWand","TheCursedMod:CleanUpWorkshop+1","TheCursedMod:Dregs","Chrysalis+1","TheCursedMod:ReleasedKnowledge","TheCursedMod:CircleOfBlood","TheCursedMod:TroublousMinions","TheCursedMod:WearCloak","TheCursedMod:Stigma+1","TheCursedMod:SpreadPlague+1"],"relics":["TheCursedMod:BlackMagic101","Singing Bowl","ReplayTheSpireMod:Shallot"],"acts_visited":["Exordium"],"potions_floor_usage":[6,14,16,16],"damage_taken":[{"damage":0,"enemies":"2 Louse","floor":1,"turns":4},{"damage":9,"enemies":"Small Slimes","floor":2,"turns":8},{"damage":9,"enemies":"Jaw Worm","floor":4,"turns":7},{"damage":0,"enemies":"Gremlin Gang","floor":5,"turns":10},{"damage":56,"enemies":"3 Sentries","floor":6,"turns":18},{"damage":1,"enemies":"Red Slaver","floor":7,"turns":6},{"damage":0,"enemies":"Blue Slaver","floor":13,"turns":3},{"damage":0,"enemies":"Lots of Slimes","floor":14,"turns":1},{"damage":27,"enemies":"Slime Boss","floor":16,"turns":9}],"seed_played":"7347920846335912429","potions_obtained":[{"floor":2,"key":"blueLaboratory:BubblePotion"},{"floor":7,"key":"ColorlessPotion"},{"floor":13,"key":"blueLaboratory:HeartbeatPotion"},{"floor":14,"key":"EssenceOfSteel"}],"is_trial":false,"path_per_floor":["M","M","?","M","M","E","M","R","T","R","?","R","M","M","R","B"],"character_chosen":"THE_CURSED","items_purchased":[],"campfire_rested":1,"item_purchase_floors":[],"current_hp_per_floor":[68,59,59,54,58,4,3,23,23,23,23,23,25,27,27,0,0],"gold":233,"neow_bonus":"RANDOM_COLORLESS_2","is_daily":false,"chose_seed":false,"campfire_upgraded":3,"win_rate":0.0,"timestamp":1613338306,"path_taken":["M","M","?","M","M","E","M","R","T","R","?","R","M","M","R","BOSS"],"items_purchased_type":[],"build_version":"2020-12-22","purchased_purges":0,"victory":false,"max_hp_per_floor":[68,68,68,68,68,68,68,68,68,68,68,68,70,72,72,72,72],"relic_stats":{"Singing Bowl":4,"counters":[9,66],"obtain_stats":[{"TheCursedMod:BlackMagic101":0,"Singing Bowl":6,"ReplayTheSpireMod:Shallot":9},{"TheCursedMod:BlackMagic101":0,"Singing Bowl":5,"ReplayTheSpireMod:Shallot":6},{"TheCursedMod:BlackMagic101":0,"Singing Bowl":47,"ReplayTheSpireMod:Shallot":53}]},"card_choices":[{"not_picked":["Violence","Transmutation"],"picked":"Chrysalis","floor":0},{"not_picked":["TheCursedMod:SpitefulStrike","TheCursedMod:AbyssShockwave"],"picked":"TheCursedMod:ReleasedKnowledge","floor":1},{"not_picked":["TheCursedMod:ReleasedKnowledge","TheCursedMod:ManaBullet"],"picked":"TheCursedMod:CircleOfBlood","floor":2},{"not_picked":["TheCursedMod:PrepareRite","TheCursedMod:Grudge"],"picked":"TheCursedMod:TroublousMinions","floor":4},{"not_picked":["TheCursedMod:CursedBoomerang","TheCursedMod:StingEye"],"picked":"TheCursedMod:WearCloak","floor":5},{"not_picked":["TheCursedMod:ReleasedKnowledge","TheCursedMod:CircleOfFlame"],"picked":"TheCursedMod:Stigma","floor":6},{"not_picked":["TheCursedMod:CircleOfAmplification","TheCursedMod:Stigma"],"picked":"TheCursedMod:SpreadPlague","floor":7},{"not_picked":["TheCursedMod:SpitefulStrike","TheCursedMod:ReleasedStrength","TheCursedMod:CircleOfAmplification"],"picked":"Singing Bowl","floor":13},{"not_picked":["TheCursedMod:RavingStaff","TheCursedMod:Wield","TheCursedMod:ReleasedStrength"],"picked":"Singing Bowl","floor":14}],"player_experience":63593,"relics_obtained":[{"floor":6,"key":"Singing Bowl"},{"floor":9,"key":"ReplayTheSpireMod:Shallot"}],"event_choices":[{"damage_healed":0,"gold_gain":0,"player_choice":"Grow","damage_taken":0,"max_hp_gain":0,"max_hp_loss":0,"event_name":"Living Wall","floor":11,"gold_loss":0,"cards_upgraded":["TheCursedMod:SpreadPlague"]}],"is_beta":false,"boss_relics":[],"items_purged_floors":[],"is_endless":false,"potions_floor_spawned":[2,7,13,14],"killed_by":"Slime Boss","ascension_level":0}}