{"host":"zxd2l8an9de7z7b9","time":1613289162,"event":{"mods":["2.2 Compatiblity","BaseMod","CapriCore","Colored Map","Colored Powertips","Minty Spire (QoL Compilation)","Rare Cards Sparkle","StSLib","SuperFastMode"],"gold_per_floor":[113,113,127,52,68,68,68,123,123,138,164,164,194,194,194,314,314,333,88,106,106,130,130,173,194,494,71,71,111,134,165,165,288,288,306,306,330,133,355,390,390,424,451,451,57,73,117,133,133,133,133,133,28,61,61],"floor_reached":56,"language":"KOR","playtime":2801,"items_purged":["Defend_R","Injury","Strike_R+1","Strike_R","Defend_R"],"score":1404,"play_id":"b85adedc-0610-4786-b090-58ba9f4236d2","local_time":"20210214165242","is_ascension_mode":true,"campfire_choices":[{"data":"Clothesline","floor":6.0,"key":"SMITH"},{"data":"Bludgeon","floor":12.0,"key":"SMITH"},{"floor":15.0,"key":"REST"},{"data":"Bludgeon","floor":23.0,"key":"SMITH"},{"data":"True Grit","floor":28.0,"key":"SMITH"},{"data":"Dark Embrace","floor":32.0,"key":"SMITH"},{"floor":44.0,"key":"RECALL"},{"data":"Fire Breathing","floor":49.0,"key":"SMITH"},{"data":"Evolve","floor":52.0,"key":"SMITH"}],"circlet_count":0,"master_deck":["Strike_R","Strike_R","Defend_R","Defend_R+1","Bash+1","Clothesline+1","Blood for Blood","Wild Strike","Flame Barrier","Bludgeon+1","Wild Strike","Blood for Blood","Bludgeon+1","Fire Breathing+1","Feel No Pain","True Grit+1","True Grit+1","Evolve+1","Reaper","Sentinel","Power Through+1","Ghostly Armor+1","Dark Embrace+1","Fiend Fire","Feel No Pain+1","Madness","Madness","Feel No Pain+1","Reckless Charge","Purity","True Grit","Seeing Red","Dark Embrace+1"],"relics":["Burning Blood","Anchor","Blood Vial","Pear","Art of War","Golden Idol","Coffee Dripper","Sling","Smiling Mask","Old Coin","HandDrill","Red Mask","Bronze Scales","Philosopher\u0027s Stone","Bag of Preparation","Self Forming Clay","Centennial Puzzle","Akabeko","Pen Nib","Lantern","Mango"],"acts_visited":["Exordium","TheCity","TheBeyond","TheEnding"],"potions_floor_usage":[55],"damage_taken":[{"damage":13.0,"enemies":"Jaw Worm","floor":1.0,"turns":4.0},{"damage":1.0,"enemies":"Cultist","floor":3.0,"turns":3.0},{"damage":12.0,"enemies":"Small Slimes","floor":5.0,"turns":3.0},{"damage":30.0,"enemies":"3 Sentries","floor":8.0,"turns":8.0},{"damage":2.0,"enemies":"3 Louse","floor":10.0,"turns":4.0},{"damage":14.0,"enemies":"3 Sentries","floor":11.0,"turns":9.0},{"damage":14.0,"enemies":"Gremlin Nob","floor":13.0,"turns":3.0},{"damage":60.0,"enemies":"Slime Boss","floor":16.0,"turns":10.0},{"damage":0.0,"enemies":"Spheric Guardian","floor":18.0,"turns":2.0},{"damage":0.0,"enemies":"Chosen","floor":20.0,"turns":4.0},{"damage":13.0,"enemies":"Snecko","floor":22.0,"turns":4.0},{"damage":32.0,"enemies":"Book of Stabbing","floor":24.0,"turns":5.0},{"damage":15.0,"enemies":"Snake Plant","floor":25.0,"turns":4.0},{"damage":23.0,"enemies":"Masked Bandits","floor":29.0,"turns":5.0},{"damage":18.0,"enemies":"Shelled Parasite and Fungi","floor":30.0,"turns":5.0},{"damage":24.0,"enemies":"Gremlin Leader","floor":31.0,"turns":6.0},{"damage":75.0,"enemies":"Automaton","floor":33.0,"turns":13.0},{"damage":23.0,"enemies":"3 Darklings","floor":35.0,"turns":7.0},{"damage":2.0,"enemies":"3 Shapes","floor":37.0,"turns":2.0},{"damage":28.0,"enemies":"Reptomancer","floor":40.0,"turns":5.0},{"damage":31.0,"enemies":"Giant Head","floor":42.0,"turns":9.0},{"damage":20.0,"enemies":"3 Darklings","floor":46.0,"turns":7.0},{"damage":24.0,"enemies":"Reptomancer","floor":47.0,"turns":6.0},{"damage":0.0,"enemies":"Transient","floor":48.0,"turns":5.0},{"damage":14.0,"enemies":"Time Eater","floor":50.0,"turns":10.0},{"damage":34.0,"enemies":"Shield and Spear","floor":54.0,"turns":5.0},{"damage":50,"enemies":"The Heart","floor":55,"turns":7}],"seed_played":"-947565139730515423","potions_obtained":[{"floor":8.0,"key":"SpeedPotion"},{"floor":13.0,"key":"AttackPotion"},{"floor":16.0,"key":"Block Potion"},{"floor":18.0,"key":"FairyPotion"},{"floor":21.0,"key":"Energy Potion"},{"floor":21.0,"key":"Energy Potion"},{"floor":31.0,"key":"Block Potion"},{"floor":35.0,"key":"AttackPotion"},{"floor":37.0,"key":"DistilledChaos"},{"floor":47.0,"key":"SkillPotion"}],"is_trial":false,"path_per_floor":["M","?","M","$","M","R","?","?","T","M","E","R","E","?","R","B",null,"M","$","M","?","M","R","E","M","T","$","R","?","M","E","R","B",null,"M","?","M","$","?","E","?","E","T","R","$","M","E","M","R","B",null,"R","$","E","B",null],"character_chosen":"IRONCLAD","items_purchased":["Sling","Evolve","Reaper","Sentinel","HandDrill","Bag of Preparation","Akabeko","Pen Nib","True Grit","HeartOfIron"],"campfire_rested":1,"item_purchase_floors":[19,27,27,27,27,38,45,45,45,53],"current_hp_per_floor":[73,73,78,78,72,72,56,32,32,38,42,42,36,36,63,11,90,90,90,90,90,83,83,59,52,52,52,52,43,39,35,35,9,90,83,72,78,78,78,58,58,35,35,35,35,35,19,27,27,27,90,90,90,83,47],"gold":61,"neow_bonus":"REMOVE_CARD","is_daily":false,"chose_seed":false,"campfire_upgraded":7,"win_rate":0.0,"timestamp":1613289162,"path_taken":["M","?","M","$","?","R","?","?","T","M","E","R","E","?","R","BOSS","M","$","M","?","?","R","E","M","T","$","R","?","M","E","R","BOSS","M","?","M","$","?","E","?","E","T","R","?","M","E","?","R","BOSS","R","$","E","BOSS"],"items_purchased_type":["Relic","Card","Card","Card","Relic","Relic","Relic","Relic","Card","Potion"],"build_version":"2020-12-22","purchased_purges":5,"victory":true,"max_hp_per_floor":[80,80,80,80,80,80,80,80,80,80,90,90,90,90,90,90,90,90,90,90,90,90,90,90,90,90,90,90,90,90,90,90,90,90,90,90,90,90,90,90,90,90,90,90,90,90,90,90,90,90,90,90,90,104,104],"card_choices":[{"not_picked":["Iron Wave","Sword Boomerang"],"picked":"Clothesline","floor":1.0},{"not_picked":["Cleave","Twin Strike"],"picked":"Blood for Blood","floor":3.0},{"not_picked":["Whirlwind","Rage"],"picked":"Wild Strike","floor":5.0},{"not_picked":["Shrug It Off","Flex"],"picked":"Flame Barrier","floor":8.0},{"not_picked":["Sentinel","Headbutt"],"picked":"Bludgeon","floor":10.0},{"not_picked":["Clothesline","Body Slam"],"picked":"Wild Strike","floor":11.0},{"not_picked":["Twin Strike","Headbutt"],"picked":"Blood for Blood","floor":13.0},{"not_picked":["Berserk","Juggernaut"],"picked":"Bludgeon","floor":16.0},{"not_picked":["Flex","Pommel Strike"],"picked":"Fire Breathing","floor":18.0},{"not_picked":["Body Slam+1","Armaments+1"],"picked":"Feel No Pain","floor":20.0},{"not_picked":["Spot Weakness","Demon Form","Iron Wave+1"],"picked":"SKIP","floor":22.0},{"not_picked":["Sentinel","Armaments+1"],"picked":"True Grit+1","floor":24.0},{"not_picked":["Heavy Blade+1","Iron Wave+1"],"picked":"True Grit","floor":25.0},{"not_picked":["Rage","Bloodletting+1"],"picked":"Power Through+1","floor":29.0},{"not_picked":["Anger","Flame Barrier"],"picked":"Ghostly Armor+1","floor":30.0},{"not_picked":["Havoc","Hemokinesis+1"],"picked":"Dark Embrace","floor":31.0},{"not_picked":["Impervious","Brutality"],"picked":"Fiend Fire","floor":33.0},{"not_picked":["Body Slam","Warcry+1"],"picked":"Feel No Pain+1","floor":35.0},{"not_picked":["Sword Boomerang","Clothesline"],"picked":"Feel No Pain+1","floor":37.0},{"not_picked":["Wild Strike+1","Uppercut"],"picked":"Reckless Charge","floor":40.0},{"not_picked":["HandOfGreed","Secret Weapon"],"picked":"Purity","floor":41.0},{"not_picked":["Carnage","Searing Blow","Anger+1"],"picked":"SKIP","floor":42.0},{"not_picked":["Warcry","Thunderclap+1"],"picked":"Seeing Red","floor":46.0},{"not_picked":["Limit Break","Thunderclap","Heavy Blade"],"picked":"SKIP","floor":47.0},{"not_picked":["Rage","Warcry+1"],"picked":"Dark Embrace+1","floor":48.0},{"not_picked":["Havoc","Thunderclap+1","Heavy Blade+1"],"picked":"SKIP","floor":54.0}],"player_experience":342423,"relics_obtained":[{"floor":8.0,"key":"Anchor"},{"floor":9.0,"key":"Blood Vial"},{"floor":11.0,"key":"Pear"},{"floor":13.0,"key":"Art of War"},{"floor":24.0,"key":"Smiling Mask"},{"floor":26.0,"key":"Old Coin"},{"floor":29.0,"key":"Red Mask"},{"floor":31.0,"key":"Bronze Scales"},{"floor":40.0,"key":"Self Forming Clay"},{"floor":42.0,"key":"Centennial Puzzle"},{"floor":47.0,"key":"Lantern"},{"floor":54.0,"key":"Mango"}],"event_choices":[{"damage_healed":0.0,"max_hp_gain":0.0,"max_hp_loss":0.0,"gold_gain":0.0,"event_name":"Accursed Blacksmith","player_choice":"Forge","floor":2.0,"gold_loss":0.0,"damage_taken":0.0,"cards_upgraded":["Bash"]},{"damage_healed":0.0,"max_hp_gain":0.0,"max_hp_loss":0.0,"gold_gain":0.0,"event_name":"Shining Light","player_choice":"Entered Light","floor":7.0,"gold_loss":0.0,"damage_taken":16.0,"cards_upgraded":["Strike_R","Defend_R"]},{"damage_healed":0.0,"max_hp_gain":0.0,"max_hp_loss":0.0,"gold_gain":0.0,"event_name":"Dead Adventurer","player_choice":"Searched \u00271\u0027 times","floor":8.0,"gold_loss":0.0,"damage_taken":0.0},{"damage_healed":0.0,"max_hp_gain":0.0,"max_hp_loss":0.0,"gold_gain":0.0,"event_name":"Golden Idol","player_choice":"Take Wound","floor":14.0,"gold_loss":0.0,"damage_taken":0.0,"relics_obtained":["Golden Idol"],"cards_obtained":["Injury"]},{"damage_healed":0.0,"max_hp_gain":0.0,"max_hp_loss":0.0,"gold_gain":0.0,"event_name":"Lab","player_choice":"Got Potions","floor":21.0,"gold_loss":0.0,"damage_taken":0.0},{"damage_healed":0.0,"max_hp_gain":0.0,"max_hp_loss":0.0,"gold_gain":0.0,"event_name":"Masked Bandits","player_choice":"Fought Bandits","floor":29.0,"gold_loss":0.0,"damage_taken":0.0},{"damage_healed":0.0,"max_hp_gain":0.0,"max_hp_loss":0.0,"gold_gain":0.0,"event_name":"Winding Halls","player_choice":"Embrace Madness","floor":36.0,"gold_loss":0.0,"damage_taken":11.0,"cards_obtained":["Madness","Madness"]},{"damage_healed":0.0,"max_hp_gain":0.0,"max_hp_loss":0.0,"gold_gain":222.0,"event_name":"Tomb of Lord Red Mask","player_choice":"Wore Mask","floor":39.0,"gold_loss":0.0,"damage_taken":0.0},{"damage_healed":0.0,"max_hp_gain":0.0,"max_hp_loss":0.0,"gold_gain":0.0,"event_name":"SensoryStone","player_choice":"Memory 1","floor":41.0,"gold_loss":0.0,"damage_taken":0.0}],"is_beta":false,"boss_relics":[{"not_picked":["Runic Dome","SacredBark"],"picked":"Coffee Dripper"},{"not_picked":["Snecko Eye","Black Star"],"picked":"Philosopher\u0027s Stone"}],"items_purged_floors":[4,19,27,38,45],"is_endless":false,"potions_floor_spawned":[8,13,16,18,20,24,31,35,37,47],"ascension_level":2}}