{"host":"rmsq46plbpwfbxcc","time":1613307212,"event":{"mods":["AchievementEnabler","BaseMod","Colored Map","Colored Powertips","DeckTracker","KOR Keyword Fix","Minty Spire (QoL Compilation)","Permanent Neow","Quick Restart","SuperFastMode"],"gold_per_floor":[113,126,142,156,156,156,173,198,222,249,249,174,174,193,193,296,296,314,239,42,42,61,61,92,92,92,124,139,150,175,175,175,275,275,295,295,36,47,61,61,86,0,0,32,14,14,64,92,92,92,92],"floor_reached":50,"language":"KOR","playtime":1346,"items_purged":["Strike_G","Strike_G"],"score":839,"play_id":"ebd9e8d4-ef99-4ea5-a176-21efbfd25ba2","local_time":"20210214215332","is_ascension_mode":true,"campfire_choices":[{"data":"Cloak And Dagger","floor":6.0,"key":"SMITH"},{"data":"Terror","floor":11.0,"key":"SMITH"},{"data":"Glass Knife","floor":15.0,"key":"SMITH"},{"data":"Choke","floor":23.0,"key":"SMITH"},{"data":"Neutralize","floor":25.0,"key":"SMITH"},{"data":"Blade Dance","floor":32.0,"key":"SMITH"},{"data":"Flash of Steel","floor":40.0,"key":"SMITH"},{"floor":46.0,"key":"RECALL"},{"floor":49,"key":"DIG"}],"circlet_count":0,"master_deck":["Defend_G","Survivor+1","Neutralize+1","Caltrops+1","Flechettes+1","Skewer+1","PiercingWail+1","Cloak And Dagger+1","Glass Knife+1","Terror+1","Flash of Steel+1","Choke+1","Backflip+1","Blade Dance+1","Bullet Time","Cloak And Dagger+1","Acrobatics","Blade Dance+1"],"relics":["Astrolabe","Vajra","Nunchaku","Philosopher\u0027s Stone","Blood Vial","Pantograph","Shuriken","Shovel","TungstenRod","Empty Cage","HornCleat","War Paint","Red Mask","The Courier","Happy Flower","Bird Faced Urn","Darkstone Periapt","Bottled Lightning"],"acts_visited":["Exordium","TheCity","TheBeyond"],"potions_floor_usage":[48],"damage_taken":[{"damage":0.0,"enemies":"Cultist","floor":1.0,"turns":3.0},{"damage":4.0,"enemies":"2 Louse","floor":2.0,"turns":3.0},{"damage":4.0,"enemies":"Small Slimes","floor":3.0,"turns":4.0},{"damage":1.0,"enemies":"3 Louse","floor":4.0,"turns":4.0},{"damage":0.0,"enemies":"2 Fungi Beasts","floor":7.0,"turns":3.0},{"damage":22.0,"enemies":"Gremlin Nob","floor":8.0,"turns":4.0},{"damage":11.0,"enemies":"Lagavulin","floor":10.0,"turns":5.0},{"damage":0.0,"enemies":"Blue Slaver","floor":14.0,"turns":2.0},{"damage":0.0,"enemies":"Slime Boss","floor":16.0,"turns":6.0},{"damage":2.0,"enemies":"Shell Parasite","floor":18.0,"turns":3.0},{"damage":0.0,"enemies":"Chosen","floor":22.0,"turns":2.0},{"damage":18.0,"enemies":"Slavers","floor":24.0,"turns":4.0},{"damage":19.0,"enemies":"Gremlin Leader","floor":27.0,"turns":4.0},{"damage":0.0,"enemies":"Snake Plant","floor":28.0,"turns":2.0},{"damage":0.0,"enemies":"3 Cultists","floor":29.0,"turns":3.0},{"damage":26.0,"enemies":"Slavers","floor":30.0,"turns":3.0},{"damage":25.0,"enemies":"Champ","floor":33.0,"turns":6.0},{"damage":4.0,"enemies":"Orb Walker","floor":35.0,"turns":2.0},{"damage":0.0,"enemies":"3 Darklings","floor":38.0,"turns":3.0},{"damage":6.0,"enemies":"Sphere and 2 Shapes","floor":39.0,"turns":3.0},{"damage":0.0,"enemies":"Giant Head","floor":41.0,"turns":5.0},{"damage":19.0,"enemies":"Reptomancer","floor":44.0,"turns":5.0},{"damage":23.0,"enemies":"2 Orb Walkers","floor":47.0,"turns":4.0},{"damage":15,"enemies":"Nemesis","floor":48,"turns":3},{"damage":30,"enemies":"Donu and Deca","floor":50,"turns":3}],"seed_played":"2103257392434734339","potions_obtained":[{"floor":3.0,"key":"Fire Potion"},{"floor":4.0,"key":"PowerPotion"},{"floor":14.0,"key":"ColorlessPotion"},{"floor":22.0,"key":"LiquidMemories"},{"floor":30.0,"key":"Dexterity Potion"},{"floor":33.0,"key":"PowerPotion"},{"floor":35.0,"key":"Swift Potion"},{"floor":44.0,"key":"Strength Potion"}],"is_trial":false,"path_per_floor":["M","M","M","M","?","R","M","E","T","E","R","$","?","M","R","B",null,"M","?","$","?","M","R","E","R","T","E","M","M","E","?","R","B",null,"M","?","$","M","M","R","E","?","T","E","$","R","?","E","R","B"],"character_chosen":"THE_SILENT","items_purchased":["Flash of Steel","HornCleat","Acrobatics"],"campfire_rested":0,"item_purchase_floors":[20,37,45],"current_hp_per_floor":[70,66,62,61,61,61,61,39,39,28,28,28,21,21,21,21,58,56,56,56,56,58,58,42,42,42,25,27,29,5,5,5,7,54,52,52,52,54,50,50,52,52,52,35,35,35,14,1,1,0,0],"gold":92,"neow_bonus":"BOSS_RELIC","is_daily":false,"chose_seed":false,"campfire_upgraded":7,"win_rate":0.0,"timestamp":1613307212,"path_taken":["M","M","M","?","?","R","M","E","T","E","R","$","?","M","R","BOSS","M","?","$","?","M","R","E","R","T","E","M","M","E","?","R","BOSS","M","?","$","M","?","R","E","?","T","E","?","R","?","E","R","BOSS"],"items_purchased_type":["Card","Relic","Card"],"build_version":"2020-12-22","purchased_purges":2,"victory":false,"max_hp_per_floor":[70,70,70,70,70,70,70,70,70,70,70,70,70,70,70,70,70,70,70,70,70,70,70,70,70,70,70,70,70,70,70,70,70,70,70,70,70,70,70,70,70,70,70,70,70,70,70,70,70,70,70],"card_choices":[{"not_picked":["Deflect","Outmaneuver","Dagger Spray"],"picked":"SKIP","floor":1.0},{"not_picked":["Acrobatics","Endless Agony","Deflect"],"picked":"SKIP","floor":2.0},{"not_picked":["Slice","Backstab"],"picked":"PiercingWail","floor":3.0},{"not_picked":["Dodge and Roll","Crippling Poison"],"picked":"Cloak And Dagger","floor":4.0},{"not_picked":["Deadly Poison","Poisoned Stab"],"picked":"Glass Knife","floor":7.0},{"not_picked":["Slice","Dagger Throw"],"picked":"Terror","floor":8.0},{"not_picked":["Doppelganger","Malaise","Endless Agony"],"picked":"SKIP","floor":10.0},{"not_picked":["Setup","Bane","Slice"],"picked":"SKIP","floor":14.0},{"not_picked":["Expertise","Prepared","Sucker Punch"],"picked":"SKIP","floor":18.0},{"not_picked":["Tactician","Deadly Poison+1"],"picked":"Choke","floor":22.0},{"not_picked":["Deflect","Riddle With Holes"],"picked":"Backflip+1","floor":24.0},{"not_picked":["Caltrops","All Out Attack+1","Setup+1"],"picked":"SKIP","floor":27.0},{"not_picked":["Prepared","Poisoned Stab+1","Sucker Punch+1"],"picked":"SKIP","floor":28.0},{"not_picked":["Dagger Throw+1","Underhanded Strike+1"],"picked":"Blade Dance","floor":29.0},{"not_picked":["PiercingWail","Skewer+1","Infinite Blades"],"picked":"SKIP","floor":30.0},{"not_picked":["Wraith Form v2","Tools of the Trade"],"picked":"Bullet Time","floor":33.0},{"not_picked":["Cloak And Dagger+1","Sucker Punch","Outmaneuver+1"],"picked":"SKIP","floor":35.0},{"not_picked":["Prepared","Eviscerate+1","Sucker Punch"],"picked":"SKIP","floor":38.0},{"not_picked":["Cloak And Dagger","Deflect","Outmaneuver"],"picked":"SKIP","floor":39.0},{"not_picked":["Bouncing Flask+1","Storm of Steel","Outmaneuver+1"],"picked":"SKIP","floor":41.0},{"not_picked":["Slice","Poisoned Stab+1","Deflect"],"picked":"SKIP","floor":44.0},{"not_picked":["Dagger Spray","Deflect+1"],"picked":"Blade Dance+1","floor":48}],"player_experience":642630,"relics_obtained":[{"floor":8.0,"key":"Vajra"},{"floor":10.0,"key":"Nunchaku"},{"floor":24.0,"key":"Pantograph"},{"floor":26.0,"key":"Shuriken"},{"floor":27.0,"key":"Shovel"},{"floor":30.0,"key":"TungstenRod"},{"floor":41.0,"key":"War Paint"},{"floor":43.0,"key":"The Courier"},{"floor":44.0,"key":"Happy Flower"},{"floor":47.0,"key":"Bird Faced Urn"},{"floor":48,"key":"Darkstone Periapt"},{"floor":49,"key":"Bottled Lightning"}],"event_choices":[{"damage_healed":0.0,"max_hp_gain":0.0,"max_hp_loss":0.0,"gold_gain":0.0,"event_name":"Liars Game","player_choice":"Ignored","floor":5.0,"gold_loss":0.0,"damage_taken":0.0},{"cards_removed":["Defend_G"],"damage_healed":0.0,"max_hp_gain":0.0,"max_hp_loss":0.0,"gold_gain":0.0,"event_name":"Golden Wing","player_choice":"Card Removal","floor":13.0,"gold_loss":0.0,"damage_taken":7.0},{"cards_removed":["Defend_G"],"damage_healed":0.0,"max_hp_gain":0.0,"max_hp_loss":0.0,"gold_gain":0.0,"event_name":"Beggar","player_choice":"Gave Gold","floor":19.0,"gold_loss":75.0,"damage_taken":0.0},{"damage_healed":0.0,"max_hp_gain":0.0,"max_hp_loss":0.0,"gold_gain":0.0,"event_name":"The Mausoleum","player_choice":"Opened","floor":21.0,"gold_loss":0.0,"damage_taken":0.0,"relics_obtained":["Blood Vial"]},{"damage_healed":0.0,"max_hp_gain":0.0,"max_hp_loss":0.0,"gold_gain":0.0,"event_name":"Cursed Tome","player_choice":"Ignored","floor":31.0,"gold_loss":0.0,"damage_taken":0.0},{"damage_healed":0.0,"max_hp_gain":0.0,"max_hp_loss":0.0,"gold_gain":0.0,"event_name":"Duplicator","player_choice":"Copied","floor":36.0,"gold_loss":0.0,"damage_taken":0.0,"cards_obtained":["Cloak And Dagger"]},{"damage_healed":0.0,"max_hp_gain":0.0,"max_hp_loss":0.0,"gold_gain":0.0,"event_name":"Tomb of Lord Red Mask","player_choice":"Paid","floor":42.0,"gold_loss":86.0,"damage_taken":0.0,"relics_obtained":["Red Mask"]},{"damage_healed":0.0,"max_hp_gain":0.0,"max_hp_loss":0.0,"gold_gain":0.0,"event_name":"Mysterious Sphere","player_choice":"Fight","floor":47.0,"gold_loss":0.0,"damage_taken":0.0}],"is_beta":false,"boss_relics":[{"not_picked":["Ectoplasm","Busted Crown"],"picked":"Philosopher\u0027s Stone"},{"not_picked":["HoveringKite","Black Star"],"picked":"Empty Cage"}],"items_purged_floors":[12,20],"is_endless":false,"potions_floor_spawned":[3,4,14,22,30,33,35,44],"killed_by":"Donu and Deca","ascension_level":5}}