{"host":"x665ekuy0qorxtwt","time":1613298759,"event":{"mods":["AchievementEnabler","BaseMod","Bestiary","Colored Map","Colored Powertips","Minty Spire (QoL Compilation)"],"gold_per_floor":[119,136,153,166,178,208,208,219,301,301,318,332,332,332,332,332,332],"floor_reached":16,"language":"ENG","playtime":816,"items_purged":[],"score":106,"play_id":"f191e5b0-7dfb-4f96-afce-953d791fa8cf","local_time":"20210214023239","is_ascension_mode":false,"campfire_choices":[{"floor":7,"key":"REST"},{"floor":10,"key":"REST"},{"data":"PathToVictory","floor":13,"key":"SMITH"},{"floor":15,"key":"REST"}],"circlet_count":0,"master_deck":["Strike_P","Strike_P","Strike_P","Strike_P","Defend_P","Defend_P","Defend_P","Defend_P","Eruption","Vigilance","Worship","Prostrate","ThirdEye","Halt","PathToVictory+1"],"relics":["PureWater","Strawberry","Mercury Hourglass"],"acts_visited":["Exordium"],"potions_floor_usage":[6,8,16,16],"damage_taken":[{"damage":0,"enemies":"Small Slimes","floor":1,"turns":2},{"damage":0,"enemies":"Cultist","floor":2,"turns":3},{"damage":3,"enemies":"2 Louse","floor":3,"turns":5},{"damage":9,"enemies":"Exordium Thugs","floor":4,"turns":6},{"damage":2,"enemies":"2 Fungi Beasts","floor":5,"turns":5},{"damage":64,"enemies":"Gremlin Nob","floor":6,"turns":6},{"damage":27,"enemies":"Gremlin Gang","floor":8,"turns":6},{"damage":5,"enemies":"Large Slime","floor":11,"turns":5},{"damage":0,"enemies":"2 Fungi Beasts","floor":12,"turns":3},{"damage":52,"enemies":"Hexaghost","floor":16,"turns":9}],"seed_played":"7908829121068580772","potions_obtained":[{"floor":1,"key":"Fire Potion"},{"floor":3,"key":"Weak Potion"},{"floor":8,"key":"FearPotion"},{"floor":11,"key":"Ancient Potion"}],"is_trial":false,"path_per_floor":["M","M","M","M","M","E","R","M","T","R","M","M","R","?","R","B"],"character_chosen":"WATCHER","items_purchased":[],"campfire_rested":3,"item_purchase_floors":[],"current_hp_per_floor":[79,79,76,67,65,8,33,6,6,31,26,26,26,26,51,0,0],"gold":332,"neow_bonus":"TEN_PERCENT_HP_BONUS","is_daily":false,"chose_seed":false,"campfire_upgraded":1,"win_rate":0.0,"timestamp":1613298759,"path_taken":["M","M","M","M","M","E","R","M","T","R","M","M","R","?","R","BOSS"],"items_purchased_type":[],"build_version":"2020-12-22","purchased_purges":0,"victory":false,"max_hp_per_floor":[79,79,79,79,79,86,86,86,86,86,86,86,86,86,86,86,86],"card_choices":[{"not_picked":["Prostrate","Nirvana"],"picked":"Worship","floor":1},{"not_picked":["FlurryOfBlows","CarveReality"],"picked":"Prostrate","floor":2},{"not_picked":["SashWhip","Protect","Evaluate"],"picked":"SKIP","floor":3},{"not_picked":["SashWhip","EmptyFist","MentalFortress"],"picked":"SKIP","floor":4},{"not_picked":["DeceiveReality","BattleHymn","FlyingSleeves"],"picked":"SKIP","floor":5},{"not_picked":["Evaluate","InnerPeace","Omniscience"],"picked":"SKIP","floor":6},{"not_picked":["FlurryOfBlows","EmptyBody"],"picked":"ThirdEye","floor":8},{"not_picked":["ClearTheMind","ThirdEye"],"picked":"Halt","floor":11},{"not_picked":["Halt","Nirvana"],"picked":"PathToVictory","floor":12}],"player_experience":212602,"relics_obtained":[{"floor":6,"key":"Strawberry"},{"floor":9,"key":"Mercury Hourglass"}],"event_choices":[{"damage_healed":0,"gold_gain":0,"player_choice":"Bought 0 Potions","damage_taken":0,"max_hp_gain":0,"max_hp_loss":0,"event_name":"The Woman in Blue","floor":14,"gold_loss":0}],"is_beta":false,"boss_relics":[],"items_purged_floors":[],"is_endless":false,"potions_floor_spawned":[1,3,8,11],"killed_by":"Hexaghost","ascension_level":0}}