{"host":"czzthkrvfe6r7fjf","time":1613325196,"event":{"mods":["ATMod(∞¢Ë™Mod)","Act Like it!","BaseMod","Downfall","GungeonMod","Marisa£®ÏF”Í°°ƒß¿Ì…≥£©","Minty Spire (QoL Compilation)","Quick Restart","StSLib","The Servant 0.9.4","Waifu the Spire","°æπ¶ƒ‹Mod°øªÏ„Á÷Æª∑–ﬁ∏¥≤π∂°"],"gold_per_floor":[114,129,79,154,8,41,41,60,86,112,122,156,175,207,207,305,305,316,85,85,103,103,103,116,31,56,87,87,113,113,138,138,240,240,256,10,22,36,55,55,82,82,133,168,186,204,231,283,283,283],"floor_reached":51,"language":"ZHS","playtime":1788,"items_purged":["Strike_MRS","Strike_MRS"],"score":1608,"play_id":"3c48ab4b-759a-40d5-8f9d-0c56621d64a1","local_time":"20210215015316","is_ascension_mode":true,"campfire_choices":[{"data":"AT_BodySlamDance","floor":7.0,"key":"SMITH"},{"data":"Acceleration","floor":15.0,"key":"SMITH"},{"data":"MagicChant","floor":23.0,"key":"SMITH"},{"data":"UltimateShortwave","floor":28.0,"key":"SMITH"},{"data":"AsteroidBelt","floor":30.0,"key":"SMITH"},{"data":"Acceleration","floor":32.0,"key":"SMITH"},{"floor":40.0,"key":"REST"},{"data":"UpSweep","floor":42.0,"key":"SMITH"},{"data":"ManaConvection","floor":49,"key":"SMITH"}],"circlet_count":0,"master_deck":["AscendersBane","Strike_MRS","Defend_MRS","Defend_MRS","Defend_MRS","MasterSpark","UpSweep+1","AT_BodySlamDance+1","GrandCross","PropBag","Acceleration+1","GrandCross","Acceleration+1","AsteroidBelt+1","UltimateShortwave+1","MagicChant+1","CurseOfTheBell","Parasite","BlazeAway+1","OrrerysSun+1","ManaConvection+1"],"relics":["MiniHakkero","AT_ATBox","NeowsBlessing","AT_SunfireAegis","DemoMod:AgedBell","Orichalcum","DemoMod:OrangeGuonStone","Lizard Tail","Boot","SlaversCollar","Bag of Marbles","Vajra","Oddly Smooth Stone","Regal Pillow","Dream Catcher","Centennial Puzzle","Calling Bell","Lantern","DemoMod:MemoryAlloy","Calipers","DemoMod:WeirdEgg","HornCleat","AT_ChloranthyRing","Strawberry","Ice Cream","CatCart"],"acts_visited":["Exordium","TheCity","TheBeyond"],"potions_floor_usage":[],"damage_taken":[{"damage":0.0,"enemies":"2 Louse","floor":1.0,"turns":1.0},{"damage":0.0,"enemies":"Small Slimes","floor":2.0,"turns":1.0},{"damage":0.0,"enemies":"Gremlin Nob","floor":6.0,"turns":1.0},{"damage":0.0,"enemies":"Jaw Worm","floor":8.0,"turns":2.0},{"damage":15.0,"enemies":"3 Sentries","floor":10.0,"turns":5.0},{"damage":0.0,"enemies":"Large Slime","floor":11.0,"turns":4.0},{"damage":19.0,"enemies":"Lagavulin","floor":12.0,"turns":5.0},{"damage":0.0,"enemies":"2 Fungi Beasts","floor":13.0,"turns":2.0},{"damage":0.0,"enemies":"3 Sentries","floor":14.0,"turns":4.0},{"damage":0.0,"enemies":"Slime Boss","floor":16.0,"turns":5.0},{"damage":3.0,"enemies":"Chosen","floor":18.0,"turns":3.0},{"damage":3.0,"enemies":"Spheric Guardian","floor":21.0,"turns":3.0},{"damage":0.0,"enemies":"3 Cultists","floor":24.0,"turns":3.0},{"damage":3.0,"enemies":"Slavers","floor":27.0,"turns":3.0},{"damage":2.0,"enemies":"Gremlin Leader","floor":29.0,"turns":3.0},{"damage":0.0,"enemies":"Book of Stabbing","floor":31.0,"turns":2.0},{"damage":8.0,"enemies":"Automaton","floor":33.0,"turns":3.0},{"damage":0.0,"enemies":"Orb Walker","floor":35.0,"turns":2.0},{"damage":10.0,"enemies":"3 Darklings","floor":37.0,"turns":4.0},{"damage":6.0,"enemies":"Jaw Worm Horde","floor":38.0,"turns":2.0},{"damage":6.0,"enemies":"Writhing Mass","floor":39.0,"turns":5.0},{"damage":0.0,"enemies":"Nemesis","floor":41.0,"turns":5.0},{"damage":0.0,"enemies":"Reptomancer","floor":44.0,"turns":2.0},{"damage":0.0,"enemies":"Sphere and 2 Shapes","floor":45.0,"turns":2.0},{"damage":0.0,"enemies":"Spire Growth","floor":46.0,"turns":2.0},{"damage":0.0,"enemies":"Nemesis","floor":47.0,"turns":4.0},{"damage":0,"enemies":"Orin","floor":48,"turns":7},{"damage":12,"enemies":"Time Eater","floor":50,"turns":6}],"seed_played":"9069325250880725985","potions_obtained":[{"floor":2.0,"key":"Fire Potion"},{"floor":8.0,"key":"Strength Potion"},{"floor":10.0,"key":"Fire Potion"},{"floor":11.0,"key":"Strength Potion"},{"floor":18.0,"key":"Fire Potion"},{"floor":37.0,"key":"Dexterity Potion"},{"floor":45.0,"key":"LiquidBronze"}],"is_trial":false,"path_per_floor":["M","M","?","?","$","E","R","M","T","E","M","E","M","E","R","B",null,"M","$","?","M","?","R","M","?","T","E","R","E","R","E","R","B",null,"M","$","M","M","M","R","E","R","T","E","M","M","E","?","R","B",null],"character_chosen":"MARISA","items_purchased":["AT_SunfireAegis","Bag of Marbles","DemoMod:WeirdEgg"],"campfire_rested":1,"item_purchase_floors":[5,19,36],"current_hp_per_floor":[68,68,68,57,57,57,57,57,57,42,42,35,35,35,35,47,68,65,65,65,62,62,62,62,62,62,59,59,57,57,57,57,49,69,69,69,59,53,47,75,75,75,75,82,82,82,82,82,82,70],"gold":283,"neow_bonus":"THREE_ENEMY_KILL","is_daily":false,"chose_seed":false,"campfire_upgraded":8,"win_rate":0.0,"timestamp":1613325196,"path_taken":["M","M","?","?","$","E","R","M","T","E","M","E","M","E","R","BOSS","M","$","?","M","?","R","M","?","T","E","R","E","R","E","R","BOSS","M","$","M","M","M","R","E","R","T","E","M","M","E","?","R","BOSS"],"items_purchased_type":["Relic","Relic","Relic"],"build_version":"2020-12-22","purchased_purges":2,"victory":true,"max_hp_per_floor":[75,75,75,75,75,75,75,75,75,75,75,75,75,75,75,75,75,75,75,75,75,75,75,75,75,75,75,75,75,75,75,75,75,75,75,75,75,75,75,75,75,75,75,82,82,82,82,82,82,82],"card_choices":[{"not_picked":["Acceleration","MysteriousBeam"],"picked":"GrandCross","floor":1.0},{"not_picked":["Occultation","LuminesStrike"],"picked":"PropBag","floor":2.0},{"not_picked":["Singularity","DoubleSpark"],"picked":"Acceleration","floor":6.0},{"not_picked":["PulseMagic","ShootingEcho","ShootTheMoon"],"picked":"SKIP","floor":8.0},{"not_picked":["MaximisePower","PropBag"],"picked":"GrandCross","floor":10.0},{"not_picked":["MilkyWay","PowerUp","GrandCross"],"picked":"SKIP","floor":11.0},{"not_picked":["MilkyWay","PowerUp","GrandCross"],"picked":"SKIP","floor":11.0},{"not_picked":["SuperNova","GrandCross"],"picked":"Acceleration","floor":12.0},{"not_picked":["SprinkleStarSeal","EventHorizon"],"picked":"AsteroidBelt","floor":13.0},{"not_picked":["OneTimeOff","MysteriousBeam","GravityBeat"],"picked":"SKIP","floor":14.0},{"not_picked":["SatelliteIllusion","StarDustReverie"],"picked":"UltimateShortwave","floor":16.0},{"not_picked":["ShootTheMoon+1","IllusionStar+1"],"picked":"MagicChant","floor":18.0},{"not_picked":["StarlightTyphoon","GalacticHalo","Singularity+1"],"picked":"SKIP","floor":21.0},{"not_picked":["NonDirectionalLaser","ChargingUp","MysteriousBeam+1"],"picked":"SKIP","floor":24.0},{"not_picked":["ChargeUpSpray","OpenUniverse","GalacticHalo"],"picked":"SKIP","floor":27.0},{"not_picked":["BigCrunch","DarkMatter","BinaryStars"],"picked":"SKIP","floor":29.0},{"not_picked":["PowerUp","OpenUniverse","DoubleSpark"],"picked":"SKIP","floor":31.0},{"not_picked":["SporeBomb","DarkMatter","WitchOfGreed"],"picked":"SKIP","floor":35.0},{"not_picked":["GravityBeat+1","WitchLeyline","EnergyFlow"],"picked":"SKIP","floor":37.0},{"not_picked":["ManaRampage","6A","DragonMeteor"],"picked":"SKIP","floor":38.0},{"not_picked":["DoubleSpark+1","MachineGunSpark+1"],"picked":"BlazeAway+1","floor":39.0},{"not_picked":["Acceleration+1","MachineGunSpark+1"],"picked":"OrrerysSun+1","floor":40.0},{"not_picked":["TreasureHunter","OrrerysSun","PropBag"],"picked":"SKIP","floor":41.0},{"not_picked":["WitchLeyline","AsteroidBelt","SatelliteIllusion"],"picked":"SKIP","floor":44.0},{"not_picked":["WitchLeyline","OneTimeOff+1"],"picked":"ManaConvection","floor":45.0},{"not_picked":["GrandCross+1","MilkyWay+1","OrrerysSun"],"picked":"SKIP","floor":46.0},{"not_picked":["DoubleSpark","GravityBeat+1","PropBag"],"picked":"SKIP","floor":47.0}],"player_experience":225631,"relics_obtained":[{"floor":6.0,"key":"DemoMod:AgedBell"},{"floor":9.0,"key":"Orichalcum"},{"floor":10.0,"key":"DemoMod:OrangeGuonStone"},{"floor":12.0,"key":"Lizard Tail"},{"floor":14.0,"key":"Boot"},{"floor":26.0,"key":"Oddly Smooth Stone"},{"floor":27.0,"key":"Regal Pillow"},{"floor":29.0,"key":"Dream Catcher"},{"floor":31.0,"key":"Centennial Puzzle"},{"floor":34.0,"key":"Lantern"},{"floor":34.0,"key":"DemoMod:MemoryAlloy"},{"floor":34.0,"key":"Calipers"},{"floor":41.0,"key":"HornCleat"},{"floor":43.0,"key":"AT_ChloranthyRing"},{"floor":44.0,"key":"Strawberry"},{"floor":47.0,"key":"Ice Cream"},{"floor":48,"key":"CatCart"}],"event_choices":[{"cards_removed":["Strike_MRS"],"damage_healed":0.0,"max_hp_gain":0.0,"max_hp_loss":0.0,"gold_gain":0.0,"event_name":"The Cleric","player_choice":"Card Removal","floor":3.0,"gold_loss":50.0,"damage_taken":0.0},{"damage_healed":0.0,"max_hp_gain":0.0,"max_hp_loss":0.0,"gold_gain":75.0,"event_name":"World of Goop","player_choice":"Gather Gold","floor":4.0,"gold_loss":0.0,"damage_taken":11.0},{"cards_removed":["Defend_MRS"],"damage_healed":0.0,"max_hp_gain":0.0,"max_hp_loss":0.0,"gold_gain":0.0,"event_name":"Back to Basics","player_choice":"Elegance","floor":20.0,"gold_loss":0.0,"damage_taken":0.0},{"damage_healed":0.0,"max_hp_gain":0.0,"max_hp_loss":0.0,"gold_gain":0.0,"event_name":"Ghosts","player_choice":"Ignored","floor":22.0,"gold_loss":0.0,"damage_taken":0.0},{"damage_healed":0.0,"max_hp_gain":0.0,"max_hp_loss":0.0,"gold_gain":0.0,"event_name":"Addict","player_choice":"Obtained Relic","floor":25.0,"gold_loss":85.0,"damage_taken":0.0,"relics_obtained":["Vajra"]},{"damage_healed":0,"gold_gain":0,"player_choice":"Fight","damage_taken":0,"max_hp_gain":0,"max_hp_loss":0,"event_name":"OrinTheCat","floor":48,"gold_loss":0}],"is_beta":false,"boss_relics":[{"not_picked":["Coffee Dripper","Snecko Eye"],"picked":"SlaversCollar"},{"not_picked":["RampagingMagicTools","Fusion Hammer"],"picked":"Calling Bell"}],"items_purged_floors":[19,36],"is_endless":false,"potions_floor_spawned":[2,8,10,11,13,18,31,37,45,46],"ascension_level":11}}