{"host":"64qzurqwi0x0qgxo","time":1613294713,"event":{"mods":["Act Like it!","BaseMod","Colored Map","Colored Powertips","Googly Eyes","GungeonMod","Hallownest","Koishi","Marisa£®ÏF”Í°°ƒß¿Ì…≥£©","Minty Spire (QoL Compilation)","Rare Cards Sparkle","Reimu£®≤©¿ˆ¡È√Œ£©","Relic Stats","Replay The Spire","StSLib","The Construct","The Poker Player","The Senshi","Yuri Mod","noobMod"],"gold_per_floor":[119,119,119,119,119,4,17,52,62,125,179,209,239,104,104,124,124,224,224,239,257,257,257,267,299,319,334,334,334,353,367,383,402,416,416,416,518,518,528,538,590,590,193,193,221,221,221,238,87,97,127,2,2,2,2,2,2,36,36],"floor_reached":60,"language":"ZHS","playtime":1817,"items_purged":["yuri:yuriDefend","yuri:yuriDefend","yuri:yuriDefend"],"score":1186,"play_id":"39a80d1e-d175-482c-ac2d-82d1724f250a","local_time":"20210214172513","is_ascension_mode":false,"campfire_choices":[{"data":"yuri:yuriStab","floor":15,"key":"SMITH"},{"floor":17,"key":"RECALL"},{"data":"yuri:Virus","floor":29,"key":"SMITH"},{"data":"yuri:Torment","floor":35,"key":"SMITH"},{"data":"yuri:BrokenCode","floor":44,"key":"SMITH"},{"data":"yuri:ThrowingKnives","floor":46,"key":"SMITH"},{"data":"yuri:ThrowingKnives","floor":53,"key":"SMITH"},{"data":"yuri:Stalk","floor":56,"key":"SMITH"}],"circlet_count":0,"master_deck":["yuri:yuriStrike","yuri:yuriStrike","yuri:yuriStrike","yuri:yuriStrike","yuri:yuriStrike","yuri:yuriDefend","yuri:Oolong","yuri:yuriStab+1","yuri:RecklessStrike+1","yuri:HeavierStrike+1","yuri:HeavierStrike+1","yuri:BookGreen","yuri:Stalk+1","yuri:yuriHeavyStrike","yuri:HeavierStrike+1","yuri:RepairCode","yuri:RepairCode","yuri:InduceGlitch","yuri:Virus+1","yuri:ThrowingKnives+1","yuri:RecklessStrike","yuri:Stare+1","yuri:ThrowingKnives+1","yuri:yuriQuickStrike+1","yuri:BrokenCode+1","yuri:Spin","yuri:yuriHeavyStrike+1","yuri:yuriHeavyStrike","yuri:Torment+1","DemoMod:Elimentaler","yuri:DragonForm","yuri:ChibiInvasion+1","yuri:Spin","yuri:RecklessStrike+1","yuri:BrokenCode","yuri:yuriQuickStrike+1","yuri:RecklessStrike+1","yuri:ChibiInvasion+1","yuri:yuriHeavyStrike","yuri:WickedSlash+1"],"relics":["yuri:yuriKnife","ice","NeowsBlessing","DemoMod:MeltedRock","PureWhite:ReiMu","Strawberry","Odd Mushroom","Black Star","Pantograph","DemoMod:DecoyRelic","Eternal Feather","DemoMod:RatBoots","DemoMod:ResourcefulSack","DemoMod:PartiallyEatenCheese","Sozu","ChewingGum","CatCart","Durian","Regal Pillow","Replay:Bottled Flurry","Replay:Bottled Eggs","Whetstone","Happy Flower","Simple Rune","RuthlessExorcism:ReiMu","Bottled Lightning"],"acts_visited":["Exordium","TheCity","TheCity","TheBeyond","TheEnding"],"potions_floor_usage":[],"damage_taken":[{"damage":0,"enemies":"2 Louse","floor":1,"turns":1},{"damage":2,"enemies":"Small Slimes","floor":7,"turns":1},{"damage":1,"enemies":"3 Sentries","floor":8,"turns":2},{"damage":6,"enemies":"Jaw Worm","floor":9,"turns":3},{"damage":34,"enemies":"Lagavulin Event","floor":10,"turns":4},{"damage":15,"enemies":"Gremlin Nob","floor":12,"turns":3},{"damage":13,"enemies":"The Mushroom Lair","floor":13,"turns":3},{"damage":1,"enemies":"3 Louse","floor":16,"turns":2},{"damage":15,"enemies":"Slime Boss","floor":18,"turns":5},{"damage":31,"enemies":"Shell Parasite","floor":20,"turns":5},{"damage":10,"enemies":"Chosen","floor":21,"turns":3},{"damage":35,"enemies":"Shelled Parasite and Fungi","floor":24,"turns":5},{"damage":47,"enemies":"Book of Stabbing","floor":25,"turns":5},{"damage":25,"enemies":"Snake Plant","floor":26,"turns":3},{"damage":24,"enemies":"Sentry and Sphere","floor":27,"turns":4},{"damage":12,"enemies":"DemoMod:Veteran_shot_gun_kin_and_red_shotgun_kin","floor":30,"turns":2},{"damage":3,"enemies":"DemoMod:4_Bullet_Kins_with_one_veteran","floor":31,"turns":2},{"damage":8,"enemies":"DemoMod:Red_and_blue_shotgun_kin_with_gunsinger","floor":32,"turns":2},{"damage":8,"enemies":"DemoMod:Veteran_shot_gun_kin_and_red_shotgun_kin_with_gunsinger","floor":33,"turns":1},{"damage":20,"enemies":"DemoMod:Veteran_shot_gun_kin_and_blue_shotgun_kin","floor":34,"turns":2},{"damage":37,"enemies":"DemoMod:ResourcefulRat","floor":37,"turns":7},{"damage":18,"enemies":"Orb Walker","floor":39,"turns":2},{"damage":14,"enemies":"3 Shapes","floor":40,"turns":2},{"damage":15,"enemies":"Orin","floor":41,"turns":5},{"damage":34,"enemies":"Nemesis","floor":45,"turns":5},{"damage":37,"enemies":"Writhing Mass","floor":48,"turns":3},{"damage":4,"enemies":"Maw","floor":50,"turns":2},{"damage":12,"enemies":"R_Hoarder","floor":51,"turns":3},{"damage":47,"enemies":"Replay:Hell Engine","floor":54,"turns":4},{"damage":24,"enemies":"Shield and Spear","floor":58,"turns":3},{"damage":62,"enemies":"The Heart","floor":59,"turns":5}],"seed_played":"3091106350367548522","potions_obtained":[{"floor":7,"key":"ColorlessPotion"},{"floor":9,"key":"SteroidPotion"},{"floor":18,"key":"Block Potion"}],"is_trial":false,"path_per_floor":["M","?","PTL","PTL","?","$","M","E","M","?","T","E","?","$","R","M","R","B",null,"M","M","?","T","M","E","M","M","T","R","M","M","M","M","M","R","B","B",null,"M","M","?","?","$","R","E","R","T","M","$","M","E","$","R","B",null,"R","$","E","B",null],"character_chosen":"YURI","items_purchased":["DemoMod:GnawedKey","yuri:RepairCode","Durian","Whetstone"],"campfire_rested":0,"item_purchase_floors":[6,14,43,49],"current_hp_per_floor":[80,80,80,80,80,80,78,77,74,44,44,40,31,31,31,34,34,23,87,56,46,46,46,15,51,26,101,101,101,89,86,78,70,50,68,60,48,134,116,102,87,87,92,113,79,100,100,63,63,59,47,47,68,46,158,158,158,138,103],"gold":36,"neow_bonus":"THREE_ENEMY_KILL","is_daily":false,"chose_seed":false,"campfire_upgraded":7,"win_rate":0.0,"timestamp":1613294713,"path_taken":["M","?","PTL","PTL","?","?","M","E","M","?","T","E","?","$","R","M","R","BOSS","M","M","?","?","M","E","M","M","T","R","M","M","M","M","M","R","BOSS","BOSS","M","M","?","?","$","R","E","R","T","M","$","?","E","$","R","BOSS","R","$","E","BOSS"],"items_purchased_type":["Relic","Card","Relic","Relic"],"build_version":"2020-12-22","purchased_purges":3,"victory":true,"max_hp_per_floor":[80,80,80,80,80,80,80,80,80,80,80,87,87,87,87,87,87,87,87,87,87,87,87,87,93,99,101,101,101,107,107,112,113,119,119,123,134,134,135,139,145,138,143,143,150,150,150,152,152,152,154,154,154,158,158,158,158,161,200],"relic_stats":{"Sozu":3,"Regal Pillow":0,"Happy Flower":[4],"counters":[32,103],"Pantograph":98,"Eternal Feather":81,"Black Star":4,"Whetstone":["yuri:yuriStrike","yuri:yuriStrike"],"obtain_stats":[{"Regal Pillow":45,"DemoMod:GlassGuonStoneRelic":7,"ice":0,"Whetstone":49,"Sozu":38,"Strawberry":12,"Pantograph":23,"DemoMod:MeltedRock":8,"DemoMod:GnawedKey":6,"Replay:Bottled Flurry":45,"Replay:Bottled Eggs":47,"NeowsBlessing":0,"Happy Flower":51,"yuri:yuriKnife":0,"Eternal Feather":25,"DemoMod:PartiallyEatenCheese":38,"DemoMod:RatBoots":38,"Odd Mushroom":13,"PureWhite:ReiMu":10,"DemoMod:DecoyRelic":25,"ChewingGum":38,"Simple Rune":51,"Black Star":19,"Durian":43,"DemoMod:ResourcefulSack":38,"Bottled Lightning":58,"CatCart":41,"RuthlessExorcism:ReiMu":58},{"Regal Pillow":26,"DemoMod:GlassGuonStoneRelic":2,"ice":0,"Whetstone":27,"Sozu":22,"Strawberry":6,"Pantograph":11,"DemoMod:MeltedRock":3,"DemoMod:GnawedKey":1,"Replay:Bottled Flurry":26,"Replay:Bottled Eggs":26,"NeowsBlessing":0,"Happy Flower":29,"yuri:yuriKnife":0,"Eternal Feather":13,"DemoMod:PartiallyEatenCheese":22,"DemoMod:RatBoots":22,"Odd Mushroom":7,"PureWhite:ReiMu":5,"DemoMod:DecoyRelic":13,"ChewingGum":22,"Simple Rune":29,"Black Star":9,"Durian":25,"DemoMod:ResourcefulSack":22,"Bottled Lightning":31,"CatCart":25,"RuthlessExorcism:ReiMu":31},{"Regal Pillow":83,"DemoMod:GlassGuonStoneRelic":2,"ice":0,"Whetstone":86,"Sozu":69,"Strawberry":14,"Pantograph":32,"DemoMod:MeltedRock":4,"DemoMod:GnawedKey":1,"Replay:Bottled Flurry":83,"Replay:Bottled Eggs":83,"NeowsBlessing":0,"Happy Flower":91,"yuri:yuriKnife":0,"Eternal Feather":42,"DemoMod:PartiallyEatenCheese":69,"DemoMod:RatBoots":69,"Odd Mushroom":17,"PureWhite:ReiMu":11,"DemoMod:DecoyRelic":42,"ChewingGum":69,"Simple Rune":91,"Black Star":24,"Durian":78,"DemoMod:ResourcefulSack":69,"Bottled Lightning":98,"CatCart":78,"RuthlessExorcism:ReiMu":98}]},"card_choices":[{"not_picked":["yuri:ChibiInvasion","yuri:TPose"],"picked":"yuri:RecklessStrike","floor":1},{"not_picked":["yuri:DebugCard","yuri:RecklessStrike"],"picked":"yuri:HeavierStrike","floor":7},{"not_picked":["yuri:DejaVu","yuri:ReactiveMadness"],"picked":"yuri:HeavierStrike","floor":8},{"not_picked":["yuri:yuriHeavyStrike","yuri:RepairCode"],"picked":"yuri:BookGreen","floor":9},{"not_picked":["yuri:UnstableStrike","yuri:ArmBrace"],"picked":"yuri:Stalk","floor":10},{"not_picked":["yuri:TeaSet","yuri:SturdyUniform"],"picked":"yuri:yuriHeavyStrike","floor":12},{"not_picked":["yuri:Parry","yuri:MPose"],"picked":"yuri:HeavierStrike","floor":13},{"not_picked":["yuri:CorruptHitbox","yuri:MPose"],"picked":"yuri:InduceGlitch","floor":16},{"not_picked":["yuri:RelentlessStrikes","yuri:ConsumeGlitch"],"picked":"yuri:Virus","floor":18},{"not_picked":["yuri:MPose","yuri:Skip+1","yuri:ArmBrace"],"picked":"SKIP","floor":20},{"not_picked":["yuri:UntestedCode","yuri:HeavierStrike"],"picked":"yuri:ThrowingKnives","floor":21},{"not_picked":["yuri:yuriHeavyStrike","yuri:BlackTea"],"picked":"yuri:RecklessStrike","floor":24},{"not_picked":["yuri:TeaSet+1","yuri:TPose"],"picked":"yuri:Stare+1","floor":25},{"not_picked":["yuri:yuriHeavyStrike+1","yuri:StealPen"],"picked":"yuri:ThrowingKnives","floor":26},{"not_picked":["yuri:ThrowingKnives+1","yuri:InsanityDefense"],"picked":"yuri:yuriQuickStrike+1","floor":27},{"not_picked":["yuri:InsanityDefense","yuri:DebugCard+1"],"picked":"yuri:BrokenCode","floor":30},{"not_picked":["yuri:UnstableStrike","yuri:Stare+1"],"picked":"yuri:Spin","floor":31},{"not_picked":["yuri:TPose+1","yuri:CalmingAura"],"picked":"yuri:yuriHeavyStrike+1","floor":32},{"not_picked":["yuri:RepairCode+1","yuri:CalmingAura"],"picked":"yuri:yuriHeavyStrike","floor":33},{"not_picked":["yuri:CalmingAura","yuri:WickedSlash+1"],"picked":"yuri:Torment","floor":34},{"not_picked":[],"picked":"DemoMod:Elimentaler","floor":37},{"not_picked":["yuri:GhostForm","yuri:Suicide"],"picked":"yuri:DragonForm","floor":37},{"not_picked":["yuri:UnstableStrike","yuri:TeaSet+1"],"picked":"yuri:ChibiInvasion+1","floor":38},{"not_picked":["yuri:Skip","yuri:ThrowBook"],"picked":"yuri:Spin","floor":39},{"not_picked":["yuri:Skip+1","yuri:BookBlue+1"],"picked":"yuri:RecklessStrike+1","floor":40},{"not_picked":["yuri:StealPen+1","yuri:yuriHeavyStrike"],"picked":"yuri:BrokenCode","floor":41},{"not_picked":["yuri:ReloadGame+1","yuri:GreenTea+1"],"picked":"yuri:yuriQuickStrike+1","floor":45},{"not_picked":["yuri:DuplicateCode","yuri:InsanityDefense"],"picked":"yuri:RecklessStrike+1","floor":48},{"not_picked":["yuri:BookBlue","yuri:MPose+1"],"picked":"yuri:ChibiInvasion+1","floor":50},{"not_picked":["yuri:DisableStrike","yuri:DebugCard"],"picked":"yuri:yuriHeavyStrike","floor":51},{"not_picked":["yuri:yuriQuickStrike","yuri:ThrowingKnives+1"],"picked":"yuri:WickedSlash+1","floor":58}],"player_experience":123406,"relics_obtained":[{"floor":8,"key":"DemoMod:MeltedRock"},{"floor":10,"key":"PureWhite:ReiMu"},{"floor":12,"key":"Strawberry"},{"floor":13,"key":"Odd Mushroom"},{"floor":23,"key":"Pantograph"},{"floor":25,"key":"DemoMod:DecoyRelic"},{"floor":25,"key":"Eternal Feather"},{"floor":38,"key":"DemoMod:RatBoots"},{"floor":38,"key":"DemoMod:ResourcefulSack"},{"floor":38,"key":"DemoMod:PartiallyEatenCheese"},{"floor":38,"key":"Sozu"},{"floor":38,"key":"ChewingGum"},{"floor":41,"key":"CatCart"},{"floor":45,"key":"Regal Pillow"},{"floor":45,"key":"Replay:Bottled Flurry"},{"floor":47,"key":"Replay:Bottled Eggs"},{"floor":51,"key":"Happy Flower"},{"floor":51,"key":"Simple Rune"},{"floor":58,"key":"RuthlessExorcism:ReiMu"},{"floor":58,"key":"Bottled Lightning"}],"event_choices":[{"cards_removed":["yuri:yuriDefend"],"damage_healed":0,"gold_gain":0,"player_choice":"Forget","damage_taken":0,"max_hp_gain":0,"max_hp_loss":0,"event_name":"Living Wall","floor":5,"gold_loss":0},{"damage_healed":0,"gold_gain":0,"player_choice":"Searched \u00271\u0027 times","damage_taken":0,"max_hp_gain":0,"max_hp_loss":0,"event_name":"Dead Adventurer","floor":10,"gold_loss":0},{"damage_healed":0,"gold_gain":0,"player_choice":"Fought Mushrooms","damage_taken":0,"max_hp_gain":0,"max_hp_loss":0,"event_name":"Mushrooms","floor":13,"gold_loss":0},{"damage_healed":0,"gold_gain":0,"player_choice":"Fight","damage_taken":0,"max_hp_gain":0,"max_hp_loss":0,"event_name":"OrinTheCat","floor":41,"gold_loss":0},{"damage_healed":0,"gold_gain":0,"player_choice":"Max HP","damage_taken":0,"max_hp_gain":0,"max_hp_loss":7,"event_name":"Winding Halls","floor":42,"gold_loss":0}],"is_beta":false,"boss_relics":[{"not_picked":["RedLine:ReiMu","Empty Cage"],"picked":"Black Star"},{"not_picked":[]}],"items_purged_floors":[14,43,52],"is_endless":false,"potions_floor_spawned":[7,9,18,20,27,30,31,40,41,45],"ascension_level":0}}