{"host":"krw8blyxua7at9ak","time":1613317260,"event":{"mods":["BaseMod","Highlight Path","Minty Spire (QoL Compilation)","ojb\u0027s Info Mod"],"gold_per_floor":[114,129,54,67,78,78,95,95,95],"floor_reached":8,"language":"ENG","playtime":294,"items_purged":["Writhe"],"score":100,"play_id":"b9f67b32-f93b-44bb-bf6a-fce218027024","local_time":"20210214164100","is_ascension_mode":true,"campfire_choices":[{"data":"Dagger Spray","floor":6,"key":"SMITH"}],"circlet_count":0,"master_deck":["AscendersBane","Strike_G","Strike_G","Strike_G","Strike_G","Strike_G","Defend_G","Defend_G","Defend_G","Defend_G","Defend_G","Survivor","Neutralize","Die Die Die","Blade Dance","Dagger Spray+1","Blade Dance"],"relics":["Ring of the Snake"],"acts_visited":["Exordium"],"potions_floor_usage":[8],"damage_taken":[{"damage":6,"enemies":"Cultist","floor":1,"turns":5},{"damage":0,"enemies":"Small Slimes","floor":2,"turns":2},{"damage":4,"enemies":"Jaw Worm","floor":4,"turns":4},{"damage":6,"enemies":"Looter","floor":5,"turns":4},{"damage":5,"enemies":"Exordium Thugs","floor":7,"turns":4},{"damage":58,"enemies":"Gremlin Nob","floor":8,"turns":4}],"seed_played":"3159216554374508625","potions_obtained":[{"floor":7,"key":"SpeedPotion"}],"is_trial":false,"path_per_floor":["M","M","$","M","M","R","M","E"],"character_chosen":"THE_SILENT","items_purchased":[],"campfire_rested":0,"item_purchase_floors":[],"current_hp_per_floor":[53,53,53,49,43,43,38,0,0],"gold":95,"neow_bonus":"THREE_RARE_CARDS","is_daily":false,"chose_seed":false,"campfire_upgraded":1,"win_rate":0.0,"timestamp":1613317260,"path_taken":["M","?","$","M","?","R","M","E"],"items_purchased_type":[],"build_version":"2020-12-22","purchased_purges":1,"victory":false,"max_hp_per_floor":[66,66,66,66,66,66,66,66,66],"card_choices":[{"not_picked":["Corpse Explosion","Doppelganger"],"picked":"Die Die Die","floor":0},{"not_picked":["Poisoned Stab","Prepared"],"picked":"Blade Dance","floor":1},{"not_picked":["Reflex","Bane"],"picked":"Dagger Spray","floor":2},{"not_picked":["Riddle With Holes","Outmaneuver","Calculated Gamble"],"picked":"SKIP","floor":4},{"not_picked":["Dagger Spray","Dodge and Roll"],"picked":"Blade Dance","floor":5},{"not_picked":["Flechettes","Riddle With Holes","Dodge and Roll"],"picked":"SKIP","floor":7}],"player_experience":412377,"relics_obtained":[],"event_choices":[],"is_beta":false,"boss_relics":[],"items_purged_floors":[3],"is_endless":false,"potions_floor_spawned":[7],"killed_by":"Gremlin Nob","ascension_level":20}}