{"host":"8am31i0j9qpslrrv","time":1613269100,"event":{"mods":["BaseMod","Curses Come First","Minty Spire (QoL Compilation)","Quick Restart","Replay The Spire","StSLib"],"gold_per_floor":[119,44,119,119,136,136,136,136,185,185,220,243,262,277,277,277,277],"floor_reached":16,"language":"ENG","playtime":324,"items_purged":["Strike_B"],"score":171,"play_id":"98a7b186-5645-43a0-8f7f-89278b996385","local_time":"20210213211820","is_ascension_mode":true,"campfire_choices":[{"data":"Zap","floor":6,"key":"SMITH"},{"data":"Dualcast","floor":8,"key":"SMITH"},{"floor":15,"key":"DIG"}],"circlet_count":0,"master_deck":["AscendersBane","Strike_B","Strike_B","Strike_B","Defend_B","Defend_B","Defend_B","Defend_B","Zap+1","Dualcast+1","Reinforced Body"],"relics":["Cracked Core","Golden Idol","Mummified Hand","Iron Hammer"],"acts_visited":["Exordium"],"potions_floor_usage":[11,16],"damage_taken":[{"damage":10,"enemies":"Small Slimes","floor":1,"turns":4},{"damage":0,"enemies":"Cultist","floor":5,"turns":3},{"damage":0,"enemies":"2 Louse","floor":12,"turns":2},{"damage":5,"enemies":"Exordium Wildlife","floor":13,"turns":4},{"damage":1,"enemies":"Looter","floor":14,"turns":4},{"damage":39,"enemies":"Slime Boss","floor":16,"turns":6}],"seed_played":"2864329492887312010","potions_obtained":[{"floor":4,"key":"Cursed Concoction"},{"floor":4,"key":"Explosive Potion"},{"floor":11,"key":"Fruit Juice"},{"floor":11,"key":"LifebloodPotion"},{"floor":11,"key":"Death Potion"},{"floor":12,"key":"Regen Potion"},{"floor":13,"key":"FocusPotion"}],"is_trial":false,"path_per_floor":["M","$","?","?","M","R","?","R","T","T","?","M","M","M","R","B"],"character_chosen":"DEFECT","items_purchased":[],"campfire_rested":0,"item_purchase_floors":[],"current_hp_per_floor":[61,61,50,50,50,50,23,23,23,23,28,28,23,22,22,0,0],"gold":277,"neow_bonus":"TEN_PERCENT_HP_BONUS","is_daily":false,"chose_seed":false,"campfire_upgraded":2,"win_rate":0.0,"timestamp":1613269100,"path_taken":["M","$","?","?","?","R","?","R","T","?","?","M","M","?","R","BOSS"],"items_purchased_type":[],"build_version":"2020-12-22","purchased_purges":1,"victory":false,"max_hp_per_floor":[78,78,78,78,78,78,78,78,78,78,83,83,83,83,83,83,83],"card_choices":[{"not_picked":["Conserve Battery","Compile Driver","Panic Button"],"picked":"SKIP","floor":1},{"not_picked":["Barrage","Self Repair","Reprogram"],"picked":"SKIP","floor":5},{"not_picked":["Hologram","Aggregate"],"picked":"Reinforced Body","floor":11},{"not_picked":["Sweeping Beam","Go for the Eyes","Reinforced Body"],"picked":"SKIP","floor":12},{"not_picked":["Hyperbeam","Steam","Sweeping Beam"],"picked":"SKIP","floor":13},{"not_picked":["Hologram","Go for the Eyes","Turbo"],"picked":"SKIP","floor":14}],"player_experience":792056,"relics_obtained":[{"floor":10,"key":"Mummified Hand"},{"floor":15,"key":"Iron Hammer"}],"event_choices":[{"damage_healed":0,"gold_gain":75,"player_choice":"Gather Gold","damage_taken":11,"max_hp_gain":0,"max_hp_loss":0,"event_name":"World of Goop","floor":3,"gold_loss":0},{"damage_healed":0,"gold_gain":0,"player_choice":"Got Potions","damage_taken":0,"max_hp_gain":0,"max_hp_loss":0,"event_name":"Lab","floor":4,"gold_loss":0},{"damage_healed":0,"gold_gain":0,"player_choice":"Take Damage","damage_taken":27,"relics_obtained":["Golden Idol"],"max_hp_gain":0,"max_hp_loss":0,"event_name":"Golden Idol","floor":7,"gold_loss":0}],"is_beta":false,"boss_relics":[],"items_purged_floors":[2],"is_endless":false,"potions_floor_spawned":[12,13],"killed_by":"Slime Boss","ascension_level":18}}