{"host":"ydg0vn0pu4pubmdt","time":1613289670,"event":{"mods":["AchievementEnabler","BaseMod","Colored Map","Gold Saver","Minty Spire (QoL Compilation)","Quick Restart","SuperFastMode"],"gold_per_floor":[110,35,35,35,51,77,87,114,164,179,179,8,24,24,24,103,103,117,67,67,67,85,120,120,120,144,144,0,16,35,45,45,118,118,130,142,168,178,18,18,18,18,18,18,18,33,44,59,59,59,59,59,59,31,31,31],"floor_reached":55,"language":"KOR","playtime":1963,"items_purged":["Strike_G","Malaise","Pain"],"score":1969,"play_id":"e461bfef-49f1-4a4d-8571-51cca96e92e8","local_time":"20210214170110","is_ascension_mode":true,"campfire_choices":[{"data":"Dagger Spray","floor":11.0,"key":"SMITH"},{"data":"Malaise","floor":15.0,"key":"SMITH"},{"floor":24.0,"key":"REST"},{"floor":32.0,"key":"REST"},{"floor":40.0,"key":"REST"},{"floor":42.0,"key":"REST"},{"floor":45.0,"key":"RECALL"},{"floor":49.0,"key":"REST"},{"floor":53.0,"key":"REST"}],"circlet_count":0,"master_deck":["AscendersBane","Survivor","Neutralize","Dagger Spray+1","Blur","Bouncing Flask","Dagger Throw","Masterful Stab","Malaise+1","Backstab","Blade Dance","After Image","Noxious Fumes","Well Laid Plans","Sucker Punch","PiercingWail+1","Blur+1","Calculated Gamble+1","Dodge and Roll","Footwork+1","A Thousand Cuts+1"],"relics":["Ring of the Snake","NeowsBlessing","Sundial","Tiny Chest","Oddly Smooth Stone","Membership Card","Pandora\u0027s Box","Frozen Egg 2","WarpedTongs","Bronze Scales","Mercury Hourglass","Bag of Preparation","Fusion Hammer","Snake Skull","Bird Faced Urn","Unceasing Top"],"acts_visited":["Exordium","TheCity","TheBeyond","TheEnding"],"potions_floor_usage":[55],"damage_taken":[{"damage":0.0,"enemies":"Cultist","floor":1.0,"turns":1.0},{"damage":0.0,"enemies":"Small Slimes","floor":5.0,"turns":1.0},{"damage":0.0,"enemies":"3 Sentries","floor":6.0,"turns":1.0},{"damage":0.0,"enemies":"2 Louse","floor":7.0,"turns":2.0},{"damage":40.0,"enemies":"Lagavulin","floor":8.0,"turns":5.0},{"damage":5.0,"enemies":"2 Fungi Beasts","floor":10.0,"turns":3.0},{"damage":0.0,"enemies":"Gremlin Gang","floor":13.0,"turns":2.0},{"damage":0.0,"enemies":"Hexaghost","floor":16.0,"turns":9.0},{"damage":8.0,"enemies":"Spheric Guardian","floor":18.0,"turns":3.0},{"damage":6.0,"enemies":"Chosen","floor":22.0,"turns":5.0},{"damage":31.0,"enemies":"Slavers","floor":23.0,"turns":5.0},{"damage":1.0,"enemies":"Snake Plant","floor":29.0,"turns":4.0},{"damage":2.0,"enemies":"Snecko","floor":30.0,"turns":5.0},{"damage":28.0,"enemies":"Shelled Parasite and Fungi","floor":31.0,"turns":6.0},{"damage":0.0,"enemies":"Automaton","floor":33.0,"turns":9.0},{"damage":0.0,"enemies":"3 Shapes","floor":35.0,"turns":5.0},{"damage":27.0,"enemies":"3 Darklings","floor":36.0,"turns":5.0},{"damage":24.0,"enemies":"Transient","floor":38.0,"turns":6.0},{"damage":2.0,"enemies":"Sphere and 2 Shapes","floor":46.0,"turns":5.0},{"damage":0.0,"enemies":"Writhing Mass","floor":47.0,"turns":8.0},{"damage":5.0,"enemies":"4 Shapes","floor":48.0,"turns":4.0},{"damage":63.0,"enemies":"Awakened One","floor":50.0,"turns":15.0},{"damage":39.0,"enemies":"Time Eater","floor":51.0,"turns":16.0},{"damage":78,"enemies":"Shield and Spear","floor":55,"turns":5}],"seed_played":"-2068641241294988269","potions_obtained":[{"floor":1.0,"key":"FairyPotion"},{"floor":10.0,"key":"Fire Potion"},{"floor":13.0,"key":"Block Potion"},{"floor":16.0,"key":"Fruit Juice"},{"floor":18.0,"key":"PowerPotion"},{"floor":23.0,"key":"Regen Potion"},{"floor":31.0,"key":"DistilledChaos"},{"floor":35.0,"key":"Poison Potion"},{"floor":38.0,"key":"LiquidBronze"},{"floor":46.0,"key":"Block Potion"}],"is_trial":false,"path_per_floor":["M","$","?","?","M","E","M","E","T","M","R","$","M","$","R","B",null,"M","$","T","?","M","E","R","?","T","T","$","M","M","M","R","B",null,"M","M","T","M","$","R","?","R","T","$","R","M","M","M","R","B","B",null,"R","$","E"],"character_chosen":"THE_SILENT","items_purchased":["Membership Card","Bag of Preparation","Bird Faced Urn","Weak Potion"],"campfire_rested":6,"item_purchase_floors":[12,28,39,54],"current_hp_per_floor":[59,59,59,59,59,59,59,19,19,14,14,14,14,14,14,19,58,50,50,50,55,49,18,39,39,39,39,39,52,50,22,43,43,64,64,37,37,13,13,34,34,55,55,55,55,61,69,71,71,14,13,57,71,71,0,0],"gold":31,"neow_bonus":"THREE_ENEMY_KILL","is_daily":false,"chose_seed":false,"campfire_upgraded":2,"win_rate":0.0,"timestamp":1613289670,"path_taken":["M","?","?","?","M","E","?","E","T","?","R","$","?","?","R","BOSS","M","$","?","?","?","E","R","?","T","?","?","M","M","?","R","BOSS","M","?","?","M","$","R","?","R","T","$","R","M","?","M","R","BOSS","BOSS","R","$","E"],"items_purchased_type":["Relic","Relic","Relic","Potion"],"build_version":"2020-12-22","purchased_purges":3,"victory":false,"max_hp_per_floor":[66,66,66,66,66,66,66,66,66,66,66,66,66,66,66,71,71,71,71,71,71,71,71,71,71,71,71,71,71,71,71,71,71,71,71,71,71,71,71,71,71,71,71,71,71,71,71,71,71,71,71,71,71,71,71,71],"card_choices":[{"not_picked":["Deflect","Quick Slash"],"picked":"Dagger Spray","floor":1.0},{"not_picked":["Flying Knee","Dagger Spray"],"picked":"Bouncing Flask","floor":5.0},{"not_picked":["Choke","Distraction"],"picked":"Dagger Throw","floor":6.0},{"not_picked":["Storm of Steel","Acrobatics"],"picked":"Masterful Stab","floor":7.0},{"not_picked":["Acrobatics","Finisher"],"picked":"Malaise","floor":8.0},{"not_picked":["Sucker Punch","PiercingWail"],"picked":"Backstab","floor":10.0},{"not_picked":["All Out Attack","Heel Hook","Deadly Poison"],"picked":"SKIP","floor":13.0},{"not_picked":["Slice","Concentrate"],"picked":"PiercingWail+1","floor":18.0},{"not_picked":["Choke","Quick Slash","Outmaneuver"],"picked":"SKIP","floor":22.0},{"not_picked":["Setup","Dash"],"picked":"Blur+1","floor":23.0},{"not_picked":["PiercingWail","Heel Hook"],"picked":"Calculated Gamble+1","floor":29.0},{"not_picked":["Dagger Spray+1","Terror"],"picked":"Dodge and Roll","floor":30.0},{"not_picked":["Accuracy+1","Sucker Punch","Backflip"],"picked":"SKIP","floor":31.0},{"not_picked":["PiercingWail+1","Calculated Gamble","Dagger Throw"],"picked":"SKIP","floor":35.0},{"not_picked":["Prepared","Noxious Fumes+1","Dodge and Roll"],"picked":"SKIP","floor":36.0},{"not_picked":["Reflex","Dash"],"picked":"Footwork+1","floor":38.0},{"not_picked":["Quick Slash+1","Dodge and Roll","Heel Hook+1"],"picked":"SKIP","floor":46.0},{"not_picked":["Dash","Endless Agony+1","Dodge and Roll"],"picked":"SKIP","floor":47.0},{"not_picked":["Quick Slash","Concentrate"],"picked":"A Thousand Cuts+1","floor":48.0}],"player_experience":552021,"relics_obtained":[{"floor":6.0,"key":"Sundial"},{"floor":8.0,"key":"Tiny Chest"},{"floor":9.0,"key":"Oddly Smooth Stone"},{"floor":23.0,"key":"Frozen Egg 2"},{"floor":26.0,"key":"Bronze Scales"},{"floor":27.0,"key":"Mercury Hourglass"},{"floor":37.0,"key":"Snake Skull"},{"floor":43.0,"key":"Unceasing Top"}],"event_choices":[{"cards_removed":["Defend_G"],"damage_healed":0.0,"max_hp_gain":0.0,"max_hp_loss":0.0,"gold_gain":0.0,"event_name":"Living Wall","player_choice":"Forget","floor":3.0,"gold_loss":0.0,"damage_taken":0.0},{"damage_healed":0.0,"max_hp_gain":0.0,"max_hp_loss":0.0,"gold_gain":0.0,"cards_transformed":["Strike_G"],"event_name":"Transmorgrifier","player_choice":"Transformed","floor":4.0,"gold_loss":0.0,"damage_taken":0.0,"cards_obtained":["Blur"]},{"cards_removed":["Poisoned Stab"],"damage_healed":5.0,"max_hp_gain":0.0,"max_hp_loss":0.0,"gold_gain":0.0,"event_name":"Bonfire Elementals","player_choice":"Offered Common","floor":21.0,"gold_loss":0.0,"damage_taken":0.0},{"cards_removed":["Poisoned Stab"],"damage_healed":5.0,"max_hp_gain":0.0,"max_hp_loss":0.0,"gold_gain":0.0,"event_name":"Bonfire Elementals","player_choice":"Offered Special","floor":21.0,"gold_loss":0.0,"damage_taken":0.0},{"damage_healed":0.0,"max_hp_gain":0.0,"max_hp_loss":0.0,"gold_gain":0.0,"event_name":"Accursed Blacksmith","player_choice":"Rummage","floor":25.0,"gold_loss":0.0,"damage_taken":0.0,"relics_obtained":["WarpedTongs"],"cards_obtained":["Pain"]},{"damage_healed":0.0,"max_hp_gain":0.0,"max_hp_loss":0.0,"gold_gain":0.0,"event_name":"Mysterious Sphere","player_choice":"Ignored","floor":41.0,"gold_loss":0.0,"damage_taken":0.0}],"is_beta":false,"boss_relics":[{"not_picked":["WristBlade","Sozu"],"picked":"Pandora\u0027s Box"},{"not_picked":["Velvet Choker","Empty Cage"],"picked":"Fusion Hammer"}],"items_purged_floors":[2,19,28],"is_endless":false,"potions_floor_spawned":[1,10,13,16,18,23,31,35,38,46],"killed_by":"Shield and Spear","ascension_level":20}}