{"host":"ctlqibkg0sskiu65","time":1613322911,"event":{"mods":["AchievementEnabler","Aspiration","Astrologer","BaseMod","Better Third Choice","BetterRewards","Colored Map","Colored Powertips","Conspire","Curses Come First","Fiend Mod","Infinite Spire","Minty Spire (QoL Compilation)","Potionbrewer","Quick Restart","Reliquary","Replay The Spire","Robot Space Explorer","Shade Mod","Shop Mod","StSLib","The Blackbeard","The Bladedancer","The Cursed","The Death Knight","The Hierophant","The Jungle","The Kombatant","The Necromancer","The Poker Player","The Servant 0.9.4","TheBandit","Wide Potions","thorton"],"gold_per_floor":[114,114,130,130,145,145,160,160,160,160,175,190,206,206,206,277,277,247,247,247,262,262,262,282,282,337,337,73,73,73],"floor_reached":29,"language":"ENG","playtime":969,"items_purged":["Strike_G"],"score":430,"play_id":"c74044b9-ec9b-41c7-84a5-b71449078d34","local_time":"20210214111511","is_ascension_mode":true,"campfire_choices":[{"data":"Poisoned Stab","floor":6,"key":"SMITH"},{"data":"A Thousand Cuts","floor":8,"key":"SMITH"},{"floor":10,"key":"REST"},{"floor":15,"key":"REST"},{"floor":23,"key":"REST"},{"floor":27,"key":"REST"}],"circlet_count":0,"master_deck":["AscendersBane","Strike_G","Strike_G","Strike_G","Strike_G","Defend_G","Defend_G+1","Defend_G","Defend_G","Defend_G","Survivor","Neutralize","Dagger Spray","Dodge and Roll+1","Slice","Poisoned Stab+1","Cloak And Dagger","A Thousand Cuts+1","PiercingWail","Cloak And Dagger","Slice","Backflip+1","Bandage Up","Bandage Up"],"relics":["Ring of the Snake","infinitespire:Satchel","reliquary:Craggleroot","Vajra","DollysMirror"],"acts_visited":["Exordium","TheCity"],"potions_floor_usage":[16,16,24,29],"damage_taken":[{"damage":3,"enemies":"Cultist","floor":1,"turns":5},{"damage":0,"enemies":"2 Louse","floor":3,"turns":2},{"damage":3,"enemies":"Small Slimes","floor":5,"turns":3},{"damage":3,"enemies":"2 Fungi Beasts","floor":7,"turns":3},{"damage":6,"enemies":"3 Louse","floor":11,"turns":3},{"damage":12,"enemies":"Exordium Wildlife","floor":12,"turns":3},{"damage":5,"enemies":"Looter","floor":13,"turns":3},{"damage":23,"enemies":"Slime Boss","floor":16,"turns":9},{"damage":18,"enemies":"2 Thieves","floor":18,"turns":4},{"damage":32,"enemies":"Chosen","floor":21,"turns":6},{"damage":14,"enemies":"Centurion and Healer","floor":24,"turns":9},{"damage":34,"enemies":"Book of Stabbing","floor":29,"turns":6}],"seed_played":"4127450144383197282","potions_obtained":[{"floor":1,"key":"SpeedPotion"},{"floor":11,"key":"ColorlessPotion"},{"floor":13,"key":"potionbrewer:ToxicPotion"},{"floor":18,"key":"DeathKnight:RimePotion"},{"floor":24,"key":"Explosive Potion"}],"is_trial":false,"path_per_floor":["M","?","M","?","M","R","M","R","T","R","M","M","M","?","R","B",null,"M","?","?","M","?","R","M","?","T","R","$","E"],"character_chosen":"THE_SILENT","items_purchased":["Dagger Spray","Dodge and Roll","Bandage Up","DollysMirror"],"campfire_rested":4,"item_purchase_floors":[0,0,28,28],"current_hp_per_floor":[56,36,36,36,33,33,30,30,30,49,43,31,26,26,45,22,55,37,37,37,5,1,20,6,6,6,25,25,0,0],"gold":73,"neow_bonus":"","is_daily":false,"chose_seed":false,"campfire_upgraded":2,"win_rate":0.0,"timestamp":1613322911,"path_taken":["M","?","M","?","M","R","M","R","T","R","M","M","?","?","R","BOSS","M","?","?","M","?","R","M","?","T","R","?","E"],"items_purchased_type":["Card","Card","Card","Relic"],"build_version":"2020-12-22","purchased_purges":1,"victory":false,"max_hp_per_floor":[66,66,66,66,66,66,66,66,66,66,66,66,66,66,66,66,66,66,66,66,66,66,66,66,66,66,66,66,66,66],"card_choices":[{"not_picked":["Sucker Punch","Crippling Poison"],"picked":"Slice","floor":1},{"not_picked":["Outmaneuver","Draining Mist"],"picked":"Poisoned Stab","floor":3},{"not_picked":["Underhanded Strike","ReplayTheSpireMod:Exploit Weakness"],"picked":"Cloak And Dagger","floor":5},{"not_picked":["Riddle With Holes","Prepared"],"picked":"A Thousand Cuts","floor":7},{"not_picked":["Underhanded Strike","conspire:PoisonWeapons"],"picked":"PiercingWail","floor":11},{"not_picked":["Deadly Poison","Prepared"],"picked":"Cloak And Dagger","floor":12},{"not_picked":["Footwork","Prepared"],"picked":"Slice","floor":13},{"not_picked":["ReplayTheSpireMod:Speed Training","Dagger Spray","Outmaneuver"],"picked":"SKIP","floor":18},{"not_picked":["ReplayTheSpireMod:Exploit Weakness+1","Dagger Throw+1"],"picked":"Backflip+1","floor":21},{"not_picked":["Backflip","Predator","Eviscerate"],"picked":"SKIP","floor":24}],"player_experience":303537,"relics_obtained":[{"floor":9,"key":"infinitespire:Satchel"},{"floor":26,"key":"Vajra"}],"event_choices":[{"damage_healed":56,"gold_gain":0,"player_choice":"Upgrade","damage_taken":20,"max_hp_gain":0,"max_hp_loss":66,"event_name":"betterThird:BetterShining","floor":2,"gold_loss":0,"cards_upgraded":["Defend_G","Dodge and Roll"]},{"damage_healed":0,"gold_gain":0,"player_choice":"0 cards matched","damage_taken":0,"max_hp_gain":0,"max_hp_loss":0,"event_name":"Match and Keep!","floor":4,"gold_loss":0,"cards_obtained":[]},{"damage_healed":0,"gold_gain":0,"player_choice":"Searched \u00270\u0027 times","damage_taken":0,"max_hp_gain":0,"max_hp_loss":0,"event_name":"Dead Adventurer","floor":14,"gold_loss":0},{"damage_healed":0,"gold_gain":0,"player_choice":"Ignored","damage_taken":0,"max_hp_gain":0,"max_hp_loss":0,"event_name":"Vampires","floor":20,"gold_loss":0},{"damage_healed":0,"gold_gain":0,"player_choice":"Leave","damage_taken":0,"max_hp_gain":0,"max_hp_loss":0,"event_name":"conspire:Investor","floor":22,"gold_loss":0},{"damage_healed":0,"gold_gain":0,"player_choice":"Ignored","damage_taken":0,"max_hp_gain":0,"max_hp_loss":0,"event_name":"The Mausoleum","floor":25,"gold_loss":0}],"is_beta":false,"boss_relics":[{"not_picked":["Runic Dome","SacredBark"],"picked":"reliquary:Craggleroot"}],"items_purged_floors":[0],"is_endless":false,"potions_floor_spawned":[1,7,11,13,18,24],"killed_by":"Book of Stabbing","ascension_level":20}}