{"host":"xaqbu5smr4aiu7ib","time":1613327036,"event":{"mods":["AchievementEnabler","Aspiration","BaseMod","BetterRewards","Downfall","HololiveMod","Hubris","Infinite Spire","Jedi Mod","Marisa????????","Minty Spire (QoL Compilation)","Permanent Neow","Quick Restart","Relic Filter","Replay The Spire","SOS???????","StSLib","The Poker Player","The Saiyan","The Servant 0.9.4","The Wild Card","TheBandit","TheFirefly","everything is the same but u backflip on backflip","slay the spire mod where everything is the same but ironclad has a cowboy hat"],"gold_per_floor":[116,143,199,227,99,99,114,130,130,130,149,28,48,48,48,168,168,168],"floor_reached":17,"language":"ENG","playtime":922,"items_purged":[],"score":151,"play_id":"43cfdb98-0424-4274-8f36-5ab1f85c6cb0","local_time":"20210214132356","is_ascension_mode":false,"campfire_choices":[{"data":"Shoot","floor":6,"key":"SMITH"},{"data":"Shoot","floor":15,"key":"SMITH"}],"circlet_count":0,"master_deck":["Attack_a","Attack_a","Shoot+1","Shoot+1","Provocation","Defend_Dante","Defend_Dante","Defend_Dante","Defend_Dante","Redorb","Chargeshoot","Dash2","Straight","Lucifer","Rebellion","Swordcombo","CoyoteA","Dash2","Slimebound:Recycling+1","Gunslinger+1","Stinger","LucifercomboC","Millionstab","Demonreform"],"relics":["SSS","Combocheck","aspiration:Nostalgia","m_SlimeRing","Torii","Honey Jar"],"acts_visited":["Exordium","TheCity"],"potions_floor_usage":[],"damage_taken":[{"damage":10,"enemies":"Cultist","floor":1,"turns":5},{"damage":10,"enemies":"Jaw Worm","floor":2,"turns":5},{"damage":0,"enemies":"Small Slimes","floor":3,"turns":3},{"damage":10,"enemies":"Exordium Wildlife","floor":4,"turns":7},{"damage":0,"enemies":"Exordium Thugs","floor":7,"turns":4},{"damage":3,"enemies":"Looter","floor":8,"turns":3},{"damage":1,"enemies":"3 Louse","floor":11,"turns":5},{"damage":7,"enemies":"2 Fungi Beasts","floor":13,"turns":4},{"damage":5,"enemies":"Hexaghost","floor":16,"turns":9}],"seed_played":"9024506778984915662","potions_obtained":[{"floor":4,"key":"Strength Potion"},{"floor":11,"key":"Adrenaline Potion"},{"floor":13,"key":"Elixir"}],"is_trial":false,"path_per_floor":["M","M","M","M","$","R","M","M","T","?","M","$","M","?","R","B",null],"character_chosen":"DANTE","items_purchased":["Rebellion","Swordcombo","Stinger","LucifercomboC"],"campfire_rested":0,"item_purchase_floors":[5,5,12,12],"current_hp_per_floor":[70,60,60,50,50,50,50,47,47,47,46,46,39,39,39,34,80,80],"gold":168,"neow_bonus":"NOSTALGIA","is_daily":false,"chose_seed":false,"campfire_upgraded":2,"win_rate":0.0,"timestamp":1613327036,"path_taken":["M","M","M","M","$","R","M","M","T","?","M","$","M","?","R","BOSS"],"items_purchased_type":["Card","Card","Card","Card"],"build_version":"2020-12-22","purchased_purges":0,"victory":false,"max_hp_per_floor":[80,80,80,80,80,80,80,80,80,80,80,80,80,80,80,80,80,80],"card_choices":[{"not_picked":["Slimebound:Recollect","Slimebound:SlimeSpikes"],"picked":"Chargeshoot","floor":1},{"not_picked":["Blade Dance","GilgameshcomboA"],"picked":"Dash2","floor":2},{"not_picked":["Doubleshoot","Slimebound:Recollect"],"picked":"Straight","floor":3},{"not_picked":["Slimebound:Recycling","GilgameshcomboA"],"picked":"Lucifer","floor":4},{"not_picked":["Millionstab","Hidden Blade"],"picked":"CoyoteA","floor":7},{"not_picked":["Blade Dance","Splesh"],"picked":"Dash2","floor":8},{"not_picked":["EbonyIvory","Millionkick"],"picked":"Gunslinger","floor":11},{"not_picked":["A Thousand Cuts","Slimebound:Recollect"],"picked":"Millionstab","floor":13},{"not_picked":["Weaponreturn","Storm of Steel"],"picked":"Demonreform","floor":16}],"player_experience":7246,"relics_obtained":[{"floor":9,"key":"Torii"}],"event_choices":[{"damage_healed":0,"gold_gain":0,"player_choice":"Forge","damage_taken":0,"max_hp_gain":0,"max_hp_loss":0,"event_name":"Accursed Blacksmith","floor":14,"gold_loss":0,"cards_upgraded":["Gunslinger"]}],"is_beta":false,"boss_relics":[{"not_picked":["Snecko Eye","aspiration:DefectSkillbook"],"picked":"Honey Jar"}],"items_purged_floors":[],"is_endless":false,"potions_floor_spawned":[4,11,13,16],"ascension_level":0}}