{"host":"121m0oxswv9tg9hk","time":1613306872,"event":{"mods":["AchievementEnabler","BaseMod","Better Third Choice","Hermit","Hubris","Minty Spire (QoL Compilation)","Replay The Spire","Shade Mod","StSLib","The Construct"],"gold_per_floor":[110,110,127,137,155,184,184,217,243,255,255,273,342,16,16,46,46],"floor_reached":16,"language":"ENG","playtime":1371,"items_purged":["Amnesia"],"score":125,"play_id":"cc53a8e8-2b31-4a9f-aa02-db1fd608bff1","local_time":"20210214134752","is_ascension_mode":true,"campfire_choices":[{"floor":7,"key":"REST"},{"data":"construct:NuclearCore","floor":15,"key":"SMITH"}],"circlet_count":0,"master_deck":["construct:Strike_Gold","construct:Strike_Gold","construct:Strike_Gold","construct:Strike_Gold","construct:Strike_Gold","construct:Defend_Gold","construct:Defend_Gold","construct:Defend_Gold","construct:Defend_Gold","construct:Defend_Gold","construct:AttackMode","construct:DefenseMode","construct:VentSteam","construct:ReactiveShield","construct:NuclearCore+1","construct:ElectricArmor","construct:Backup","construct:Forcefield","construct:PointDefense+1","hubris:Greed","construct:Overcharge+1","hubris:Greed"],"relics":["construct:Cogwheel","NeowsBlessing","Frozen Egg 2","ReplayTheSpireMod:TigerMarble","Strawberry","ReplayTheSpireMod:Ring of Challenge","Ring of Misfortune","Bottled Tornado"],"acts_visited":["Exordium"],"potions_floor_usage":[13,13,16,16],"damage_taken":[{"damage":0,"enemies":"Jaw Worm","floor":1,"turns":1},{"damage":0,"enemies":"2 Louse","floor":3,"turns":1},{"damage":0,"enemies":"Small Slimes","floor":4,"turns":2},{"damage":9,"enemies":"Looter","floor":5,"turns":4},{"damage":32,"enemies":"3 Sentries","floor":6,"turns":11},{"damage":18,"enemies":"Lagavulin","floor":8,"turns":8},{"damage":4,"enemies":"Exordium Wildlife","floor":10,"turns":6},{"damage":13,"enemies":"Exordium Thugs","floor":12,"turns":8},{"damage":20,"enemies":"2 Fungi Beasts","floor":13,"turns":11},{"damage":29,"enemies":"Hexaghost","floor":16,"turns":11}],"seed_played":"-6755381362961727844","potions_obtained":[{"floor":3,"key":"FearPotion"},{"floor":4,"key":"Ancient Potion"},{"floor":5,"key":"Elixir"},{"floor":8,"key":"Explosive Potion"},{"floor":12,"key":"Dexterity Potion"},{"floor":13,"key":"Adrenaline Potion"}],"is_trial":false,"path_per_floor":["M","?","M","M","M","E","R","E","T","M","?","M","M","$","R","B"],"character_chosen":"THE_CONSTRUCT_MOD","items_purchased":["Bottled Tornado"],"campfire_rested":1,"item_purchase_floors":[14],"current_hp_per_floor":[85,90,90,90,81,49,76,58,65,61,61,48,28,28,28,0,0],"gold":46,"neow_bonus":"THREE_ENEMY_KILL","is_daily":false,"chose_seed":false,"campfire_upgraded":1,"win_rate":0.0,"timestamp":1613306872,"path_taken":["M","?","M","M","M","E","R","E","T","M","?","M","M","$","R","BOSS"],"items_purchased_type":["Relic"],"build_version":"2020-12-22","purchased_purges":1,"victory":false,"max_hp_per_floor":[85,90,90,90,90,90,90,90,97,97,97,97,97,97,97,97,97],"card_choices":[{"not_picked":["ReplayTheSpireMod:Mirror System","construct:Electrocute"],"picked":"construct:VentSteam","floor":1},{"not_picked":["construct:Anticipate","construct:SyphonStrike"],"picked":"construct:ReactiveShield","floor":3},{"not_picked":["construct:Rollout","construct:ShiftStrike"],"picked":"construct:NuclearCore","floor":4},{"not_picked":["construct:ScrapCannon","construct:Backfire"],"picked":"construct:ElectricArmor","floor":5},{"not_picked":["construct:Antimatter","construct:Tumble"],"picked":"construct:Backup","floor":6},{"not_picked":["construct:Backfire","construct:SaveState"],"picked":"construct:Forcefield","floor":8},{"not_picked":["construct:OmegaCannon","construct:Anticipate","construct:FierceBash"],"picked":"SKIP","floor":10},{"not_picked":["construct:HardReboot","construct:Rollout"],"picked":"construct:PointDefense+1","floor":12},{"not_picked":["construct:VentSteam","construct:OmegaCannon"],"picked":"construct:Overcharge+1","floor":13}],"player_experience":2441083,"relics_obtained":[{"floor":6,"key":"Frozen Egg 2"},{"floor":8,"key":"ReplayTheSpireMod:TigerMarble"},{"floor":9,"key":"Strawberry"},{"floor":11,"key":"ReplayTheSpireMod:Ring of Challenge"},{"floor":11,"key":"Ring of Misfortune"}],"event_choices":[{"damage_healed":0,"gold_gain":0,"player_choice":"Donut","damage_taken":0,"max_hp_gain":5,"max_hp_loss":0,"event_name":"Big Fish","floor":2,"gold_loss":0}],"is_beta":false,"boss_relics":[],"items_purged_floors":[14],"is_endless":false,"potions_floor_spawned":[3,4,5,8,12,13],"killed_by":"Hexaghost","ascension_level":2}}