{"host":"ndpbn7fqb3wjbd7p","time":1613337719,"event":{"mods":["AchievementEnabler","Act Like it!","AlwaysNeverKeys","BaseMod","Better Vampires","Block Reminder","Colored Powertips","DeckTracker","Defuse TimeMaze Blight","Friendly Minions","Hermit","Highlight Path","MarisaÅiñ∂âJÅ@ñÇóùçπÅj","Minty Spire (QoL Compilation)","Permanent Neow","Shade Mod","StSLib","SuperFastMode","Synergy Search","The Mystic","Unceasing Turn Reminder","Wandering Minibosses"],"gold_per_floor":[111,125,125,135,153,153,182,182,182,107,121,121,132,163,163,163,163],"floor_reached":16,"language":"ENG","playtime":705,"items_purged":["Dualcast"],"score":193,"play_id":"102d4785-9ec2-4751-8b70-96b2003456ac","local_time":"20210214222159","is_ascension_mode":true,"campfire_choices":[{"data":"Beam Cell","floor":6,"key":"SMITH"},{"data":"Zap","floor":12,"key":"SMITH"},{"floor":15,"key":"REST"}],"circlet_count":0,"master_deck":["AscendersBane","Strike_B","Strike_B","Strike_B","Defend_B","Defend_B","Defend_B","Defend_B","Zap+1","Scrape","Steam Power","Beam Cell+1","Steam"],"relics":["Cracked Core","Odd Mushroom","Pear","Ice Cream"],"acts_visited":["Exordium"],"potions_floor_usage":[7,8,11,14,16],"damage_taken":[{"damage":1,"enemies":"Cultist","floor":1,"turns":3},{"damage":8,"enemies":"Small Slimes","floor":2,"turns":3},{"damage":0,"enemies":"2 Louse","floor":4,"turns":1},{"damage":25,"enemies":"Lots of Slimes","floor":5,"turns":4},{"damage":1,"enemies":"The Mushroom Lair","floor":7,"turns":2},{"damage":1,"enemies":"Looter","floor":11,"turns":2},{"damage":1,"enemies":"2 Fungi Beasts","floor":13,"turns":2},{"damage":39,"enemies":"3 Sentries","floor":14,"turns":7},{"damage":45,"enemies":"Slime Boss","floor":16,"turns":6}],"seed_played":"-631653406196128083","potions_obtained":[{"floor":1,"key":"FearPotion"},{"floor":4,"key":"LiquidMemories"},{"floor":5,"key":"PowerPotion"},{"floor":8,"key":"Fruit Juice"},{"floor":8,"key":"Swift Potion"},{"floor":11,"key":"Energy Potion"},{"floor":14,"key":"DistilledChaos"}],"is_trial":false,"path_per_floor":["M","M","?","M","M","R","?","?","T","$","M","R","M","E","R","B"],"character_chosen":"DEFECT","items_purchased":[],"campfire_rested":1,"item_purchase_floors":[],"current_hp_per_floor":[67,59,59,59,34,34,33,38,48,48,47,47,46,7,34,0,0],"gold":163,"neow_bonus":"REMOVE_CARD","is_daily":false,"chose_seed":false,"campfire_upgraded":2,"win_rate":0.0,"timestamp":1613337719,"path_taken":["M","M","?","M","M","R","?","?","T","$","?","R","M","E","R","BOSS"],"items_purchased_type":[],"build_version":"2020-12-22","purchased_purges":1,"victory":false,"max_hp_per_floor":[75,75,75,75,75,75,75,80,90,90,90,90,90,90,90,90,90],"card_choices":[{"not_picked":["Hologram","Force Field"],"picked":"Scrape","floor":1},{"not_picked":["Redo","Ball Lightning"],"picked":"Steam Power","floor":2},{"not_picked":["Conserve Battery","Scrape"],"picked":"Beam Cell","floor":4},{"not_picked":["Rebound","Ball Lightning","Undo"],"picked":"SKIP","floor":5},{"not_picked":["Turbo","Storm","Redo"],"picked":"SKIP","floor":11},{"not_picked":["Compile Driver","Turbo"],"picked":"Steam","floor":13},{"not_picked":["Leap","Thunder Strike","Darkness"],"picked":"SKIP","floor":14}],"player_experience":1226702,"relics_obtained":[{"floor":7,"key":"Odd Mushroom"},{"floor":9,"key":"Pear"},{"floor":14,"key":"Ice Cream"}],"event_choices":[{"damage_healed":0,"gold_gain":0,"player_choice":"Ignored","damage_taken":0,"max_hp_gain":0,"max_hp_loss":0,"event_name":"Liars Game","floor":3,"gold_loss":0},{"damage_healed":0,"gold_gain":0,"player_choice":"Fought Mushrooms","damage_taken":0,"max_hp_gain":0,"max_hp_loss":0,"event_name":"Mushrooms","floor":7,"gold_loss":0},{"damage_healed":0,"gold_gain":0,"player_choice":"Got Potions","damage_taken":0,"max_hp_gain":0,"max_hp_loss":0,"event_name":"Lab","floor":8,"gold_loss":0}],"is_beta":false,"boss_relics":[],"items_purged_floors":[10],"is_endless":false,"potions_floor_spawned":[1,4,5,11,14],"killed_by":"Slime Boss","ascension_level":13}}