{"host":"irzto8mbmvyhawyg","time":1613324000,"event":{"mods":["AchievementEnabler","Act Like it!","Aspiration","BaseMod","BetterRewards","Colored Map","Colored Powertips","Conspire","Friendly Minions","Gensokyo","Gold Saver","Hubris","Infinite Spire","Minty Spire (QoL Compilation)","Replay The Spire","StSLib","SuperFastMode","The Jungle"],"gold_per_floor":[379,42,59,70,70,97,108,108,108,108,108,421,421,431,431,532,532,547,565,565,42,42,42,60,92,92,92,342,375,393,393,393,393,393],"floor_reached":33,"language":"ENG","playtime":1370,"items_purged":["Strike_B","Strike_B","Defend_B"],"score":594,"play_id":"2b549876-46ad-4881-b22a-f71acc0a4b32","local_time":"20210214113320","is_ascension_mode":true,"campfire_choices":[{"data":"Gensokyo:RedCapeBlueCape","floor":8.0,"key":"SMITH"},{"floor":15.0,"key":"REST"},{"floor":23,"key":"DIG"},{"floor":32,"key":"DIG"}],"circlet_count":0,"master_deck":["AscendersBane","Zap","Dualcast","Ball Lightning","Panic Button","Steam","aspiration:Polymerization","Self Repair","Gensokyo:RedCapeBlueCape+1","Hologram","Conserve Battery","Conserve Battery","Biased Cognition","Time Bomb","infinitespire:Oblivion","Hologram","Creative AI","Rebound","Conserve Battery","Tempest","Thunder Strike","Panic Button","Conserve Battery+1","Self Repair","Self Repair"],"relics":["Cracked Core","MealTicket","ReplayFunnel","Toy Ornithopter","conspire:SpecialSausage","DataDisk","Shovel","hubris:TerracottaHorce","Raider\u0027s Mask","hubris:Icosahedron","White Beast Statue","hubris:Potato","Bag of Marbles","hubris:RGBLights"],"acts_visited":["Exordium","Gensokyo:Gensokyo"],"potions_floor_usage":[33,33],"damage_taken":[{"damage":2.0,"enemies":"Gensokyo:Python","floor":1.0,"turns":4.0},{"damage":0.0,"enemies":"Gensokyo:Gryphon","floor":3.0,"turns":3.0},{"damage":11.0,"enemies":"Gensokyo:3_Fairies","floor":4.0,"turns":5.0},{"damage":20.0,"enemies":"Gensokyo:Mamizou","floor":6.0,"turns":8.0},{"damage":17.0,"enemies":"Gensokyo:LivingMonolith","floor":7.0,"turns":4.0},{"damage":5.0,"enemies":"Gensokyo:CorruptedTreant","floor":12.0,"turns":5.0},{"damage":5.0,"enemies":"Gensokyo:VengefulSpirit","floor":14.0,"turns":3.0},{"damage":14.0,"enemies":"Gensokyo:Reimu","floor":16.0,"turns":13.0},{"damage":7,"enemies":"Gensokyo:3_Dogs","floor":18,"turns":5},{"damage":0,"enemies":"Gensokyo:2_Gloops","floor":19,"turns":4},{"damage":0,"enemies":"Gensokyo:Swordslinger","floor":24,"turns":2},{"damage":22,"enemies":"Gensokyo:Koishi","floor":25,"turns":5},{"damage":10,"enemies":"Gensokyo:Reisen","floor":29,"turns":4},{"damage":9,"enemies":"Gensokyo:3_Gloops","floor":30,"turns":4},{"damage":64,"enemies":"Gensokyo:Kaguya","floor":33,"turns":9}],"seed_played":"-6654596380030924914","potions_obtained":[{"floor":6.0,"key":"Energy Potion"},{"floor":7.0,"key":"PowerPotion"},{"floor":16.0,"key":"Venom Potion"},{"floor":19,"key":"Elixir"},{"floor":24,"key":"Explosive Potion"},{"floor":29,"key":"Weak Potion"},{"floor":30,"key":"PowerPotion"}],"is_trial":false,"path_per_floor":["M","COS","M","M","?","E","M","R","T","?","?","M","AVR","M","R","B",null,"M","M","?","$","?","R","M","E","T","?","?","E","M","?","R_BF","B"],"character_chosen":"DEFECT","items_purchased":["Ball Lightning","Panic Button","MealTicket","Steam","Tempest","Thunder Strike","Raider\u0027s Mask"],"campfire_rested":1,"item_purchase_floors":[0,0,0,0,21,21,21],"current_hp_per_floor":[52,52,59,55,63,50,40,40,40,10,10,12,12,19,41,39,66,66,66,70,75,75,75,75,53,53,53,53,50,48,51,51,0,0],"gold":393,"neow_bonus":"","is_daily":false,"chose_seed":false,"campfire_upgraded":1,"win_rate":0.0,"timestamp":1613324000,"path_taken":["M","COS","M","M","?","E","?","R","T","?","?","?","AVR","M","R","BOSS","M","?","?","?","?","R","M","E","T","?","?","E","M","?","R_BF","BOSS"],"items_purchased_type":["Card","Card","Relic","Card","Card","Card","Relic"],"build_version":"2020-12-22","purchased_purges":3,"victory":false,"max_hp_per_floor":[75,75,75,75,75,75,75,75,75,75,75,75,75,75,75,75,75,75,75,75,75,75,75,75,75,75,75,69,69,69,72,72,72,72],"card_choices":[{"not_picked":["ReplayTheSpireMod:Reroute Power","Redo"],"picked":"Self Repair","floor":1.0},{"not_picked":["BasicCrystalCard","Double Energy"],"picked":"Hologram","floor":3.0},{"not_picked":["FTL","Blizzard"],"picked":"Conserve Battery","floor":4.0},{"not_picked":["Consume","Rebound"],"picked":"Conserve Battery","floor":6.0},{"not_picked":["Stack","ReplayTheSpireMod:Dual Polarity"],"picked":"Biased Cognition","floor":7.0},{"not_picked":["Static Discharge","Streamline"],"picked":"Time Bomb","floor":12.0},{"not_picked":["Gash","ReplayTheSpireMod:GoodbyeWorld"],"picked":"Hologram","floor":14.0},{"not_picked":["Rainbow","ReplayTheSpireMod:Omega Cannon"],"picked":"Creative AI","floor":16.0},{"not_picked":["Stack","ReplayGash"],"picked":"Rebound","floor":18},{"not_picked":["Rebound","Streamline"],"picked":"Conserve Battery","floor":19},{"not_picked":["Sweeping Beam","Leap"],"picked":"Panic Button","floor":24},{"not_picked":["Rip and Tear","Sunder"],"picked":"Conserve Battery+1","floor":25},{"not_picked":["hubris:SpecializedCircuitry","Steam"],"picked":"Self Repair","floor":29},{"not_picked":["Go for the Eyes","Panic Button+1"],"picked":"Self Repair","floor":30}],"player_experience":425171,"relics_obtained":[{"floor":6.0,"key":"ReplayFunnel"},{"floor":9.0,"key":"Toy Ornithopter"},{"floor":23,"key":"Nunchaku"},{"floor":25,"key":"White Beast Statue"},{"floor":26,"key":"hubris:Potato"},{"floor":29,"key":"Bag of Marbles"},{"floor":32,"key":"hubris:RGBLights"}],"event_choices":[],"is_beta":false,"boss_relics":[{"not_picked":["Replay:Bronze Core","ChewingGum"],"picked":"hubris:TerracottaHorce"}],"items_purged_floors":[0,13,21],"is_endless":false,"potions_floor_spawned":[6,7,16,19,24,29,30],"killed_by":"Gensokyo:Kaguya","ascension_level":11}}