{"host":"oknzaotplmnl5xaf","time":1613329388,"event":{"mods":["BaseMod","Colored Map","Highlight Path","Minty Spire (QoL Compilation)","Permanent Neow","Quick Restart","Relic Stats"],"gold_per_floor":[113,113,125,141,141,175,18,18,18,18,18,18,35,48,48,48,48],"floor_reached":16,"language":"ENG","playtime":450,"items_purged":[],"score":204,"play_id":"82ec3bd2-7a64-463c-936b-bd3d6f6e67bb","local_time":"20210214140308","is_ascension_mode":true,"campfire_choices":[{"floor":8,"key":"REST"},{"data":"Footwork","floor":10,"key":"SMITH"},{"data":"Burst","floor":15,"key":"SMITH"}],"circlet_count":0,"master_deck":["AscendersBane","Strike_G","Strike_G","Strike_G","Strike_G","Defend_G","Defend_G","Defend_G","Defend_G","Defend_G","Survivor","Neutralize","Burst+1","All Out Attack","Dagger Spray","Footwork+1","Blade Dance","Quick Slash","Distraction"],"relics":["Ring of the Snake","Peace Pipe","Vajra","Bottled Tornado"],"acts_visited":["Exordium"],"potions_floor_usage":[12],"damage_taken":[{"damage":4,"enemies":"2 Louse","floor":1,"turns":5},{"damage":0,"enemies":"Small Slimes","floor":3,"turns":3},{"damage":2,"enemies":"Jaw Worm","floor":4,"turns":4},{"damage":32,"enemies":"3 Sentries","floor":6,"turns":6},{"damage":1,"enemies":"Exordium Wildlife","floor":12,"turns":2},{"damage":3,"enemies":"Looter","floor":13,"turns":4},{"damage":12,"enemies":"Lots of Slimes","floor":14,"turns":3},{"damage":20,"enemies":"The Guardian","floor":16,"turns":2}],"seed_played":"8758371107645677730","potions_obtained":[{"floor":1,"key":"SmokeBomb"},{"floor":14,"key":"Ancient Potion"}],"is_trial":false,"path_per_floor":["M","?","M","M","?","E","$","R","T","R","$","M","M","M","R","B"],"character_chosen":"THE_SILENT","items_purchased":["Vajra"],"campfire_rested":1,"item_purchase_floors":[7],"current_hp_per_floor":[55,48,48,46,46,14,14,33,33,33,33,32,29,17,17,0,0],"gold":48,"neow_bonus":"ONE_RANDOM_RARE_CARD","is_daily":false,"chose_seed":false,"campfire_upgraded":2,"win_rate":0.0,"timestamp":1613329388,"path_taken":["M","?","M","M","?","E","$","R","T","R","$","M","M","M","R","BOSS"],"items_purchased_type":["Relic"],"build_version":"2020-12-22","purchased_purges":0,"victory":false,"max_hp_per_floor":[66,66,66,66,66,66,66,66,66,66,66,66,66,66,66,66,66],"relic_stats":{"Peace Pipe":0,"counters":[8,29],"obtain_stats":[{"Peace Pipe":6,"Vajra":7,"Bottled Tornado":9,"Ring of the Snake":0},{"Peace Pipe":4,"Vajra":4,"Bottled Tornado":4,"Ring of the Snake":0},{"Peace Pipe":18,"Vajra":18,"Bottled Tornado":18,"Ring of the Snake":0}],"Ring of the Snake":[16]},"card_choices":[{"not_picked":["Escape Plan","Quick Slash"],"picked":"All Out Attack","floor":1},{"not_picked":["Acrobatics","Underhanded Strike"],"picked":"Dagger Spray","floor":3},{"not_picked":["Acrobatics","Dodge and Roll"],"picked":"Footwork","floor":4},{"not_picked":["Underhanded Strike","Tactician"],"picked":"Blade Dance","floor":6},{"not_picked":["Underhanded Strike","Dagger Spray"],"picked":"Quick Slash","floor":13},{"not_picked":["Bane","Quick Slash"],"picked":"Distraction","floor":14}],"player_experience":1538693,"relics_obtained":[{"floor":6,"key":"Peace Pipe"},{"floor":9,"key":"Bottled Tornado"}],"event_choices":[{"cards_removed":["Strike_G"],"damage_healed":0,"gold_gain":0,"player_choice":"Card Removal","damage_taken":7,"max_hp_gain":0,"max_hp_loss":0,"event_name":"Golden Wing","floor":2,"gold_loss":0},{"damage_healed":0,"gold_gain":0,"player_choice":"Ignored","damage_taken":0,"max_hp_gain":0,"max_hp_loss":0,"event_name":"Liars Game","floor":5,"gold_loss":0}],"is_beta":false,"boss_relics":[],"items_purged_floors":[],"is_endless":false,"potions_floor_spawned":[1,12,14],"killed_by":"The Guardian","ascension_level":20}}