{"host":"2d926qfvvz477zl6","time":1613272637,"event":{"mods":["Aspiration","BaseMod","Bossed Relics","Challenge The Spire","Conspire","Downfall","Energized Spire","Gremlin Mod","Halation","Hubris","Infinite Spire","Marked Mod","Minty Spire (QoL Compilation)","Morshu Shopkeeper","Rare Cards Sparkle","Reliquary","Replay The Spire","Retaliation","Shedinja","Somnambulant","Spicy Shops","StSLib","Td1madao Mod","The Blue Laboratory","The Bug Knight","The Cursed","The Hayseed","The Hierophant","The IronCluck","The Judge","The Marked","Wandering Minibosses","Wide Potions","everything is the same but u backflip on backflip","slay the spire mod where everything is the same but ironclad has a cowboy hat"],"gold_per_floor":[109,123,25,54,72,72,83,112,194,194,211,5,21,38,38,139,139,152,152,152,142,153,153,153,153,153,74,91,91,91],"floor_reached":29,"language":"ENG","playtime":1384,"items_purged":["Shedinja:Scratch"],"score":317,"play_id":"6425c521-d0c3-4636-acec-5016f4a5b725","local_time":"20210213221717","is_ascension_mode":true,"campfire_choices":[{"data":"Shedinja:FocusSash","floor":6.0,"key":"SMITH"},{"data":"Shedinja:PowerBelt","floor":10.0,"key":"SMITH"},{"data":"Shedinja:Endure","floor":15.0,"key":"PURGE"},{"data":"Shedinja:FocusSash","floor":23,"key":"SMITH"},{"data":"Shedinja:NightSlash","floor":25,"key":"SMITH"}],"circlet_count":0,"master_deck":["Shedinja:Scratch","Shedinja:Endure","Shedinja:Endure","Shedinja:FocusSash+1","Shedinja:FocusSash+1","Shedinja:ShadowSneak","Shedinja:ConfuseRay","Shedinja:Absorb","Shedinja:PowerBelt+1","Shedinja:ShadowSneak","Shedinja:Rest+1","Shedinja:StruggleBug","Shedinja:DoubleTeam+1","Shedinja:SuckerPunch","Shedinja:XScissor+1","Shedinja:XScissor+1","WordoMod:Petrified","TheCursedMod:Dregs","Shedinja:Harden+1","Shedinja:StruggleBug","Shedinja:NightSlash+1","Shedinja:XScissor+1","Shedinja:FurySwipes+1","Shedinja:ShadowSneak"],"relics":["Shedinja:WonderGuard","NeowsBlessing","Golden Egg","Dream Catcher","Toxic Egg 2","halation:Diary","Kintsugi","halation:EternalFortune","hubris:BottledHeart","Mirror"],"acts_visited":["Exordium","TheCity"],"potions_floor_usage":[],"damage_taken":[{"damage":0.0,"enemies":"2 Louse","floor":1.0,"turns":1.0},{"damage":0.0,"enemies":"Small Slimes","floor":2.0,"turns":1.0},{"damage":0.0,"enemies":"conspire:MimicChest","floor":4.0,"turns":1.0},{"damage":0.0,"enemies":"Cultist","floor":5.0,"turns":5.0},{"damage":0.0,"enemies":"2 Fungi Beasts","floor":7.0,"turns":5.0},{"damage":0.0,"enemies":"3 Sentries","floor":8.0,"turns":8.0},{"damage":0.0,"enemies":"Exordium Wildlife","floor":11.0,"turns":9.0},{"damage":0.0,"enemies":"Gremlin Gang","floor":13.0,"turns":6.0},{"damage":0.0,"enemies":"Large Slime","floor":14.0,"turns":7.0},{"damage":0.0,"enemies":"Fading Forest","floor":16.0,"turns":11.0},{"damage":0.0,"enemies":"3 Byrds","floor":18.0,"turns":8.0},{"damage":0,"enemies":"2 Thieves","floor":21,"turns":5},{"damage":0,"enemies":"Snake Plant","floor":22,"turns":7},{"damage":0,"enemies":"conspire:HollyBat","floor":28,"turns":10},{"damage":8,"enemies":"Centurion and Healer","floor":29,"turns":1}],"seed_played":"6965521680460251013","potions_obtained":[{"floor":1.0,"key":"blueLaboratory:ArtificerPotion"},{"floor":5.0,"key":"PowerPotion"}],"is_trial":false,"path_per_floor":["M","M","$","?","M","R","M","E","T","R","M","$","M","M","R","B",null,"M","?","?","M","M","R","?","R","T","$","M","M"],"character_chosen":"THE_DEFAULT","items_purchased":["Shedinja:Absorb","halation:Diary","Shedinja:DoubleTeam","Shedinja:FurySwipes"],"campfire_rested":0,"item_purchase_floors":[3,12,12,27],"current_hp_per_floor":[1,1,1,1,1,1,1,1,1,1,1,1,1,1,1,1,1,1,1,1,1,1,1,1,1,1,1,1,0,0],"gold":91,"neow_bonus":"THREE_ENEMY_KILL","is_daily":false,"chose_seed":false,"campfire_upgraded":4,"win_rate":0.0,"timestamp":1613272637,"path_taken":["M","M","$","?","M","R","M","E","T","R","M","$","M","M","R","BOSS","M","?","?","M","M","R","?","R","T","$","?","M"],"items_purchased_type":["Card","Relic","Card","Card"],"build_version":"2020-12-22","purchased_purges":1,"victory":false,"max_hp_per_floor":[1,1,1,1,1,1,1,1,1,1,1,1,1,1,1,1,1,1,1,1,1,1,1,1,1,1,1,1,1,1],"card_choices":[{"not_picked":["Shedinja:RockyHelmet","Shedinja:BugBuzz"],"picked":"Shedinja:ShadowSneak","floor":1.0},{"not_picked":["Shedinja:SuckerPunch","Shedinja:Agility"],"picked":"Shedinja:ConfuseRay","floor":2.0},{"not_picked":["Shedinja:Facade","Shedinja:Harden"],"picked":"Shedinja:PowerBelt","floor":4.0},{"not_picked":["Shedinja:MindReader","Shedinja:Facade","Shedinja:Round"],"picked":"SKIP","floor":5.0},{"not_picked":["Shedinja:RockyHelmet","Shedinja:Absorb"],"picked":"Shedinja:ShadowSneak","floor":7.0},{"not_picked":["Shedinja:Ether","Shedinja:Agility"],"picked":"Shedinja:Rest","floor":8.0},{"not_picked":["Shedinja:PowerBracer","Shedinja:Elixir"],"picked":"Shedinja:StruggleBug","floor":11.0},{"not_picked":["Shedinja:NightSlash","Shedinja:Ether+1"],"picked":"Shedinja:SuckerPunch","floor":13.0},{"not_picked":["Shedinja:GigaDrain","Shedinja:ShadowBall"],"picked":"Shedinja:XScissor","floor":14.0},{"not_picked":["Shedinja:DoubleTeam","Shedinja:Rest+1"],"picked":"Shedinja:XScissor","floor":16.0},{"not_picked":["Shedinja:Mimic+1","Shedinja:ConfuseRay+1"],"picked":"Shedinja:Harden+1","floor":18.0},{"not_picked":["Shedinja:Absorb","Shedinja:Facade+1"],"picked":"Shedinja:StruggleBug","floor":21},{"not_picked":["Shedinja:SuckerPunch","Shedinja:Facade"],"picked":"Shedinja:NightSlash","floor":22},{"not_picked":["Shedinja:WillOWisp+1","Shedinja:Facade+1"],"picked":"Shedinja:ShadowSneak","floor":28}],"player_experience":364663,"relics_obtained":[{"floor":4.0,"key":"Golden Egg"},{"floor":8.0,"key":"Dream Catcher"},{"floor":9.0,"key":"Toxic Egg 2"},{"floor":26,"key":"Mirror"}],"event_choices":[{"damage_healed":0,"gold_gain":0,"player_choice":"Read","damage_taken":0,"max_hp_gain":0,"max_hp_loss":0,"event_name":"The Library","floor":24,"gold_loss":0,"cards_obtained":["Shedinja:XScissor"]}],"is_beta":false,"boss_relics":[{"not_picked":["Snecko Eye","Replay:Ancient Bell"],"picked":"Kintsugi"}],"items_purged_floors":[3],"is_endless":false,"potions_floor_spawned":[1,5],"killed_by":"Centurion and Healer","ascension_level":1}}