{"host":"lehbxtjrpalkmwwj","time":1613308555,"event":{"mods":["ATMod(°¢èªMod)","Aspiration","BaseMod","Challenge The Spire","Colored Map","Colored Powertips","Conspire","Dota2Spire","Energized Spire","Hunter ÁÔÈË","Minty Spire (QoL Compilation)","Quick Restart","Relic Stats","Reliquary","Replay The Spire","Spicy Shops","StSLib","TestMod","The Cursed","The IronCluck","The Poker Player","Waifu the Spire","Wide Potions","[IsaacMod]ÒÔÈö¼âËþ","¡¾ÒÅÎï¿¨ÅÆ¡¿REMEMod","É³µñ²ÄÖÊ°ümod","óô»ðÖ¸ÄÏ"],"gold_per_floor":[118,118,132,149,49,49,82,96,96,116,148,148,183,45,125,227,227,247,6,25,25,25,25,54,70,96,131,147,163,181,235,235,336,336,351,351,369,419,473,499,516,551,551,576,596,616,3,23,23,23,23,23,23,51,51],"floor_reached":56,"language":"ZHS","playtime":2133,"items_purged":["Parasite","Injury"],"score":2297,"play_id":"f32882f5-d115-4fc1-acb7-e3d51099acf0","local_time":"20210214211555","is_ascension_mode":true,"campfire_choices":[{"floor":6.0,"key":"RECALL"},{"data":"AT_FamilyPortrait","floor":12.0,"key":"SMITH"},{"data":"Neutralize","floor":23,"key":"SMITH"},{"data":"Tools of the Trade","floor":32,"key":"SMITH"},{"data":"AT_KingSlayer","floor":52,"key":"SMITH"}],"circlet_count":0,"master_deck":["Strike_G","Strike_G","Strike_G","Strike_G","Defend_G","Defend_G","Defend_G","Defend_G","Survivor","Neutralize+1","EpicFetus+1","Ragnarok+1","AT_FamilyPortrait+1","ReplayTheSpireMod:Speed Training","Doppelganger+1","Bouncing Flask+1","Ghostly+1","aspiration:Lunge","Blade Dance+1","Distraction+1","Acrobatics+1","PiercingWail+1","Corpse Explosion+1","Infinite Blades+1","Blade Dance+1","Heel Hook","All Out Attack","Skewer","Cloak And Dagger+1","Bouncing Flask+1","AT_KingSlayer+1","Blade Dance+1","Dodge and Roll+1","Dodge and Roll+1","Tools of the Trade+1","Phantasmal Killer+1","Poisoned Stab","Concentrate+1","Tactician+1","Poison Darts+1","Terror+1","ReplayTheSpireMod:Speed Training+1","Acrobatics+1","Corpse Explosion+1","REME_CopyPotion+1","Cloak And Dagger+1","Hidden Blade+1","Accuracy+1","Accuracy+1","Noxious Fumes+1","Strike_G","Strike_G","Strike_G","Strike_G","Defend_G+1","Defend_G+1","Defend_G+1","Defend_G+1","Survivor+1","Neutralize+1","EpicFetus+1","Ragnarok+1","AT_FamilyPortrait+1","ReplayTheSpireMod:Speed Training+1","Doppelganger+1","Bouncing Flask+1","Ghostly+1","aspiration:Lunge","Blade Dance+1","Distraction+1","Acrobatics+1","PiercingWail+1","Corpse Explosion+1","Infinite Blades+1","Blade Dance+1","Heel Hook","All Out Attack","Skewer","Cloak And Dagger+1","Bouncing Flask+1","AT_KingSlayer","Blade Dance+1","Dodge and Roll+1","Dodge and Roll+1","Tools of the Trade+1","Phantasmal Killer+1","Poisoned Stab","Concentrate+1","Tactician+1","Poison Darts+1","Terror+1","ReplayTheSpireMod:Speed Training+1","Acrobatics+1","Corpse Explosion+1","REME_CopyPotion+1","Cloak And Dagger+1","Hidden Blade+1","Accuracy+1","Accuracy+1","Noxious Fumes+1","REME_GreenPollution+1"],"relics":["Ring of the Snake","HushsDoor","testmod-TestBox","REME_ComplimentaryCards","testmod-BouquetWithThorns","HowToJump","NeowsBlessing","Toxic Egg 2","Smiling Mask","Tough Bandages","testmod-Alchemist","Void","testmod-Register","Black Star","Succubus","aspiration:Lifesprig","Leech","testmod-HeartOfStrike","Dota2Spire:UrnOfShadows","Dota2Spire:MaskOfMadness","reliquary:WeakTea","Ninja Scroll","Potion Belt","MagicMushroom","Frozen Egg 2","Dota2Spire:ArmletOfMordiggian","Counterbalance","aspiration:VileToxins","Orichalcum","Replay:Baseball","TuHaoJin","reliquary:JackalopeAntler","conspire:GiftBox","aspiration:Nostalgia","Replay:M_StaffOfTheSnake","Kunai","Guide Book","aspiration:AnachronicSnailShell","reliquary:FerryPass"],"acts_visited":["Exordium","TheCity","TheBeyond","TheEnding"],"potions_floor_usage":[27,27,27,27,29,31,33,33,33,35,55,55,55,55,55,55],"damage_taken":[{"damage":0.0,"enemies":"2 Louse","floor":1.0,"turns":1.0},{"damage":0.0,"enemies":"Small Slimes","floor":3.0,"turns":1.0},{"damage":0.0,"enemies":"Cultist","floor":4.0,"turns":1.0},{"damage":0.0,"enemies":"Lagavulin","floor":7.0,"turns":5.0},{"damage":0.0,"enemies":"2 Fungi Beasts","floor":8.0,"turns":2.0},{"damage":36.0,"enemies":"Exordium Wildlife","floor":10.0,"turns":4.0},{"damage":0.0,"enemies":"3 Sentries","floor":11.0,"turns":1.0},{"damage":14.0,"enemies":"Lagavulin","floor":13.0,"turns":5.0},{"damage":0.0,"enemies":"Hexaghost","floor":16.0,"turns":6.0},{"damage":4.0,"enemies":"2 Thieves","floor":18.0,"turns":2.0},{"damage":11.0,"enemies":"Shell Parasite","floor":20.0,"turns":4.0},{"damage":0,"enemies":"conspire:SneckoGhost","floor":24,"turns":4},{"damage":0,"enemies":"Snecko","floor":25,"turns":3},{"damage":2,"enemies":"Slavers","floor":27,"turns":4},{"damage":6,"enemies":"Cultist and Chosen","floor":28,"turns":3},{"damage":10,"enemies":"Snake Plant","floor":29,"turns":3},{"damage":13,"enemies":"Centurion and Healer","floor":30,"turns":2},{"damage":9,"enemies":"REME_1_Revenger","floor":31,"turns":5},{"damage":10,"enemies":"conspire:MysteriousRune","floor":33,"turns":6},{"damage":0,"enemies":"3 Shapes","floor":35,"turns":2},{"damage":0,"enemies":"Orb Walker","floor":37,"turns":2},{"damage":0,"enemies":"Hiden Room Battle","floor":38,"turns":2},{"damage":0,"enemies":"2 Orb Walkers","floor":39,"turns":2},{"damage":5,"enemies":"Giant Head","floor":40,"turns":5},{"damage":27,"enemies":"Writhing Mass","floor":41,"turns":4},{"damage":0,"enemies":"R_Hoarder","floor":42,"turns":3},{"damage":0,"enemies":"Giant Head","floor":44,"turns":5},{"damage":0,"enemies":"Jaw Worm Horde","floor":45,"turns":2},{"damage":0,"enemies":"Sphere and 2 Shapes","floor":46,"turns":2},{"damage":0,"enemies":"4 Shapes","floor":48,"turns":1},{"damage":3,"enemies":"Time Eater","floor":50,"turns":7},{"damage":10,"enemies":"Shield and Spear","floor":54,"turns":2},{"damage":23,"enemies":"The Heart","floor":55,"turns":5}],"seed_played":"-2370921599986763026","potions_obtained":[{"floor":3.0,"key":"testmod-TestPotion"},{"floor":7.0,"key":"Venom Potion"},{"floor":16.0,"key":"Dexterity Potion"},{"floor":24,"key":"Elixir"},{"floor":25,"key":"EntropicBrew"},{"floor":28,"key":"Dota2Spire:HealingSalve"},{"floor":30,"key":"EssenceOfSteel"},{"floor":33,"key":"Regen Potion"},{"floor":35,"key":"testmod-SpacePotion"},{"floor":39,"key":"Milkshake"},{"floor":40,"key":"EssenceOfSteel"},{"floor":42,"key":"Milkshake"},{"floor":44,"key":"EssenceOfSteel"},{"floor":45,"key":"Adrenaline Potion"},{"floor":54,"key":"CunningPotion"}],"is_trial":false,"path_per_floor":["M","?","M","M","?","R","E","M","T","M","E","R","E","$","R_BF","B",null,"M","$","M","?","?","R","E","M","T","E","M","M","M","E","R","B",null,"M","?","M","?","?","E","M","E","T","E","M","M","R","M","R_BF","B",null,"R","$","E","B",null],"character_chosen":"THE_SILENT","items_purchased":["testmod-Register","PiercingWail+1","Succubus","aspiration:Lifesprig","Blade Dance+1","aspiration:Nostalgia","Kunai","Guide Book","Accuracy+1"],"campfire_rested":0,"item_purchase_floors":[14,14,17,19,19,47,47,47,47],"current_hp_per_floor":[63,63,63,63,63,63,63,63,63,27,27,27,13,13,13,13,42,38,38,27,27,27,27,27,29,29,36,33,31,24,20,20,16,50,52,52,54,41,44,45,22,38,38,44,56,59,59,59,59,58,59,59,59,49,41],"gold":51,"neow_bonus":"THREE_ENEMY_KILL","is_daily":false,"chose_seed":false,"campfire_upgraded":4,"win_rate":0.0,"timestamp":1613308555,"path_taken":["M","?","M","?","?","R","E","M","T","M","E","R","E","$","R_BF","BOSS","M","$","?","?","?","R","E","M","T","E","M","M","M","E","R","BOSS","M","?","M","?","?","E","M","E","T","E","M","?","R","M","R_BF","BOSS","R","$","E","BOSS"],"items_purchased_type":["Relic","Card","Relic","Relic","Card","Relic","Relic","Relic","Card"],"build_version":"2020-12-22","purchased_purges":2,"victory":true,"max_hp_per_floor":[70,70,70,70,70,70,70,70,70,70,70,70,70,67,67,67,52,52,52,52,52,52,52,52,52,52,52,52,52,52,52,52,52,59,59,59,59,59,59,59,59,59,59,59,59,59,59,59,59,59,59,59,59,59,59],"relic_stats":{"Tough Bandages":[165],"counters":[33,106],"Black Star":7,"Kunai":[19],"Orichalcum":[6],"Smiling Mask":75,"obtain_stats":[{"testmod-HeartOfStrike":24,"Dota2Spire:MaskOfMadness":27,"aspiration:Lifesprig":19,"AT_ATBox":0,"Dota2Spire:ArmletOfMordiggian":38,"testmod-BouquetWithThorns":0,"Smiling Mask":7,"Leech":24,"reliquary:FerryPass":54,"Tough Bandages":9,"testmod-Alchemist":11,"Ninja Scroll":31,"aspiration:AnachronicSnailShell":54,"Succubus":17,"TuHaoJin":42,"Kunai":47,"Toxic Egg 2":2,"Void":13,"Ring of the Snake":0,"KeepersGift":0,"Potion Belt":31,"aspiration:VileToxins":40,"testmod-TestBox":0,"Dota2Spire:UrnOfShadows":26,"Replay:M_StaffOfTheSnake":47,"HowToJump":0,"NeowsBlessing":0,"testmod-Register":14,"aspiration:Nostalgia":47,"Counterbalance":39,"Guide Book":47,"reliquary:WeakTea":27,"Frozen Egg 2":38,"Orichalcum":40,"reliquary:JackalopeAntler":44,"Replay:Baseball":42,"conspire:GiftBox":44,"MagicMushroom":34,"Black Star":17,"HushsDoor":0,"REME_ComplimentaryCards":0},{"testmod-HeartOfStrike":12,"Dota2Spire:MaskOfMadness":14,"aspiration:Lifesprig":10,"AT_ATBox":0,"Dota2Spire:ArmletOfMordiggian":22,"testmod-BouquetWithThorns":0,"Smiling Mask":4,"Leech":12,"reliquary:FerryPass":32,"Tough Bandages":5,"testmod-Alchemist":7,"Ninja Scroll":18,"aspiration:AnachronicSnailShell":32,"Succubus":9,"TuHaoJin":26,"Kunai":29,"Toxic Egg 2":1,"Void":8,"Ring of the Snake":0,"KeepersGift":0,"Potion Belt":18,"aspiration:VileToxins":24,"testmod-TestBox":0,"Dota2Spire:UrnOfShadows":13,"Replay:M_StaffOfTheSnake":29,"HowToJump":0,"NeowsBlessing":0,"testmod-Register":8,"aspiration:Nostalgia":29,"Counterbalance":23,"Guide Book":29,"reliquary:WeakTea":14,"Frozen Egg 2":22,"Orichalcum":24,"reliquary:JackalopeAntler":27,"Replay:Baseball":26,"conspire:GiftBox":27,"MagicMushroom":19,"Black Star":9,"HushsDoor":0,"REME_ComplimentaryCards":0},{"testmod-HeartOfStrike":36,"Dota2Spire:MaskOfMadness":43,"aspiration:Lifesprig":28,"AT_ATBox":0,"Dota2Spire:ArmletOfMordiggian":68,"testmod-BouquetWithThorns":0,"Smiling Mask":8,"Leech":36,"reliquary:FerryPass":101,"Tough Bandages":10,"testmod-Alchemist":15,"Ninja Scroll":56,"aspiration:AnachronicSnailShell":101,"Succubus":26,"TuHaoJin":82,"Kunai":91,"Toxic Egg 2":1,"Void":20,"Ring of the Snake":0,"KeepersGift":0,"Potion Belt":56,"aspiration:VileToxins":75,"testmod-TestBox":0,"Dota2Spire:UrnOfShadows":39,"Replay:M_StaffOfTheSnake":91,"HowToJump":0,"NeowsBlessing":0,"testmod-Register":20,"aspiration:Nostalgia":91,"Counterbalance":70,"Guide Book":91,"reliquary:WeakTea":43,"Frozen Egg 2":68,"Orichalcum":75,"reliquary:JackalopeAntler":87,"Replay:Baseball":82,"conspire:GiftBox":87,"MagicMushroom":62,"Black Star":26,"HushsDoor":0,"REME_ComplimentaryCards":0}],"Ring of the Snake":[66]},"card_choices":[{"not_picked":[],"picked":"EpicFetus","floor":0.0},{"not_picked":["Replay:Poison Smokescreen","ReplayTheSpireMod:Shiv Toss"],"picked":"ReplayTheSpireMod:Speed Training","floor":1.0},{"not_picked":["Dagger Throw","Poisoned Stab"],"picked":"Doppelganger+1","floor":3.0},{"not_picked":["Slice","Dodge and Roll+1"],"picked":"Bouncing Flask+1","floor":4.0},{"not_picked":["Acrobatics+1","Well Laid Plans"],"picked":"aspiration:Lunge","floor":7.0},{"not_picked":["REME_ShadowStrike","ReplayTheSpireMod:Tripwire+1"],"picked":"Blade Dance+1","floor":8.0},{"not_picked":["Dagger Spray","ReplayTheSpireMod:Exploit Weakness+1"],"picked":"Bomb","floor":10.0},{"not_picked":["Slice","Dagger Spray"],"picked":"Distraction+1","floor":11.0},{"not_picked":["Deadly Poison+1","Escape Plan+1"],"picked":"Acrobatics+1","floor":13.0},{"not_picked":["Grand Finale","Replay:Bag of Tricks+1"],"picked":"Corpse Explosion+1","floor":16.0},{"not_picked":["Sucker Punch+1","Slice+1"],"picked":"Infinite Blades+1","floor":18.0},{"not_picked":["Flechettes","AT_WindRun+1"],"picked":"Heel Hook","floor":20.0},{"not_picked":["Dodge and Roll+1","Bane+1"],"picked":"Cloak And Dagger+1","floor":24},{"not_picked":["Deadly Poison+1","Cloak And Dagger+1"],"picked":"Bouncing Flask+1","floor":25},{"not_picked":["Quick Slash","conspire:PoisonWeapons+1"],"picked":"AT_KingSlayer","floor":27},{"not_picked":["AT_ThistleTea+1","Underhanded Strike"],"picked":"Blade Dance+1","floor":28},{"not_picked":["AT_WindRun+1","conspire:PoisonWeapons+1"],"picked":"Dodge and Roll+1","floor":29},{"not_picked":["Bane","Backflip+1"],"picked":"Dodge and Roll+1","floor":30},{"not_picked":["Acrobatics+1","Leg Sweep+1"],"picked":"Tools of the Trade","floor":31},{"not_picked":["REME_ShadowForm","REME_CopyPotion+1"],"picked":"Phantasmal Killer+1","floor":33},{"not_picked":["AT_Desolate","AT_WindFlip"],"picked":"Poisoned Stab","floor":35},{"not_picked":["Setup+1","Deflect+1"],"picked":"Concentrate+1","floor":37},{"not_picked":["Poisoned Stab","Sucker Punch"],"picked":"Tactician+1","floor":38},{"not_picked":["Noxious Fumes+1","Sucker Punch"],"picked":"Poison Darts+1","floor":39},{"not_picked":["PiercingWail+1","Hidden Blade+1"],"picked":"Terror+1","floor":40},{"not_picked":["AT_ShadowStep+1","Cloak And Dagger+1"],"picked":"ReplayTheSpireMod:Speed Training+1","floor":41},{"not_picked":["Dagger Spray+1","Quick Slash+1"],"picked":"Acrobatics+1","floor":42},{"not_picked":["REME_LeechingPoison+1","ReplayTheSpireMod:Necrosis+1"],"picked":"Corpse Explosion+1","floor":44},{"not_picked":["Flechettes","AT_WindRun+1"],"picked":"REME_CopyPotion+1","floor":44},{"not_picked":["Bane+1","Eviscerate"],"picked":"Cloak And Dagger+1","floor":45},{"not_picked":["Backflip+1","Deadly Poison+1"],"picked":"Hidden Blade+1","floor":46},{"not_picked":["AT_WomanClash+1","Dodge and Roll+1"],"picked":"Noxious Fumes+1","floor":48},{"not_picked":["ReplayTheSpireMod:Exploit Weakness+1","Dagger Throw"],"picked":"REME_GreenPollution+1","floor":54}],"player_experience":182540,"relics_obtained":[{"floor":7.0,"key":"Smiling Mask"},{"floor":9.0,"key":"Tough Bandages"},{"floor":11.0,"key":"testmod-Alchemist"},{"floor":13.0,"key":"Void"},{"floor":24,"key":"Leech"},{"floor":24,"key":"testmod-HeartOfStrike"},{"floor":26,"key":"Dota2Spire:UrnOfShadows"},{"floor":27,"key":"Dota2Spire:MaskOfMadness"},{"floor":27,"key":"reliquary:WeakTea"},{"floor":31,"key":"Ninja Scroll"},{"floor":31,"key":"Potion Belt"},{"floor":38,"key":"Frozen Egg 2"},{"floor":38,"key":"Dota2Spire:ArmletOfMordiggian"},{"floor":39,"key":"Counterbalance"},{"floor":40,"key":"aspiration:VileToxins"},{"floor":40,"key":"Orichalcum"},{"floor":42,"key":"Replay:Baseball"},{"floor":42,"key":"TuHaoJin"},{"floor":44,"key":"reliquary:JackalopeAntler"},{"floor":44,"key":"conspire:GiftBox"},{"floor":54,"key":"aspiration:AnachronicSnailShell"},{"floor":54,"key":"reliquary:FerryPass"}],"event_choices":[{"damage_healed":0.0,"max_hp_gain":0.0,"max_hp_loss":0.0,"gold_gain":0.0,"event_name":"conspire:LoneGhost","player_choice":"Argue","floor":5.0,"gold_loss":0.0,"damage_taken":0.0},{"damage_healed":0.0,"max_hp_gain":0.0,"max_hp_loss":0.0,"gold_gain":0.0,"cards_transformed":["Defend_G","Strike_G"],"event_name":"Drug Dealer","player_choice":"Became Test Subject","floor":21.0,"gold_loss":0.0,"damage_taken":0.0,"cards_obtained":["All Out Attack","Skewer"]},{"damage_healed":0.0,"max_hp_gain":0.0,"max_hp_loss":0.0,"gold_gain":0.0,"event_name":"conspire:Investor","player_choice":"Leave","floor":22.0,"gold_loss":0.0,"damage_taken":0.0},{"damage_healed":0,"gold_gain":0,"player_choice":"Ignored","damage_taken":0,"max_hp_gain":0,"max_hp_loss":0,"event_name":"Tomb of Lord Red Mask","floor":36,"gold_loss":0},{"damage_healed":0,"gold_gain":0,"player_choice":"Fight","damage_taken":0,"max_hp_gain":0,"max_hp_loss":0,"event_name":"HidenRoomEvent","floor":38,"gold_loss":0},{"damage_healed":0,"gold_gain":0,"player_choice":"Fight","damage_taken":0,"max_hp_gain":0,"max_hp_loss":0,"event_name":"Mysterious Sphere","floor":39,"gold_loss":0}],"is_beta":false,"boss_relics":[{"not_picked":["WristBlade","Snecko Eye"],"picked":"Black Star"},{"not_picked":[]},{"not_picked":["testmod-CardMagician","aspiration:WatcherSkillbook"],"picked":"MagicMushroom"},{"not_picked":[]}],"items_purged_floors":[14,19],"is_endless":false,"potions_floor_spawned":[3,7,16,24,25,28,30,33,35,39,40,42,44,45,54],"ascension_level":8}}