{"host":"soyfmymeou4emntr","time":1613346770,"event":{"mods":["BaseMod","Minty Spire (QoL Compilation)","Permanent Neow","Relic Sorter","Relic Stats","StSLib"],"gold_per_floor":[109,123,123,141,51,82,93,58,81,81,81,108,128,144,144,215,215,232,244,7,37,37,37,48,74,74,74,74,104,122,139,139,218,218,236,236,73,90,108,139,155,155,155,187,187,187,212,212,212,212,212],"floor_reached":50,"language":"ENG","playtime":6069,"items_purged":["Defend_P"],"score":1200,"play_id":"2353a520-e4bc-4d2a-8a60-c0833d6cf921","local_time":"20210214165250","is_ascension_mode":true,"campfire_choices":[{"data":"WreathOfFlame","floor":10.0,"key":"SMITH"},{"data":"TalkToTheHand","floor":15.0,"key":"SMITH"},{"data":"Ragnarok","floor":23.0,"key":"SMITH"},{"floor":27.0,"key":"REST"},{"floor":32.0,"key":"REST"},{"floor":42.0,"key":"REST"},{"floor":46.0,"key":"RECALL"},{"floor":49.0,"key":"REST"}],"circlet_count":0,"master_deck":["AscendersBane","Strike_P","Strike_P","Defend_P","Defend_P","Defend_P","Eruption","Vigilance","Tantrum","TalkToTheHand+1","MentalFortress","CrushJoints","WreathOfFlame+1","Blasphemy","ClearTheMind","Ragnarok+1","Halt","ClearTheMind","TalkToTheHand+1","TalkToTheHand","FlurryOfBlows","ThirdEye","Wireheading+1","SpiritShield","Tantrum","ThirdEye","EmptyFist","Conclude","Wireheading"],"relics":["Runic Pyramid","Centennial Puzzle","Toy Ornithopter","Ancient Tea Set","Velvet Choker","Membership Card","Red Mask","StrikeDummy","Strawberry","Smiling Mask","SlaversCollar","Lantern","Frozen Eye","Girya","Anchor","CloakClasp"],"acts_visited":["Exordium","TheCity","TheBeyond"],"potions_floor_usage":[],"damage_taken":[{"damage":0.0,"enemies":"Cultist","floor":1.0,"turns":2.0},{"damage":1.0,"enemies":"Small Slimes","floor":2.0,"turns":3.0},{"damage":1.0,"enemies":"2 Louse","floor":4.0,"turns":3.0},{"damage":13.0,"enemies":"3 Sentries","floor":6.0,"turns":4.0},{"damage":2.0,"enemies":"2 Fungi Beasts","floor":7.0,"turns":3.0},{"damage":29.0,"enemies":"Lagavulin","floor":12.0,"turns":4.0},{"damage":2.0,"enemies":"Exordium Wildlife","floor":13.0,"turns":3.0},{"damage":3.0,"enemies":"3 Louse","floor":14.0,"turns":2.0},{"damage":11.0,"enemies":"The Guardian","floor":16.0,"turns":11.0},{"damage":5.0,"enemies":"Shell Parasite","floor":18.0,"turns":3.0},{"damage":10.0,"enemies":"2 Thieves","floor":19.0,"turns":2.0},{"damage":2.0,"enemies":"Masked Bandits","floor":21.0,"turns":3.0},{"damage":11.0,"enemies":"Chosen and Byrds","floor":24.0,"turns":7.0},{"damage":1.0,"enemies":"Book of Stabbing","floor":25.0,"turns":3.0},{"damage":16.0,"enemies":"Slavers","floor":29.0,"turns":4.0},{"damage":14.0,"enemies":"Shelled Parasite and Fungi","floor":30.0,"turns":2.0},{"damage":0.0,"enemies":"3 Cultists","floor":31.0,"turns":4.0},{"damage":0.0,"enemies":"Collector","floor":33.0,"turns":7.0},{"damage":7.0,"enemies":"Orb Walker","floor":35.0,"turns":3.0},{"damage":6.0,"enemies":"3 Shapes","floor":38.0,"turns":3.0},{"damage":3.0,"enemies":"Writhing Mass","floor":39.0,"turns":4.0},{"damage":30.0,"enemies":"Reptomancer","floor":40.0,"turns":6.0},{"damage":19.0,"enemies":"Jaw Worm Horde","floor":41.0,"turns":3.0},{"damage":2.0,"enemies":"Nemesis","floor":44.0,"turns":5.0},{"damage":0.0,"enemies":"Mind Bloom Boss Battle","floor":47.0,"turns":4.0},{"damage":35,"enemies":"Time Eater","floor":50,"turns":5}],"seed_played":"-4388676076911992482","potions_obtained":[{"floor":1.0,"key":"Explosive Potion"},{"floor":4.0,"key":"Explosive Potion"},{"floor":7.0,"key":"PowerPotion"},{"floor":16.0,"key":"PowerPotion"},{"floor":21.0,"key":"LiquidMemories"},{"floor":24.0,"key":"PowerPotion"},{"floor":30.0,"key":"LiquidBronze"},{"floor":31.0,"key":"Fire Potion"},{"floor":40.0,"key":"BlessingOfTheForge"}],"is_trial":false,"path_per_floor":["M","M","?","M","$","E","M","?","T","R","?","E","M","M","R","B",null,"M","M","$","?","?","R","M","E","T","R","?","E","M","M","R","B",null,"M","?","$","M","M","E","M","R","T","E","?","R","?","?","R","B"],"character_chosen":"WATCHER","items_purchased":["MentalFortress","CrushJoints","Membership Card","Block Potion","Lantern","Frozen Eye"],"campfire_rested":4,"item_purchase_floors":[5,5,20,20,37,37],"current_hp_per_floor":[61,60,53,52,52,39,37,54,54,54,54,30,28,25,25,14,55,55,45,45,48,48,48,37,41,48,70,70,59,45,45,67,67,73,66,66,66,60,57,32,23,45,45,43,43,43,43,43,64,29,29],"gold":212,"neow_bonus":"BOSS_RELIC","is_daily":false,"chose_seed":false,"campfire_upgraded":3,"win_rate":0.0,"timestamp":1613346770,"path_taken":["M","?","?","M","$","E","M","?","T","R","?","E","?","M","R","BOSS","M","M","$","?","?","R","?","E","T","R","?","E","M","M","R","BOSS","M","?","$","M","M","E","M","R","T","E","?","R","?","?","R","BOSS"],"items_purchased_type":["Card","Card","Relic","Potion","Relic","Relic"],"build_version":"2020-12-22","purchased_purges":1,"victory":false,"max_hp_per_floor":[68,68,68,68,68,68,68,68,68,68,68,68,68,68,68,68,68,68,68,68,68,68,68,68,68,75,75,75,75,75,75,75,75,75,75,75,75,75,75,75,75,75,75,75,71,71,71,71,71,71,71],"relic_stats":{"Centennial Puzzle":[57],"counters":[26,103],"CloakClasp":[17],"Smiling Mask":0,"obtain_stats":[{"Girya":40,"Lantern":37,"Velvet Choker":17,"CloakClasp":47,"Ancient Tea Set":12,"Smiling Mask":29,"SlaversCollar":34,"Frozen Eye":37,"Centennial Puzzle":6,"Anchor":44,"Strawberry":26,"Red Mask":21,"Membership Card":20,"PureWater":0,"StrikeDummy":25,"Toy Ornithopter":9,"Runic Pyramid":0},{"Girya":22,"Lantern":19,"Velvet Choker":9,"CloakClasp":25,"Ancient Tea Set":6,"Smiling Mask":15,"SlaversCollar":18,"Frozen Eye":19,"Centennial Puzzle":4,"Anchor":24,"Strawberry":14,"Red Mask":12,"Membership Card":11,"PureWater":0,"StrikeDummy":14,"Toy Ornithopter":5,"Runic Pyramid":0},{"Girya":86,"Lantern":73,"Velvet Choker":35,"CloakClasp":98,"Ancient Tea Set":19,"Smiling Mask":57,"SlaversCollar":70,"Frozen Eye":73,"Centennial Puzzle":12,"Anchor":94,"Strawberry":53,"Red Mask":43,"Membership Card":40,"PureWater":0,"StrikeDummy":53,"Toy Ornithopter":15,"Runic Pyramid":0}],"Toy Ornithopter":40},"card_choices":[{"not_picked":["ClearTheMind","Prostrate"],"picked":"Tantrum","floor":1.0},{"not_picked":["CutThroughFate","EmptyBody"],"picked":"TalkToTheHand","floor":2.0},{"not_picked":["PathToVictory","FlyingSleeves","EmptyBody"],"picked":"SKIP","floor":4.0},{"not_picked":["Nirvana","ClearTheMind"],"picked":"WreathOfFlame","floor":6.0},{"not_picked":["CrushJoints","SignatureMove","Perseverance"],"picked":"SKIP","floor":7.0},{"not_picked":["CrushJoints","Evaluate"],"picked":"Blasphemy","floor":12.0},{"not_picked":["CrushJoints","JustLucky","PathToVictory"],"picked":"SKIP","floor":13.0},{"not_picked":["WreathOfFlame","MasterReality"],"picked":"ClearTheMind","floor":14.0},{"not_picked":["ConjureBlade","MasterReality"],"picked":"Ragnarok","floor":16.0},{"not_picked":["Adaptation","EmptyBody"],"picked":"Halt","floor":18.0},{"not_picked":["Protect","Crescendo"],"picked":"ClearTheMind","floor":19.0},{"not_picked":["CrushJoints","BowlingBash"],"picked":"Halt+1","floor":21.0},{"not_picked":["ClearTheMind","Blasphemy"],"picked":"TalkToTheHand","floor":24.0},{"not_picked":["Nirvana","PathToVictory+1","EmptyBody"],"picked":"SKIP","floor":25.0},{"not_picked":["EmptyBody","InnerPeace+1"],"picked":"FlurryOfBlows","floor":29.0},{"not_picked":["EmptyBody","CutThroughFate"],"picked":"ThirdEye","floor":30.0},{"not_picked":["FollowUp+1","Study"],"picked":"Wireheading+1","floor":31.0},{"not_picked":["Omniscience","Brilliance"],"picked":"SpiritShield","floor":33.0},{"not_picked":["Sanctity+1","Evaluate","Protect"],"picked":"SKIP","floor":35.0},{"not_picked":["Collect","Prostrate+1"],"picked":"Tantrum","floor":38.0},{"not_picked":["Protect","ConjureBlade"],"picked":"ThirdEye","floor":39.0},{"not_picked":["BowlingBash","Adaptation"],"picked":"EmptyFist","floor":40.0},{"not_picked":["Pray","SignatureMove","Prostrate"],"picked":"SKIP","floor":41.0},{"not_picked":["SashWhip","PathToVictory"],"picked":"Conclude","floor":44.0},{"not_picked":["Brilliance","Consecrate"],"picked":"Wireheading","floor":47.0}],"player_experience":3309001,"relics_obtained":[{"floor":6.0,"key":"Centennial Puzzle"},{"floor":9.0,"key":"Toy Ornithopter"},{"floor":12.0,"key":"Ancient Tea Set"},{"floor":21.0,"key":"Red Mask"},{"floor":25.0,"key":"StrikeDummy"},{"floor":26.0,"key":"Strawberry"},{"floor":29.0,"key":"Smiling Mask"},{"floor":40.0,"key":"Girya"},{"floor":44.0,"key":"Anchor"},{"floor":47.0,"key":"CloakClasp"}],"event_choices":[{"cards_removed":["Strike_P"],"damage_healed":0.0,"max_hp_gain":0.0,"max_hp_loss":0.0,"gold_gain":0.0,"event_name":"Golden Wing","player_choice":"Card Removal","floor":3.0,"gold_loss":0.0,"damage_taken":7.0},{"damage_healed":17.0,"max_hp_gain":0.0,"max_hp_loss":0.0,"gold_gain":0.0,"event_name":"The Cleric","player_choice":"Healed","floor":8.0,"gold_loss":35.0,"damage_taken":0.0},{"damage_healed":0.0,"max_hp_gain":0.0,"max_hp_loss":0.0,"gold_gain":0.0,"event_name":"Liars Game","player_choice":"Ignored","floor":11.0,"gold_loss":0.0,"damage_taken":0.0},{"damage_healed":0.0,"max_hp_gain":0.0,"max_hp_loss":0.0,"gold_gain":0.0,"event_name":"Masked Bandits","player_choice":"Fought Bandits","floor":21.0,"gold_loss":0.0,"damage_taken":0.0},{"damage_healed":0.0,"max_hp_gain":0.0,"max_hp_loss":0.0,"gold_gain":0.0,"event_name":"Duplicator","player_choice":"Copied","floor":22.0,"gold_loss":0.0,"damage_taken":0.0,"cards_obtained":["TalkToTheHand"]},{"damage_healed":0.0,"max_hp_gain":0.0,"max_hp_loss":0.0,"gold_gain":0.0,"event_name":"Ghosts","player_choice":"Ignored","floor":28.0,"gold_loss":0.0,"damage_taken":0.0},{"cards_removed":["Halt"],"damage_healed":0.0,"max_hp_gain":0.0,"max_hp_loss":0.0,"gold_gain":0.0,"event_name":"Falling","player_choice":"Removed Skill","floor":36.0,"gold_loss":0.0,"damage_taken":0.0},{"damage_healed":0.0,"max_hp_gain":0.0,"max_hp_loss":4.0,"gold_gain":0.0,"event_name":"Winding Halls","player_choice":"Max HP","floor":45.0,"gold_loss":0.0,"damage_taken":0.0},{"damage_healed":0.0,"max_hp_gain":0.0,"max_hp_loss":0.0,"gold_gain":0.0,"event_name":"MindBloom","player_choice":"Fight","floor":47.0,"gold_loss":0.0,"damage_taken":0.0},{"cards_removed":["Strike_P"],"damage_healed":0.0,"max_hp_gain":0.0,"max_hp_loss":0.0,"gold_gain":0.0,"event_name":"Purifier","player_choice":"Purged","floor":48.0,"gold_loss":0.0,"damage_taken":0.0}],"is_beta":false,"boss_relics":[{"not_picked":["Empty Cage","Fusion Hammer"],"picked":"Velvet Choker"},{"not_picked":["Snecko Eye","Coffee Dripper"],"picked":"SlaversCollar"}],"items_purged_floors":[20],"is_endless":false,"potions_floor_spawned":[1,4,7,16,21,24,30,31,33,35,40],"killed_by":"Time Eater","ascension_level":20}}