{"host":"skqrv63k0gjilndt","time":1613293681,"event":{"mods":["AchievementEnabler","BaseMod","Bestiary","Colored Powertips","Highlight Path","Minty Spire (QoL Compilation)","Quick Restart"],"gold_per_floor":[109,109,109,125,143,178,178,207,207,207,225,225,241,255,255,357,357,377,393,412,25,42,69,69,69,69,69,83,83,83],"floor_reached":29,"language":"ENG","playtime":2505,"items_purged":["Strike_P"],"score":307,"play_id":"a8d9592b-918e-44e7-8300-8b786ae09f80","local_time":"20210214010801","is_ascension_mode":false,"campfire_choices":[{"data":"BattleHymn","floor":7,"key":"SMITH"},{"data":"CrushJoints","floor":10,"key":"SMITH"},{"data":"Scrawl","floor":12,"key":"SMITH"},{"data":"Pray","floor":15,"key":"SMITH"},{"data":"ClearTheMind","floor":25,"key":"SMITH"},{"data":"DevaForm","floor":27,"key":"SMITH"}],"circlet_count":0,"master_deck":["Strike_P","Strike_P","Strike_P","Defend_P","Defend_P","Defend_P","Defend_P","Eruption+1","Vigilance","BattleHymn+1","CrushJoints+1","EmptyFist","Scrawl+1","Pray+1","Indignation","FlurryOfBlows","CutThroughFate","DevaForm+1","SashWhip","ClearTheMind+1","FollowUp","EmptyBody","Protect","ThirdEye"],"relics":["PureWater","PreservedInsect","White Beast Statue","Dream Catcher","SlaversCollar","Pear","Omamori","NlothsMask"],"acts_visited":["Exordium","TheCity"],"potions_floor_usage":[11,11,16,18,18,20,20,28],"damage_taken":[{"damage":0.0,"enemies":"Small Slimes","floor":1.0,"turns":2.0},{"damage":0.0,"enemies":"Cultist","floor":4.0,"turns":3.0},{"damage":0,"enemies":"2 Louse","floor":5,"turns":2},{"damage":1,"enemies":"3 Sentries","floor":6,"turns":5},{"damage":0,"enemies":"Lagavulin","floor":8,"turns":4},{"damage":6,"enemies":"Large Slime","floor":11,"turns":3},{"damage":7,"enemies":"3 Louse","floor":13,"turns":2},{"damage":0,"enemies":"2 Fungi Beasts","floor":14,"turns":2},{"damage":15,"enemies":"The Guardian","floor":16,"turns":3},{"damage":20,"enemies":"2 Thieves","floor":18,"turns":2},{"damage":8,"enemies":"Shell Parasite","floor":19,"turns":3},{"damage":14,"enemies":"Centurion and Healer","floor":20,"turns":4},{"damage":25,"enemies":"Snecko","floor":22,"turns":6},{"damage":8,"enemies":"Book of Stabbing","floor":23,"turns":3},{"damage":10,"enemies":"Shelled Parasite and Fungi","floor":28,"turns":3},{"damage":10,"enemies":"Snake Plant","floor":29,"turns":2}],"seed_played":"5542641612279388398","potions_obtained":[{"floor":5,"key":"LiquidMemories"},{"floor":6,"key":"DuplicationPotion"},{"floor":8,"key":"EssenceOfSteel"},{"floor":11,"key":"Fruit Juice"},{"floor":13,"key":"Ambrosia"},{"floor":14,"key":"Ambrosia"},{"floor":16,"key":"FearPotion"},{"floor":18,"key":"LiquidMemories"},{"floor":19,"key":"PowerPotion"},{"floor":20,"key":"Explosive Potion"},{"floor":22,"key":"LiquidMemories"},{"floor":23,"key":"BottledMiracle"},{"floor":28,"key":"Energy Potion"}],"is_trial":false,"path_per_floor":["M","?","?","M","M","E","R","E","T","R","M","R","M","M","R","B",null,"M","M","M","$","M","E","?","R","T","R","M","M"],"character_chosen":"WATCHER","items_purchased":["Pear","FollowUp","EmptyBody"],"campfire_rested":0,"item_purchase_floors":[21,21,21],"current_hp_per_floor":[79,67,67,67,67,66,66,66,66,66,65,65,58,58,58,43,84,64,56,42,52,27,19,19,19,19,19,9,0,0],"gold":83,"neow_bonus":"TEN_PERCENT_HP_BONUS","is_daily":false,"chose_seed":false,"campfire_upgraded":6,"win_rate":0.0,"timestamp":1613293681,"path_taken":["M","?","?","M","M","E","R","E","T","R","M","R","M","M","R","BOSS","M","M","M","$","?","E","?","R","T","R","?","M"],"items_purchased_type":["Relic","Card","Card"],"build_version":"2020-12-22","purchased_purges":1,"victory":false,"max_hp_per_floor":[79,79,79,79,79,79,79,79,79,79,84,84,84,84,84,84,84,84,84,84,94,94,94,94,94,94,94,94,94,94],"card_choices":[{"not_picked":["EmptyBody","FlyingSleeves"],"picked":"BattleHymn","floor":1.0},{"not_picked":["Meditate","Consecrate"],"picked":"CrushJoints","floor":4.0},{"not_picked":["Pray","PathToVictory"],"picked":"EmptyFist","floor":5},{"not_picked":["EmptyMind","JustLucky"],"picked":"Scrawl","floor":6},{"not_picked":["BattleHymn","Sanctity"],"picked":"Pray","floor":8},{"not_picked":["Adaptation","Weave"],"picked":"Indignation","floor":11},{"not_picked":["PathToVictory","CrushJoints"],"picked":"FlurryOfBlows","floor":13},{"not_picked":["Swivel","Worship"],"picked":"CutThroughFate","floor":14},{"not_picked":["DeusExMachina","MasterReality"],"picked":"DevaForm","floor":16},{"not_picked":["FlyingSleeves","FollowUp"],"picked":"SashWhip","floor":18},{"not_picked":["Fasting2","Consecrate"],"picked":"ClearTheMind","floor":19},{"not_picked":["CarveReality","ReachHeaven","BowlingBash"],"picked":"SKIP","floor":20},{"not_picked":["ClearTheMind","InnerPeace"],"picked":"Protect","floor":22},{"not_picked":["WaveOfTheHand","ClearTheMind","WreathOfFlame+1"],"picked":"SKIP","floor":23},{"not_picked":["WheelKick+1","DevaForm"],"picked":"ThirdEye","floor":28}],"player_experience":73306,"relics_obtained":[{"floor":6,"key":"White Beast Statue"},{"floor":8,"key":"Dream Catcher"},{"floor":23,"key":"Omamori"}],"event_choices":[{"damage_healed":0.0,"max_hp_gain":0.0,"max_hp_loss":0.0,"gold_gain":0.0,"event_name":"Scrap Ooze","player_choice":"Success","floor":2.0,"gold_loss":0.0,"damage_taken":12.0,"relics_obtained":["PreservedInsect"]},{"damage_healed":0.0,"max_hp_gain":0.0,"max_hp_loss":0.0,"gold_gain":0.0,"event_name":"Accursed Blacksmith","player_choice":"Forge","floor":3.0,"gold_loss":0.0,"damage_taken":0.0,"cards_upgraded":["Eruption"]},{"damage_healed":0,"gold_gain":0,"player_choice":"Trade","damage_taken":0,"relics_obtained":["NlothsMask"],"max_hp_gain":0,"max_hp_loss":0,"event_name":"FaceTrader","floor":24,"gold_loss":0}],"is_beta":false,"boss_relics":[{"not_picked":["Cursed Key","Snecko Eye"],"picked":"SlaversCollar"}],"items_purged_floors":[21],"is_endless":false,"potions_floor_spawned":[5,6,8,11,13,14,16,18,19,20,22,23,28],"killed_by":"Snake Plant","ascension_level":0}}