{"host":"bf5upntvbdompq33","time":1613339150,"event":{"mods":["BaseMod","Bestiary","Colored Map","Colored Powertips","Curses Come First","Minty Spire (QoL Compilation)","StSLib","ojb\u0027s Info Mod"],"gold_per_floor":[18,32,49,49,49,49,49],"floor_reached":6,"language":"ENG","playtime":477,"items_purged":[],"score":56,"play_id":"519f407c-1bef-49d6-a23e-f62816dd935b","local_time":"20210214144550","is_ascension_mode":true,"campfire_choices":[],"circlet_count":0,"master_deck":["AscendersBane","Strike_G","Strike_G","Strike_G+1","Strike_G","Defend_G","Defend_G","Defend_G","Defend_G","Defend_G","Survivor","Neutralize","Malaise+1","Well Laid Plans","Leg Sweep","Escape Plan"],"relics":["Ring of the Snake"],"acts_visited":["Exordium"],"potions_floor_usage":[1],"damage_taken":[{"damage":4,"enemies":"Cultist","floor":1,"turns":6},{"damage":2,"enemies":"Jaw Worm","floor":2,"turns":8},{"damage":14,"enemies":"2 Louse","floor":3,"turns":5},{"damage":26,"enemies":"Lagavulin","floor":6,"turns":10}],"seed_played":"4724619502659800748","potions_obtained":[{"floor":1,"key":"Fruit Juice"}],"is_trial":false,"path_per_floor":["M","M","M","?","?","E"],"character_chosen":"THE_SILENT","items_purchased":[],"campfire_rested":0,"item_purchase_floors":[],"current_hp_per_floor":[64,62,48,41,26,0,0],"gold":49,"neow_bonus":"THREE_RARE_CARDS","is_daily":false,"chose_seed":false,"campfire_upgraded":0,"win_rate":0.0,"timestamp":1613339150,"path_taken":["M","M","M","?","?","E"],"items_purchased_type":[],"build_version":"2020-12-22","purchased_purges":0,"victory":false,"max_hp_per_floor":[75,75,75,75,75,75,75],"card_choices":[{"not_picked":["Doppelganger","Grand Finale"],"picked":"Malaise","floor":0},{"not_picked":["Bane","Cloak And Dagger"],"picked":"Well Laid Plans","floor":1},{"not_picked":["Sucker Punch","Flying Knee"],"picked":"Leg Sweep","floor":2},{"not_picked":["Flying Knee","Endless Agony"],"picked":"Escape Plan","floor":3}],"player_experience":1590638,"relics_obtained":[],"event_choices":[{"cards_removed":["Strike_G"],"damage_healed":0,"gold_gain":0,"player_choice":"Card Removal","damage_taken":7,"max_hp_gain":0,"max_hp_loss":0,"event_name":"Golden Wing","floor":4,"gold_loss":0},{"damage_healed":0,"gold_gain":0,"player_choice":"Entered Light","damage_taken":15,"max_hp_gain":0,"max_hp_loss":0,"event_name":"Shining Light","floor":5,"gold_loss":0,"cards_upgraded":["Malaise","Strike_G"]}],"is_beta":false,"boss_relics":[],"items_purged_floors":[],"is_endless":false,"potions_floor_spawned":[1],"killed_by":"Lagavulin","ascension_level":11}}