{"host":"3y2rtlgteqp2nuo3","time":1613317453,"event":{"mods":["2.2 Compatiblity","AchievementEnabler","BaseMod","Colored Map","DeckTracker","Highlight Path","Keyboard Shortcuts","Minty Spire (QoL Compilation)","Permanent Neow","Quick Restart","StSLib","SuperFastMode","everything is the same but u backflip on backflip"],"gold_per_floor":[112,37,53,53,53,53,77,77,77,77,93,117,130,130,130,226,226,245,245,66,89,104,104,104],"floor_reached":23,"language":"KOR","playtime":474,"items_purged":["Strike_G","Strike_G"],"score":348,"play_id":"d63989bb-6ff6-44ff-97a7-e80638d69323","local_time":"20210215004413","is_ascension_mode":true,"campfire_choices":[{"data":"Poisoned Stab","floor":6.0,"key":"SMITH"},{"data":"Blade Dance","floor":10.0,"key":"SMITH"},{"data":"Blade Dance","floor":15.0,"key":"SMITH"}],"circlet_count":0,"master_deck":["AscendersBane","Strike_G","Strike_G","Defend_G","Defend_G","Defend_G","Defend_G","Defend_G","Survivor","Neutralize","Impatience","Flying Knee","Poisoned Stab+1","Blade Dance+1","Accuracy","Blade Dance+1","A Thousand Cuts","Well Laid Plans","Finisher"],"relics":["Ring of the Snake","Golden Idol","Fusion Hammer"],"acts_visited":["Exordium","TheCity"],"potions_floor_usage":[23],"damage_taken":[{"damage":3.0,"enemies":"2 Louse","floor":1.0,"turns":3.0},{"damage":0.0,"enemies":"Small Slimes","floor":3.0,"turns":4.0},{"damage":0.0,"enemies":"Jaw Worm","floor":7.0,"turns":4.0},{"damage":4.0,"enemies":"Looter","floor":11.0,"turns":3.0},{"damage":9.0,"enemies":"2 Fungi Beasts","floor":12.0,"turns":3.0},{"damage":19.0,"enemies":"Gremlin Gang","floor":13.0,"turns":5.0},{"damage":22.0,"enemies":"Hexaghost","floor":16.0,"turns":9.0},{"damage":20.0,"enemies":"2 Thieves","floor":18.0,"turns":4.0},{"damage":7.0,"enemies":"3 Byrds","floor":21.0,"turns":4.0},{"damage":1.0,"enemies":"3 Cultists","floor":22.0,"turns":4.0},{"damage":24,"enemies":"Slavers","floor":23,"turns":2}],"seed_played":"6664162700872162697","potions_obtained":[{"floor":7.0,"key":"LiquidBronze"},{"floor":11.0,"key":"AttackPotion"},{"floor":12.0,"key":"GamblersBrew"},{"floor":21.0,"key":"DistilledChaos"}],"is_trial":false,"path_per_floor":["M","$","M","?","?","R","M","?","T","R","M","M","M","?","R","B",null,"M","?","$","M","M","E"],"character_chosen":"THE_SILENT","items_purchased":["Well Laid Plans"],"campfire_rested":0,"item_purchase_floors":[20],"current_hp_per_floor":[56,56,56,56,33,33,33,55,55,55,51,42,23,23,23,1,50,30,30,30,23,22,0,0],"gold":104,"neow_bonus":"RANDOM_COLORLESS","is_daily":false,"chose_seed":false,"campfire_upgraded":3,"win_rate":0.0,"timestamp":1613317453,"path_taken":["M","$","M","?","?","R","M","?","T","R","M","M","M","?","R","BOSS","M","?","$","M","M","E"],"items_purchased_type":["Card"],"build_version":"2020-12-22","purchased_purges":2,"victory":false,"max_hp_per_floor":[66,66,66,66,66,66,66,66,66,66,66,66,66,66,66,66,66,66,66,66,66,66,66,66],"card_choices":[{"not_picked":["Forethought","PanicButton"],"picked":"Impatience","floor":0.0},{"not_picked":["Acrobatics","Terror"],"picked":"Flying Knee","floor":1.0},{"not_picked":["Terror","Deflect"],"picked":"Poisoned Stab","floor":3.0},{"not_picked":["PiercingWail","Underhanded Strike"],"picked":"Blade Dance","floor":7.0},{"not_picked":["Reflex","Predator","Sucker Punch"],"picked":"SKIP","floor":11.0},{"not_picked":["Blade Dance","Deflect"],"picked":"Accuracy","floor":12.0},{"not_picked":["Slice","Bouncing Flask"],"picked":"Blade Dance","floor":13.0},{"not_picked":["Unload","Tools of the Trade"],"picked":"A Thousand Cuts","floor":16.0},{"not_picked":["Dagger Throw","Dagger Spray","Bane"],"picked":"SKIP","floor":18.0},{"not_picked":["Dagger Spray","Quick Slash"],"picked":"Finisher","floor":21.0},{"not_picked":["Prepared","Dagger Spray","Deflect"],"picked":"SKIP","floor":22.0}],"player_experience":789117,"relics_obtained":[],"event_choices":[{"damage_healed":0.0,"max_hp_gain":0.0,"max_hp_loss":0.0,"gold_gain":0.0,"event_name":"Shining Light","player_choice":"Ignored","floor":4.0,"gold_loss":0.0,"damage_taken":0.0},{"damage_healed":0.0,"max_hp_gain":0.0,"max_hp_loss":0.0,"gold_gain":0.0,"event_name":"Golden Idol","player_choice":"Take Damage","floor":5.0,"gold_loss":0.0,"damage_taken":23.0,"relics_obtained":["Golden Idol"]},{"damage_healed":22.0,"max_hp_gain":0.0,"max_hp_loss":0.0,"gold_gain":0.0,"event_name":"Big Fish","player_choice":"Banana","floor":8.0,"gold_loss":0.0,"damage_taken":0.0},{"damage_healed":0.0,"max_hp_gain":0.0,"max_hp_loss":0.0,"gold_gain":0.0,"event_name":"Liars Game","player_choice":"Ignored","floor":14.0,"gold_loss":0.0,"damage_taken":0.0},{"cards_removed":["Strike_G"],"damage_healed":0.0,"max_hp_gain":0.0,"max_hp_loss":0.0,"gold_gain":0.0,"event_name":"Back to Basics","player_choice":"Elegance","floor":19.0,"gold_loss":0.0,"damage_taken":0.0}],"is_beta":false,"boss_relics":[{"not_picked":["Runic Dome","Velvet Choker"],"picked":"Fusion Hammer"}],"items_purged_floors":[2,20],"is_endless":false,"potions_floor_spawned":[7,11,12,21],"killed_by":"Slavers","ascension_level":18}}