{"host":"Jedit","time":1613343160,"event":{"mods":["BaseMod","Minty Spire (QoL Compilation)","Relic Stats","StSLib"],"gold_per_floor":[110,110,35,46,66,92,92,125,175,175,175,209,134,148,148,148,148],"floor_reached":16,"language":"ENG","playtime":562,"items_purged":["Pain"],"score":286,"play_id":"e9a41acd-6d15-495e-800e-79c7a28e52f1","local_time":"20210214225240","is_ascension_mode":true,"campfire_choices":[{"data":"Blade Dance","floor":7.0,"key":"SMITH"},{"floor":10.0,"key":"REST"},{"data":"Blade Dance","floor":15.0,"key":"SMITH"}],"circlet_count":0,"master_deck":["AscendersBane","Strike_G","Strike_G","Strike_G","Strike_G","Defend_G","Defend_G","Defend_G","Defend_G","Defend_G","Survivor","Neutralize","Backstab","Endless Agony","Dash","Blade Dance+1","A Thousand Cuts","Blade Dance+1","PiercingWail"],"relics":["Ring of the Snake","NeowsBlessing","WarpedTongs","Bottled Flame","Tiny Chest","Juzu Bracelet","Lantern"],"acts_visited":["Exordium"],"potions_floor_usage":[16,16],"damage_taken":[{"damage":0.0,"enemies":"2 Louse","floor":1.0,"turns":1.0},{"damage":0.0,"enemies":"Cultist","floor":4.0,"turns":1.0},{"damage":0.0,"enemies":"Small Slimes","floor":5.0,"turns":1.0},{"damage":7.0,"enemies":"3 Sentries","floor":6.0,"turns":8.0},{"damage":33.0,"enemies":"Gremlin Nob","floor":8.0,"turns":4.0},{"damage":0.0,"enemies":"3 Sentries","floor":12.0,"turns":4.0},{"damage":2.0,"enemies":"Gremlin Gang","floor":14.0,"turns":4.0},{"damage":39,"enemies":"Hexaghost","floor":16,"turns":9}],"seed_played":"-4967355833714806182","potions_obtained":[{"floor":1.0,"key":"Strength Potion"},{"floor":8.0,"key":"ColorlessPotion"},{"floor":11.0,"key":"Strength Potion"},{"floor":11.0,"key":"PowerPotion"},{"floor":14.0,"key":"DistilledChaos"}],"is_trial":false,"path_per_floor":["M","?","$","M","M","E","R","E","T","R","?","E","?","M","R","B"],"character_chosen":"THE_SILENT","items_purchased":[],"campfire_rested":1,"item_purchase_floors":[],"current_hp_per_floor":[59,59,59,59,59,52,52,19,19,38,38,38,38,36,36,0,0],"gold":148,"neow_bonus":"THREE_ENEMY_KILL","is_daily":false,"chose_seed":false,"campfire_upgraded":2,"win_rate":0.0,"timestamp":1613343160,"path_taken":["M","?","$","M","?","E","R","E","T","R","?","E","?","M","R","BOSS"],"items_purchased_type":[],"build_version":"2020-12-18","purchased_purges":1,"victory":false,"max_hp_per_floor":[66,66,66,66,66,66,66,66,66,66,66,66,66,66,66,66,66],"relic_stats":{"counters":[8,32],"Tiny Chest":0,"Juzu Bracelet":1,"obtain_stats":[{"Bottled Flame":6,"Lantern":12,"NeowsBlessing":0,"Tiny Chest":8,"Juzu Bracelet":9,"Ring of the Snake":0,"WarpedTongs":2},{"Bottled Flame":4,"Lantern":6,"NeowsBlessing":0,"Tiny Chest":5,"Juzu Bracelet":5,"Ring of the Snake":0,"WarpedTongs":1},{"Bottled Flame":11,"Lantern":19,"NeowsBlessing":0,"Tiny Chest":15,"Juzu Bracelet":15,"Ring of the Snake":0,"WarpedTongs":1}],"Ring of the Snake":[17],"WarpedTongs":[31]},"card_choices":[{"not_picked":["Calculated Gamble","Acrobatics"],"picked":"Backstab","floor":1.0},{"not_picked":["Accuracy","Concentrate"],"picked":"Endless Agony","floor":4.0},{"not_picked":["Flying Knee","PiercingWail"],"picked":"Dash","floor":5.0},{"not_picked":["Distraction","Concentrate"],"picked":"Blade Dance","floor":6.0},{"not_picked":["Flechettes","Underhanded Strike"],"picked":"A Thousand Cuts","floor":8.0},{"not_picked":["Outmaneuver","Predator"],"picked":"Blade Dance","floor":12.0},{"not_picked":["Underhanded Strike","Poisoned Stab"],"picked":"PiercingWail","floor":14.0}],"player_experience":3482456,"relics_obtained":[{"floor":6.0,"key":"Bottled Flame"},{"floor":8.0,"key":"Tiny Chest"},{"floor":9.0,"key":"Juzu Bracelet"},{"floor":12.0,"key":"Lantern"}],"event_choices":[{"damage_healed":0.0,"max_hp_gain":0.0,"max_hp_loss":0.0,"gold_gain":0.0,"event_name":"Accursed Blacksmith","player_choice":"Rummage","floor":2.0,"gold_loss":0.0,"damage_taken":0.0,"relics_obtained":["WarpedTongs"],"cards_obtained":["Pain"]},{"damage_healed":0.0,"max_hp_gain":0.0,"max_hp_loss":0.0,"gold_gain":0.0,"event_name":"Lab","player_choice":"Got Potions","floor":11.0,"gold_loss":0.0,"damage_taken":0.0},{"cards_removed":["Strike_G"],"damage_healed":0.0,"max_hp_gain":0.0,"max_hp_loss":0.0,"gold_gain":0.0,"event_name":"The Cleric","player_choice":"Card Removal","floor":13.0,"gold_loss":75.0,"damage_taken":0.0}],"is_beta":true,"boss_relics":[],"items_purged_floors":[3],"is_endless":false,"potions_floor_spawned":[1,8,14],"killed_by":"Hexaghost","ascension_level":20}}