{"host":"6xsbn6ynqlzwllfm","time":1613327175,"event":{"mods":["2.2 Compatiblity","BaseMod","Bestiary","Colored Map","Colored Powertips","Curses Come First","Downfall","Highlight Path","Keyboard Shortcuts","Minty Spire (QoL Compilation)","Relic Stats","Slay the Relics Exporter","StSLib","SuperFastMode"],"gold_per_floor":[99,109,109,109,109,171,171,197,214,225,241,691,719,730,746,746,746,746],"floor_reached":16,"language":"ENG","playtime":577,"items_purged":[],"score":212,"play_id":"b8f9bd34-a708-4428-a99c-414b2321613d","local_time":"20210214132615","is_ascension_mode":true,"campfire_choices":[{"data":"bronze:Goto","floor":1,"key":"SMITH"}],"circlet_count":0,"master_deck":["AscendersBane","bronze:Strike","bronze:Strike","bronze:Strike","bronze:Defend","bronze:Defend","bronze:Defend","bronze:Defend","bronze:Replicate","bronze:Goto+1","bronze:Return","bronze:Branch","bronze:BronzeArmor","bronze:Verify","bronze:Optimize","downfall:Icky","downfall:Icky","downfall:Icky","bronze:FindAndReplace","bronze:Frontload","bronze:BronzeOrb"],"relics":["bronze:BronzeCore","Turnip","bronze:BottledCode","Dead Branch","Smiling Mask","Mercury Hourglass","Guardian:PocketSentry","Kunai"],"acts_visited":["Exordium"],"potions_floor_usage":[6,8,11,13],"damage_taken":[{"damage":13,"enemies":"2 Louse","floor":2,"turns":5},{"damage":1,"enemies":"3 Sentries","floor":6,"turns":5},{"damage":8,"enemies":"Lagavulin","floor":8,"turns":6},{"damage":0,"enemies":"Jaw Worm","floor":9,"turns":2},{"damage":0,"enemies":"Small Slimes","floor":10,"turns":2},{"damage":0,"enemies":"Blue Slaver","floor":11,"turns":2},{"damage":0,"enemies":"Gremlin Nob","floor":13,"turns":3},{"damage":0,"enemies":"3 Louse","floor":14,"turns":1},{"damage":1,"enemies":"2 Fungi Beasts","floor":15,"turns":3},{"damage":18,"enemies":"WA_ARCHETYPE_RETAIN","floor":16,"turns":6}],"seed_played":"-8101430556149558427","potions_obtained":[{"floor":2,"key":"champ:CounterPotion"},{"floor":6,"key":"bronze:BurnAndBuffPotion"},{"floor":9,"key":"Slimebound:ThreeZeroPotion"},{"floor":10,"key":"hexamod:SoulburnPotion"}],"is_trial":false,"path_per_floor":["R","M","?","?","?","?","T","E","M","M","M","?","E","M","M","B"],"character_chosen":"THE_AUTOMATON","items_purchased":[],"campfire_rested":0,"item_purchase_floors":[],"current_hp_per_floor":[45,32,32,32,25,24,24,16,16,16,16,16,16,16,15,0,0,0],"gold":746,"neow_bonus":"ONE_RARE_RELIC","is_daily":false,"chose_seed":false,"campfire_upgraded":1,"win_rate":0.0,"timestamp":1613327175,"path_taken":["R","M","?","?","?","?","T","E","?","M","M","?","E","M","M","BOSS"],"items_purchased_type":[],"build_version":"2020-12-22","purchased_purges":0,"victory":false,"max_hp_per_floor":[70,70,60,60,60,60,60,60,60,60,60,60,60,60,60,60,60,60],"relic_stats":{"counters":[10,34],"Dead Branch":[63],"Turnip":[1],"Kunai":[3],"Smiling Mask":0,"obtain_stats":[{"bronze:BottledCode":3,"bronze:BronzeCore":0,"Dead Branch":5,"Turnip":0,"Guardian:PocketSentry":8,"Kunai":13,"Smiling Mask":6,"Mercury Hourglass":7},{"bronze:BottledCode":1,"bronze:BronzeCore":0,"Dead Branch":1,"Turnip":0,"Guardian:PocketSentry":3,"Kunai":7,"Smiling Mask":1,"Mercury Hourglass":2},{"bronze:BottledCode":5,"bronze:BronzeCore":0,"Dead Branch":5,"Turnip":0,"Guardian:PocketSentry":16,"Kunai":24,"Smiling Mask":5,"Mercury Hourglass":10}],"Mercury Hourglass":[70]},"card_choices":[{"not_picked":["bronze:DelayedSlice","bronze:FineTuning"],"picked":"bronze:Return","floor":2},{"not_picked":["bronze:Deprecate","bronze:Repulsor"],"picked":"bronze:Branch","floor":6},{"not_picked":["bronze:Separator","bronze:WhirlingStrike"],"picked":"bronze:BronzeArmor","floor":8},{"not_picked":["bronze:Invalidate","bronze:Terminator","bronze:WildBeam"],"picked":"SKIP","floor":9},{"not_picked":["bronze:WildBeam","bronze:Separator"],"picked":"bronze:Verify","floor":10},{"not_picked":["bronze:Invalidate","bronze:Constructor"],"picked":"bronze:Optimize","floor":11},{"not_picked":["bronze:Fortify","bronze:WhirlingStrike"],"picked":"bronze:FindAndReplace","floor":13},{"not_picked":["bronze:Iterate","bronze:Invalidate"],"picked":"bronze:Frontload","floor":14},{"not_picked":["bronze:BuggyMess","bronze:Virus"],"picked":"bronze:BronzeOrb","floor":15}],"player_experience":1781472,"relics_obtained":[{"floor":7,"key":"Mercury Hourglass"},{"floor":8,"key":"Guardian:PocketSentry"},{"floor":13,"key":"Kunai"}],"event_choices":[{"damage_healed":0,"gold_gain":0,"player_choice":"Success","damage_taken":7,"relics_obtained":["Dead Branch"],"max_hp_gain":0,"max_hp_loss":0,"event_name":"Scrap Ooze","floor":5,"gold_loss":0}],"is_beta":false,"boss_relics":[],"items_purged_floors":[],"is_endless":false,"potions_floor_spawned":[2,6,9,10],"killed_by":"WA_ARCHETYPE_RETAIN","ascension_level":11}}