{"host":"prxrhpgaxnj4om9r","time":1613304031,"event":{"mods":["AchievementEnabler","BaseMod","DeckTracker","Minty Spire (QoL Compilation)"],"gold_per_floor":[111,170,184,194,194,219,219,219,219,259,274,299,0,0,0,119,119,132,132,153,167,99,99,99],"floor_reached":23,"language":"KOR","playtime":944,"items_purged":[],"score":241,"play_id":"2a7d0461-6553-416a-8758-b1c7ac4312e1","local_time":"20210214210031","is_ascension_mode":true,"campfire_choices":[{"floor":8,"key":"REST"},{"floor":15,"key":"REST"}],"circlet_count":0,"master_deck":["Strike_R+1","Strike_R","Strike_R","Strike_R","Strike_R","Defend_R","Defend_R","Defend_R+1","Defend_R","Bash","Berserk","Wild Strike+1","Shrug It Off+1","Hemokinesis","Iron Wave","Barricade+1","Cleave","Reaper","Heavy Blade","Flame Barrier","Flame Barrier+1","Entrench"],"relics":["Burning Blood","Happy Flower","Golden Idol","Mercury Hourglass","War Paint","Eternal Feather","Black Star"],"acts_visited":["Exordium","TheCity"],"potions_floor_usage":[10,11,18,23],"damage_taken":[{"damage":7,"enemies":"Jaw Worm","floor":1,"turns":3},{"damage":21,"enemies":"Small Slimes","floor":3,"turns":3},{"damage":7,"enemies":"2 Louse","floor":4,"turns":2},{"damage":37,"enemies":"Gremlin Nob","floor":6,"turns":4},{"damage":29,"enemies":"Lagavulin","floor":10,"turns":4},{"damage":0,"enemies":"Large Slime","floor":11,"turns":4},{"damage":6,"enemies":"3 Louse","floor":12,"turns":2},{"damage":34,"enemies":"Hexaghost","floor":16,"turns":12},{"damage":28,"enemies":"2 Thieves","floor":18,"turns":3},{"damage":19,"enemies":"Spheric Guardian","floor":20,"turns":4},{"damage":29,"enemies":"Snecko","floor":21,"turns":6},{"damage":38,"enemies":"Shelled Parasite and Fungi","floor":23,"turns":4}],"seed_played":"-2304598250042371526","potions_obtained":[{"floor":6,"key":"FearPotion"},{"floor":10,"key":"Fire Potion"},{"floor":16,"key":"BlessingOfTheForge"},{"floor":21,"key":"PowerPotion"}],"is_trial":false,"path_per_floor":["M","?","M","M","?","E","?","R","T","E","M","M","$","?","R","B",null,"M","?","M","M","$","M"],"character_chosen":"IRONCLAD","items_purchased":["Eternal Feather","Cleave","Entrench"],"campfire_rested":2,"item_purchase_floors":[13,13,22],"current_hp_per_floor":[79,79,64,63,68,37,16,41,41,18,24,24,24,7,41,13,85,63,63,50,31,31,0,0],"gold":99,"neow_bonus":"ONE_RANDOM_RARE_CARD","is_daily":false,"chose_seed":false,"campfire_upgraded":0,"win_rate":0.0,"timestamp":1613304031,"path_taken":["M","?","M","M","?","E","?","R","T","E","M","M","$","?","R","BOSS","M","?","?","M","$","?"],"items_purchased_type":["Relic","Card","Card"],"build_version":"2020-12-22","purchased_purges":0,"victory":false,"max_hp_per_floor":[80,80,80,80,85,85,85,85,85,85,85,85,85,85,85,85,85,85,85,85,85,85,85,85],"card_choices":[{"not_picked":["Havoc","Headbutt"],"picked":"Wild Strike","floor":1},{"not_picked":["Iron Wave","Sword Boomerang","Dual Wield"],"picked":"SKIP","floor":3},{"not_picked":["Iron Wave","Headbutt"],"picked":"Shrug It Off","floor":4},{"not_picked":["Disarm","Pommel Strike"],"picked":"Hemokinesis","floor":6},{"not_picked":["Combust","Havoc","True Grit"],"picked":"SKIP","floor":10},{"not_picked":["Wild Strike","Bloodletting"],"picked":"Iron Wave","floor":11},{"not_picked":["Dark Embrace","Metallicize"],"picked":"Barricade","floor":12},{"not_picked":["Berserk","Impervious"],"picked":"Reaper","floor":16},{"not_picked":["Headbutt","Pommel Strike"],"picked":"Heavy Blade","floor":18},{"not_picked":["Clash+1","Reckless Charge"],"picked":"Flame Barrier","floor":20},{"not_picked":["Thunderclap","Wild Strike+1"],"picked":"Flame Barrier+1","floor":21}],"player_experience":448453,"relics_obtained":[{"floor":6,"key":"Happy Flower"},{"floor":9,"key":"Mercury Hourglass"},{"floor":10,"key":"War Paint"}],"event_choices":[{"damage_healed":0,"gold_gain":59,"player_choice":"Gained Gold","damage_taken":0,"max_hp_gain":0,"max_hp_loss":0,"event_name":"Golden Wing","floor":2,"gold_loss":0},{"damage_healed":0,"gold_gain":0,"player_choice":"Donut","damage_taken":0,"max_hp_gain":5,"max_hp_loss":0,"event_name":"Big Fish","floor":5,"gold_loss":0},{"damage_healed":0,"gold_gain":0,"player_choice":"Take Damage","damage_taken":21,"relics_obtained":["Golden Idol"],"max_hp_gain":0,"max_hp_loss":0,"event_name":"Golden Idol","floor":7,"gold_loss":0},{"damage_healed":0,"gold_gain":0,"player_choice":"Entered Light","damage_taken":17,"max_hp_gain":0,"max_hp_loss":0,"event_name":"Shining Light","floor":14,"gold_loss":0,"cards_upgraded":["Strike_R","Wild Strike"]},{"damage_healed":0,"gold_gain":0,"player_choice":"Forge","damage_taken":0,"max_hp_gain":0,"max_hp_loss":0,"event_name":"Accursed Blacksmith","floor":19,"gold_loss":0,"cards_upgraded":["Barricade"]}],"is_beta":false,"boss_relics":[{"not_picked":["Coffee Dripper","Tiny House"],"picked":"Black Star"}],"items_purged_floors":[],"is_endless":false,"potions_floor_spawned":[6,10,16,21],"killed_by":"Shelled Parasite and Fungi","ascension_level":4}}