{"host":"lg1lbglystyxcosi","time":1613302294,"event":{"mods":["AchievementEnabler","BaseMod","Better Third Choice","BetterRewards","Colored Powertips","Minty Spire (QoL Compilation)","Quick Restart","Shop Mod","StSLib","¡¾ÒÅÎï¿¨ÅÆ¡¿REMEMod"],"gold_per_floor":[116,116,63,89,117,129,170,182,194,217,254,231,243,274,286,398,410,433,455,467,404,404,404,433,433,433,433,453,473,279,295,295,393,393,405,424,438,452,74,74,92,125,152,152,80,110,163,9,9,9],"floor_reached":51,"language":"ZHS","playtime":4097,"items_purged":["Strike_R","Strike_R","Strike_R"],"score":1214,"play_id":"1e5c3a8d-e3ed-4382-b471-981011baf1b1","local_time":"20210214193134","is_ascension_mode":true,"campfire_choices":[{"data":"Body Slam","floor":6.0,"key":"SMITH"},{"data":"Barricade","floor":8.0,"key":"SMITH"},{"floor":15.0,"key":"REST"},{"data":"Defend_R","floor":23.0,"key":"SMITH"},{"data":"REME_HeartOfCthun","floor":27.0,"key":"SMITH"},{"data":"REME_BodyOfCthun","floor":32.0,"key":"SMITH"},{"data":"Berserk","floor":40.0,"key":"SMITH"},{"data":"Body Slam","floor":49.0,"key":"SMITH"}],"circlet_count":0,"master_deck":["AscendersBane","Defend_R+1","Defend_R","Defend_R","Defend_R","Bash","Barricade+1","REME_BodyOfCthun+1","REME_HeartOfCthun+1","Body Slam+1","REME_ACTH","CurseOfTheBell","Enlightenment","Berserk+1","Parasite","Seeing Red+1","Rampage","Body Slam+1","Armaments+1"],"relics":["Burning Blood","REME_ComplimentaryCards","Blue Candle","MawBank","Bronze Scales","White Beast Statue","Art of War","Toy Ornithopter","Pear","Calling Bell","Oddly Smooth Stone","InkBottle","Ice Cream","Nilry\u0027s Codex","REME_HourglassOfDeath","Paper Frog","Empty Cage","Kunai","MealTicket","PreservedInsect","Happy Flower","Bird Faced Urn","Lantern"],"acts_visited":["Exordium","TheCity","TheBeyond"],"potions_floor_usage":[50],"damage_taken":[{"damage":1.0,"enemies":"Cultist","floor":1.0,"turns":3.0},{"damage":0.0,"enemies":"2 Louse","floor":5.0,"turns":1.0},{"damage":20.0,"enemies":"3 Sentries","floor":7.0,"turns":8.0},{"damage":0.0,"enemies":"Small Slimes","floor":10.0,"turns":3.0},{"damage":21.0,"enemies":"Gremlin Nob","floor":11.0,"turns":4.0},{"damage":6.0,"enemies":"Looter","floor":14.0,"turns":3.0},{"damage":9.0,"enemies":"The Guardian","floor":16.0,"turns":11.0},{"damage":27.0,"enemies":"2 Thieves","floor":18.0,"turns":3.0},{"damage":0.0,"enemies":"3 Byrds","floor":19.0,"turns":2.0},{"damage":0.0,"enemies":"Masked Bandits","floor":22.0,"turns":1.0},{"damage":10.0,"enemies":"Gremlin Leader","floor":24.0,"turns":5.0},{"damage":11.0,"enemies":"Snake Plant","floor":28.0,"turns":4.0},{"damage":7.0,"enemies":"Cultist and Chosen","floor":29.0,"turns":4.0},{"damage":27.0,"enemies":"Shelled Parasite and Fungi","floor":31.0,"turns":5.0},{"damage":1.0,"enemies":"Collector","floor":33.0,"turns":4.0},{"damage":1.0,"enemies":"3 Darklings","floor":35.0,"turns":5.0},{"damage":7.0,"enemies":"3 Shapes","floor":36.0,"turns":2.0},{"damage":1.0,"enemies":"Maw","floor":37.0,"turns":6.0},{"damage":26.0,"enemies":"Sphere and 2 Shapes","floor":38.0,"turns":8.0},{"damage":26.0,"enemies":"Writhing Mass","floor":41.0,"turns":4.0},{"damage":2.0,"enemies":"Nemesis","floor":42.0,"turns":5.0},{"damage":16.0,"enemies":"Reptomancer","floor":46.0,"turns":2.0},{"damage":2.0,"enemies":"2 Orb Walkers","floor":47.0,"turns":4.0},{"damage":72,"enemies":"Donu and Deca","floor":50,"turns":8}],"seed_played":"1086048573035515506","potions_obtained":[{"floor":7.0,"key":"BloodPotion"},{"floor":10.0,"key":"Explosive Potion"},{"floor":11.0,"key":"FairyPotion"},{"floor":14.0,"key":"EssenceOfSteel"},{"floor":16.0,"key":"BloodPotion"},{"floor":18.0,"key":"Explosive Potion"},{"floor":19.0,"key":"SmokeBomb"},{"floor":24.0,"key":"EntropicBrew"},{"floor":29.0,"key":"Fruit Juice"},{"floor":31.0,"key":"SteroidPotion"},{"floor":33.0,"key":"Explosive Potion"},{"floor":35.0,"key":"PowerPotion"},{"floor":38.0,"key":"Block Potion"},{"floor":42.0,"key":"LiquidMemories"},{"floor":47.0,"key":"SpeedPotion"}],"is_trial":false,"path_per_floor":["M","T","$","T","M","R","E","R","T","M","E","?","?","M","R","B",null,"M","M","?","$","?","R","E","?","T","R","M","M","$","M","R","B",null,"M","M","M","M","$","R","M","E","T","?","$","E","?","$","R","B",null],"character_chosen":"IRONCLAD","items_purchased":["REME_BodyOfCthun","REME_HeartOfCthun","Body Slam","Enlightenment","Kunai","Rampage","Lantern"],"campfire_rested":1,"item_purchase_floors":[0,0,3,30,39,45,48],"current_hp_per_floor":[53,53,53,53,59,59,45,45,45,51,52,72,54,54,81,78,87,89,90,74,74,85,85,86,86,86,86,81,95,95,74,74,79,91,95,94,95,80,80,80,60,64,64,64,79,69,78,90,90,32],"gold":9,"neow_bonus":"","is_daily":false,"chose_seed":false,"campfire_upgraded":7,"win_rate":0.0,"timestamp":1613302294,"path_taken":["M","?","$","?","?","R","E","R","T","M","E","?","?","M","R","BOSS","BOSS","M","M","?","$","?","R","E","?","T","R","M","M","?","M","R","BOSS","M","?","M","M","$","R","M","E","T","?","?","E","?","$","R","BOSS"],"items_purchased_type":["Card","Card","Card","Card","Relic","Card","Relic"],"build_version":"2020-12-22","purchased_purges":3,"victory":true,"max_hp_per_floor":[80,80,80,80,80,80,80,80,80,80,80,80,90,90,90,90,90,90,90,90,90,90,90,90,90,90,90,90,95,95,95,95,95,95,95,95,95,95,95,95,95,95,95,90,90,90,90,90,90,90],"card_choices":[{"not_picked":["Warcry","Havoc","Burning Pact"],"picked":"SKIP","floor":1.0},{"not_picked":["Sword Boomerang","Thunderclap","REME_Cut"],"picked":"SKIP","floor":5.0},{"not_picked":["Evolve","Corruption","Armaments"],"picked":"SKIP","floor":7.0},{"not_picked":["Dropkick","Shockwave","Body Slam"],"picked":"SKIP","floor":10.0},{"not_picked":["Cleave","Pommel Strike","Barricade"],"picked":"SKIP","floor":11.0},{"not_picked":["Inflame","Heavy Blade","True Grit"],"picked":"SKIP","floor":14.0},{"not_picked":["Bludgeon","REME_Fury"],"picked":"REME_ACTH","floor":16.0},{"not_picked":["Sentinel","Feel No Pain","Headbutt"],"picked":"SKIP","floor":18.0},{"not_picked":["True Grit","Evolve+1","Armaments"],"picked":"SKIP","floor":19.0},{"not_picked":["Clothesline","Reckless Charge+1","Burning Pact"],"picked":"SKIP","floor":24.0},{"not_picked":["Heavy Blade","Intimidate","Dark Embrace"],"picked":"SKIP","floor":28.0},{"not_picked":["Cleave+1","REME_FearOfPain","Uppercut"],"picked":"SKIP","floor":29.0},{"not_picked":["Pummel","Sever Soul","Armaments"],"picked":"SKIP","floor":31.0},{"not_picked":["REME_ACTH","Feed"],"picked":"Berserk","floor":33.0},{"not_picked":["Spot Weakness","Headbutt+1","Pommel Strike+1"],"picked":"SKIP","floor":35.0},{"not_picked":["Thunderclap","Warcry","Clothesline"],"picked":"SKIP","floor":36.0},{"not_picked":["Headbutt+1","Anger","Bloodletting"],"picked":"SKIP","floor":37.0},{"not_picked":["Sever Soul","Uppercut","Perfected Strike"],"picked":"SKIP","floor":38.0},{"not_picked":["Wild Strike","Exhume","Sentinel"],"picked":"SKIP","floor":41.0},{"not_picked":["Anger+1","REME_FearOfPain+1"],"picked":"Seeing Red+1","floor":42.0},{"not_picked":["Clash+1","REME_SingleHolding"],"picked":"Body Slam","floor":46.0},{"not_picked":["Cleave+1","Thunderclap+1"],"picked":"Armaments+1","floor":47.0}],"player_experience":249413,"relics_obtained":[{"floor":2.0,"key":"Blue Candle"},{"floor":4.0,"key":"MawBank"},{"floor":7.0,"key":"Bronze Scales"},{"floor":9.0,"key":"White Beast Statue"},{"floor":11.0,"key":"Art of War"},{"floor":17.0,"key":"Oddly Smooth Stone"},{"floor":17.0,"key":"InkBottle"},{"floor":17.0,"key":"Ice Cream"},{"floor":20.0,"key":"Nilry\u0027s Codex"},{"floor":24.0,"key":"REME_HourglassOfDeath"},{"floor":26.0,"key":"Paper Frog"},{"floor":42.0,"key":"MealTicket"},{"floor":43.0,"key":"PreservedInsect"},{"floor":46.0,"key":"Happy Flower"},{"floor":47.0,"key":"Bird Faced Urn"}],"event_choices":[{"damage_healed":20.0,"max_hp_gain":0.0,"max_hp_loss":0.0,"gold_gain":0.0,"event_name":"The Cleric","player_choice":"Healed","floor":12.0,"gold_loss":35.0,"damage_taken":0.0},{"damage_healed":0.0,"max_hp_gain":0.0,"max_hp_loss":0.0,"gold_gain":1.0,"event_name":"betterThird:BetterScrap","player_choice":"Relic Relic ","floor":13.0,"gold_loss":0.0,"damage_taken":28.0,"cards_obtained":["Force Field"]},{"damage_healed":0.0,"max_hp_gain":0.0,"max_hp_loss":0.0,"gold_gain":0.0,"event_name":"Cursed Tome","player_choice":"Obtained Book","floor":20.0,"gold_loss":0.0,"damage_taken":16.0},{"damage_healed":0.0,"max_hp_gain":0.0,"max_hp_loss":0.0,"gold_gain":0.0,"event_name":"Masked Bandits","player_choice":"Fought Bandits","floor":22.0,"gold_loss":0.0,"damage_taken":0.0},{"damage_healed":0.0,"max_hp_gain":0.0,"max_hp_loss":0.0,"gold_gain":0.0,"event_name":"Vampires","player_choice":"Ignored","floor":25.0,"gold_loss":0.0,"damage_taken":0.0},{"damage_healed":0.0,"max_hp_gain":0.0,"max_hp_loss":5.0,"gold_gain":0.0,"event_name":"Winding Halls","player_choice":"Max HP","floor":44.0,"gold_loss":0.0,"damage_taken":0.0},{"damage_healed":0.0,"max_hp_gain":0.0,"max_hp_loss":0.0,"gold_gain":0.0,"event_name":"Mysterious Sphere","player_choice":"Fight","floor":47.0,"gold_loss":0.0,"damage_taken":0.0}],"is_beta":false,"boss_relics":[{"not_picked":["Runic Pyramid","Tiny House"],"picked":"Calling Bell"},{"not_picked":["Velvet Choker","REME_DuelDisc"],"picked":"Empty Cage"}],"items_purged_floors":[21,30,39],"is_endless":false,"potions_floor_spawned":[7,10,11,14,16,18,19,22,24,28,29,31,33,35,36,37,38,41,42,46,47],"ascension_level":11}}