{"host":"e8062yfkmywf26f0","time":1613265912,"event":{"mods":["AchievementEnabler","BaseMod","Colored Map","Minty Spire (QoL Compilation)","Quick Restart","Shop Mod","StSLib"],"gold_per_floor":[117,16,16,36,36,36,36,36,61,61,87,101,134,152,152,255,305,316,245,245,263,276,306,306,324,348,448,476,216,231,256,256,256,256],"floor_reached":33,"language":"ENG","playtime":11336,"items_purged":["Defend_G"],"score":293,"play_id":"02ac89dc-f023-44da-8932-c85dcf1897c1","local_time":"20210214012512","is_ascension_mode":false,"campfire_choices":[{"data":"Burst","floor":6,"key":"SMITH"},{"data":"Neutralize","floor":8,"key":"SMITH"},{"floor":15,"key":"REST"},{"floor":24,"key":"REST"},{"data":"Adrenaline","floor":32,"key":"SMITH"}],"circlet_count":0,"master_deck":["Strike_G","Strike_G","Strike_G","Strike_G+1","Strike_G","Defend_G","Defend_G","Defend_G","Survivor","Neutralize+1","Doppelganger","Dagger Throw","Flying Knee","Burst+1","Skewer","Flying Knee+1","Adrenaline+1","Blade Dance","Dagger Spray+1","Underhanded Strike+1","Skewer+1","Slice+1","Well Laid Plans","Tactician","All Out Attack+1","Choke+1"],"relics":["Ring of the Snake","Matryoshka","Snake Skull","PreservedInsect","FossilizedHelix","Molten Egg 2","Tiny House","Juzu Bracelet","Eternal Feather","TungstenRod","Orichalcum","CaptainsWheel","Meat on the Bone","Mercury Hourglass","Toy Ornithopter","Red Mask"],"acts_visited":["Exordium","TheCity"],"potions_floor_usage":[11,16,31],"damage_taken":[{"damage":0,"enemies":"Small Slimes","floor":1,"turns":4},{"damage":1,"enemies":"2 Louse","floor":4,"turns":3},{"damage":17,"enemies":"Gremlin Nob","floor":11,"turns":4},{"damage":0,"enemies":"Jaw Worm","floor":12,"turns":2},{"damage":17,"enemies":"3 Sentries","floor":13,"turns":7},{"damage":4,"enemies":"Blue Slaver","floor":14,"turns":5},{"damage":29,"enemies":"Slime Boss","floor":16,"turns":12},{"damage":10,"enemies":"Chosen","floor":18,"turns":5},{"damage":0,"enemies":"Spheric Guardian","floor":21,"turns":3},{"damage":17,"enemies":"Snecko","floor":22,"turns":6},{"damage":26,"enemies":"Slavers","floor":23,"turns":5},{"damage":20,"enemies":"Snake Plant","floor":25,"turns":4},{"damage":14,"enemies":"Colosseum Slavers","floor":27,"turns":4},{"damage":8,"enemies":"Colosseum Nobs","floor":27,"turns":4},{"damage":7,"enemies":"Book of Stabbing","floor":28,"turns":4},{"damage":0,"enemies":"3 Cultists","floor":30,"turns":3},{"damage":0,"enemies":"Masked Bandits","floor":31,"turns":3},{"damage":105,"enemies":"Champ","floor":33,"turns":12}],"seed_played":"-4146857477348656184","potions_obtained":[{"floor":4,"key":"GamblersBrew"},{"floor":14,"key":"Fire Potion"},{"floor":17,"key":"Strength Potion"},{"floor":18,"key":"SmokeBomb"},{"floor":21,"key":"CunningPotion"},{"floor":31,"key":"SpeedPotion"}],"is_trial":false,"path_per_floor":["M","$","?","M","?","R","?","R","T","$","E","M","E","M","R","B",null,"M","$","T","M","M","E","R","M","T","?","E","$","M","?","R","B"],"character_chosen":"THE_SILENT","items_purchased":["FairyPotion","Blade Dance","Dagger Spray+1","Tactician","Toy Ornithopter"],"campfire_rested":2,"item_purchase_floors":[2,19,19,29,29],"current_hp_per_floor":[70,70,70,69,69,69,66,66,66,66,49,49,32,28,49,20,75,65,65,65,65,48,22,56,36,36,14,19,19,31,48,63,0,0],"gold":256,"neow_bonus":"ONE_RANDOM_RARE_CARD","is_daily":false,"chose_seed":false,"campfire_upgraded":3,"win_rate":0.0,"timestamp":1613265912,"path_taken":["M","$","?","M","?","R","?","R","T","?","E","M","E","?","R","BOSS","M","$","?","M","M","E","R","M","T","?","E","$","M","?","R","BOSS"],"items_purchased_type":["Potion","Card","Card","Card","Relic"],"build_version":"2020-12-22","purchased_purges":1,"victory":false,"max_hp_per_floor":[70,70,70,70,70,70,70,70,70,70,70,70,70,70,70,70,75,75,75,75,75,75,75,75,75,75,75,75,75,75,75,75,75,75],"card_choices":[{"not_picked":["Bane","Dagger Spray"],"picked":"Dagger Throw","floor":1},{"not_picked":["Dagger Spray","Dagger Throw"],"picked":"Flying Knee","floor":4},{"not_picked":["Dash","Outmaneuver"],"picked":"Skewer","floor":11},{"not_picked":["Dash","Flying Knee","Leg Sweep"],"picked":"SKIP","floor":12},{"not_picked":["Acrobatics","A Thousand Cuts","Distraction"],"picked":"SKIP","floor":13},{"not_picked":["Finisher+1","Sucker Punch+1"],"picked":"Flying Knee+1","floor":14},{"not_picked":["Bane+1","Acrobatics"],"picked":"Adrenaline","floor":18},{"not_picked":["Tactician","Flying Knee+1"],"picked":"Underhanded Strike+1","floor":21},{"not_picked":["Slice+1","Leg Sweep"],"picked":"Skewer+1","floor":22},{"not_picked":["Acrobatics","Bane+1"],"picked":"Slice+1","floor":23},{"not_picked":["Expertise","Reflex","Footwork"],"picked":"SKIP","floor":25},{"not_picked":["Dagger Spray+1","Catalyst+1"],"picked":"Well Laid Plans","floor":27},{"not_picked":["Catalyst+1","Endless Agony+1","Underhanded Strike+1"],"picked":"SKIP","floor":28},{"not_picked":["Distraction","Well Laid Plans"],"picked":"All Out Attack+1","floor":30},{"not_picked":["Blur+1","Well Laid Plans"],"picked":"Choke+1","floor":31}],"player_experience":72825,"relics_obtained":[{"floor":9,"key":"Snake Skull"},{"floor":9,"key":"PreservedInsect"},{"floor":11,"key":"FossilizedHelix"},{"floor":13,"key":"Molten Egg 2"},{"floor":20,"key":"Juzu Bracelet"},{"floor":20,"key":"Eternal Feather"},{"floor":23,"key":"TungstenRod"},{"floor":26,"key":"Orichalcum"},{"floor":27,"key":"CaptainsWheel"},{"floor":27,"key":"Meat on the Bone"},{"floor":28,"key":"Mercury Hourglass"},{"floor":31,"key":"Red Mask"}],"event_choices":[{"damage_healed":0,"gold_gain":0,"player_choice":"Ignored","damage_taken":0,"max_hp_gain":0,"max_hp_loss":0,"event_name":"Golden Wing","floor":3,"gold_loss":0},{"damage_healed":0,"gold_gain":0,"cards_transformed":["Defend_G"],"player_choice":"Change","damage_taken":0,"max_hp_gain":0,"max_hp_loss":0,"event_name":"Living Wall","floor":5,"gold_loss":0,"cards_obtained":["Burst"]},{"damage_healed":0,"gold_gain":0,"player_choice":"Success","damage_taken":3,"relics_obtained":["Matryoshka"],"max_hp_gain":0,"max_hp_loss":0,"event_name":"Scrap Ooze","floor":7,"gold_loss":0},{"damage_healed":0,"gold_gain":0,"player_choice":"Fight","damage_taken":0,"max_hp_gain":0,"max_hp_loss":0,"event_name":"Colosseum","floor":27,"gold_loss":0},{"damage_healed":0,"gold_gain":0,"player_choice":"Fought Nobs","damage_taken":0,"max_hp_gain":0,"max_hp_loss":0,"event_name":"Colosseum","floor":27,"gold_loss":0},{"damage_healed":0,"gold_gain":0,"player_choice":"Fought Bandits","damage_taken":0,"max_hp_gain":0,"max_hp_loss":0,"event_name":"Masked Bandits","floor":31,"gold_loss":0}],"is_beta":false,"boss_relics":[{"not_picked":["HoveringKite","Snecko Eye"],"picked":"Tiny House"}],"items_purged_floors":[29],"is_endless":false,"potions_floor_spawned":[4,14,18,21,28,30,31],"killed_by":"Champ","ascension_level":0}}