{"host":"82qk6ob05uum3zoi","time":1613292141,"event":{"mods":["BaseMod","BetterRewards","Minty Spire (QoL Compilation)","Reliquary","StSLib","The Cursed"],"gold_per_floor":[112,212,230,230,247,275,275,286,286,286,286,286],"floor_reached":11,"language":"ENG","playtime":418,"items_purged":[],"score":84,"play_id":"82a098cc-9378-4ecc-91f9-1dbb9ea77d45","local_time":"20210214214221","is_ascension_mode":true,"campfire_choices":[{"floor":7,"key":"RECALL"}],"circlet_count":0,"master_deck":["Strike_G","Strike_G","Strike_G","Strike_G","Defend_G","Defend_G","Defend_G","Defend_G","Defend_G","Survivor","Neutralize","Dagger Spray","Crippling Poison","Leg Sweep","Quick Slash","Caltrops","Deflect"],"relics":["Ring of the Snake","reliquary:FeatherDuster","Mummified Hand"],"acts_visited":["Exordium"],"potions_floor_usage":[6,11,11,11],"damage_taken":[{"damage":1,"enemies":"2 Louse","floor":1,"turns":3},{"damage":10,"enemies":"Cultist","floor":3,"turns":4},{"damage":1,"enemies":"Jaw Worm","floor":5,"turns":5},{"damage":18,"enemies":"Gremlin Nob","floor":6,"turns":5},{"damage":34,"enemies":"Gremlin Gang","floor":8,"turns":4},{"damage":14,"enemies":"Lagavulin","floor":11,"turns":6}],"seed_played":"-4193590272449486223","potions_obtained":[{"floor":5,"key":"AttackPotion"},{"floor":6,"key":"Weak Potion"},{"floor":10,"key":"CultistPotion"},{"floor":10,"key":"ColorlessPotion"}],"is_trial":false,"path_per_floor":["M","?","M","?","M","E","R","M","T","?","E"],"character_chosen":"THE_SILENT","items_purchased":[],"campfire_rested":0,"item_purchase_floors":[],"current_hp_per_floor":[76,76,66,66,65,47,47,13,13,13,0,0],"gold":286,"neow_bonus":"TEN_PERCENT_HP_BONUS","is_daily":false,"chose_seed":false,"campfire_upgraded":0,"win_rate":0.0,"timestamp":1613292141,"path_taken":["M","?","?","?","?","E","R","M","T","?","E"],"items_purchased_type":[],"build_version":"2020-12-22","purchased_purges":0,"victory":false,"max_hp_per_floor":[77,77,77,77,77,77,77,77,77,77,77,77],"card_choices":[{"not_picked":["Well Laid Plans","Distraction"],"picked":"Dagger Spray","floor":1},{"not_picked":["Footwork","Cloak And Dagger"],"picked":"Crippling Poison","floor":3},{"not_picked":["Riddle With Holes","Cloak And Dagger"],"picked":"Quick Slash","floor":5},{"not_picked":["Distraction","Acrobatics"],"picked":"Caltrops","floor":6},{"not_picked":["Heel Hook","Backflip"],"picked":"Deflect","floor":8}],"player_experience":426601,"relics_obtained":[{"floor":6,"key":"reliquary:FeatherDuster"},{"floor":9,"key":"Mummified Hand"}],"event_choices":[{"damage_healed":0,"gold_gain":100,"player_choice":"Pray","damage_taken":0,"max_hp_gain":0,"max_hp_loss":0,"event_name":"Golden Shrine","floor":2,"gold_loss":0},{"damage_healed":0,"gold_gain":0,"cards_transformed":["Strike_G"],"player_choice":"Transformed","damage_taken":0,"max_hp_gain":0,"max_hp_loss":0,"event_name":"Transmorgrifier","floor":4,"gold_loss":0,"cards_obtained":["Leg Sweep"]},{"damage_healed":0,"gold_gain":0,"player_choice":"Got Potions","damage_taken":0,"max_hp_gain":0,"max_hp_loss":0,"event_name":"Lab","floor":10,"gold_loss":0}],"is_beta":false,"boss_relics":[],"items_purged_floors":[],"is_endless":false,"potions_floor_spawned":[5,6],"killed_by":"Lagavulin","ascension_level":3}}