{"host":"jzhosqkmc1ht3q4y","time":1613331286,"event":{"mods":["100% Spire Juice","Act Like it!","BaseMod","Better Third Choice","Colored Map","Hermit","Minty Spire (QoL Compilation)","Rare Cards Sparkle","StSLib","SuperFastMode"],"gold_per_floor":[110,121,141,152,42,42,70,70,93,104,137,17,31,31,31,135,135,145,155,45,59,72,104,104,118,145,171,171,96,96,107,107,209,89,105,105,124,135,135,162,212,212,212,92,92,102,119,145,145,145,145,145,78,112,112,112],"floor_reached":55,"language":"KOR","playtime":3554,"items_purged":["Moonworks:LulusLuckyEgg"],"score":883,"play_id":"2f31431c-eb77-4050-9852-6a99d0ea7f0b","local_time":"20210215043446","is_ascension_mode":false,"campfire_choices":[{"data":"Moonworks:Ambush","floor":6.0,"key":"SMITH"},{"data":"Moonworks:WindyEnchantment","floor":8.0,"key":"SMITH"},{"data":"Moonworks:JonathanRush","floor":12.0,"key":"SMITH"},{"data":"Moonworks:ScrambledEve","floor":15.0,"key":"SMITH"},{"data":"Moonworks:CloudOfSeagulls","floor":24.0,"key":"SMITH"},{"data":"Moonworks:CloudOfSeagulls","floor":30.0,"key":"SMITH"},{"data":"Moonworks:MixPhenomenon","floor":32.0,"key":"SMITH"},{"data":"Moonworks:AnotherUltimateWeapon","floor":42,"key":"SMITH"},{"data":"Metamorphosis","floor":44,"key":"SMITH"},{"floor":49,"key":"RECALL"},{"data":"Moonworks:GoAway","floor":52,"key":"SMITH"}],"circlet_count":0,"master_deck":["Moonworks:Ambush+1","Moonworks:LongDistanceShot","Moonworks:WindyEnchantment+1","Moonworks:RedAndBlue","Moonworks:JonathanRush+1","Moonworks:ScrambledEve+1","Moonworks:RocketCannon+1","Moonworks:NicePresent","Moonworks:FinalBattle","Moonworks:WindyEnchantment","Moonworks:WindyEnchantment","Moonworks:GoAway+1","Moonworks:TacticalRetreat","Moonworks:JonathanRush","Moonworks:EvilSpyWorkPreparation","Moonworks:CloudOfSeagulls+1","Moonworks:CloudOfSeagulls+1","Moonworks:MixPhenomenon+1","Moonworks:SakisCookie+1","Moonworks:CloudOfSeagulls+1","Moonworks:NicePresent","Moonworks:AnotherUltimateWeapon+1","Moonworks:JonathanRush+1","Metamorphosis+1","Moonworks:CloudOfSeagulls+1","Moonworks:NicePresent","Moonworks:CloudOfSeagulls+1","Moonworks:RagingMadness"],"relics":["Moonworks:BrokenBomb","Moonworks:Homemark","Mango","Strawberry","Orichalcum","Anchor","Pandora\u0027s Box","Ornamental Fan","Blood Vial","Busted Crown","Oddly Smooth Stone","Incense Burner","Meat on the Bone","Moonworks:LittleGull","Whetstone"],"acts_visited":["Exordium","TheCity","TheBeyond","TheEnding"],"potions_floor_usage":[55,55],"damage_taken":[{"damage":2.0,"enemies":"Small Slimes","floor":1.0,"turns":4.0},{"damage":1.0,"enemies":"Cultist","floor":2.0,"turns":3.0},{"damage":3.0,"enemies":"Jaw Worm","floor":3.0,"turns":3.0},{"damage":11.0,"enemies":"Lots of Slimes","floor":4.0,"turns":5.0},{"damage":9.0,"enemies":"Exordium Thugs","floor":5.0,"turns":4.0},{"damage":4.0,"enemies":"Gremlin Nob","floor":7.0,"turns":3.0},{"damage":0.0,"enemies":"Large Slime","floor":10.0,"turns":4.0},{"damage":9.0,"enemies":"3 Sentries","floor":11.0,"turns":7.0},{"damage":2.0,"enemies":"Lots of Slimes","floor":13.0,"turns":3.0},{"damage":0.0,"enemies":"Hexaghost","floor":16.0,"turns":9.0},{"damage":4.0,"enemies":"Spheric Guardian","floor":18.0,"turns":3.0},{"damage":0.0,"enemies":"3 Byrds","floor":19.0,"turns":3.0},{"damage":6.0,"enemies":"Centurion and Healer","floor":20.0,"turns":3.0},{"damage":2.0,"enemies":"Cultist and Chosen","floor":21.0,"turns":3.0},{"damage":2.0,"enemies":"Sentry and Sphere","floor":22.0,"turns":3.0},{"damage":12.0,"enemies":"Slavers","floor":23.0,"turns":3.0},{"damage":0.0,"enemies":"Snake Plant","floor":25.0,"turns":3.0},{"damage":0.0,"enemies":"Book of Stabbing","floor":27.0,"turns":3.0},{"damage":0.0,"enemies":"Snecko","floor":31.0,"turns":2.0},{"damage":28.0,"enemies":"Champ","floor":33.0,"turns":4.0},{"damage":0.0,"enemies":"3 Shapes","floor":35.0,"turns":3.0},{"damage":0.0,"enemies":"Orb Walker","floor":37.0,"turns":2.0},{"damage":0,"enemies":"Sphere and 2 Shapes","floor":38,"turns":2},{"damage":0,"enemies":"Nemesis","floor":40,"turns":4},{"damage":0,"enemies":"Mind Bloom Boss Battle","floor":41,"turns":2},{"damage":4,"enemies":"Spire Growth","floor":46,"turns":3},{"damage":0,"enemies":"Transient","floor":47,"turns":5},{"damage":45,"enemies":"Reptomancer","floor":48,"turns":4},{"damage":52,"enemies":"Awakened One","floor":50,"turns":7},{"damage":23,"enemies":"Shield and Spear","floor":54,"turns":4},{"damage":69,"enemies":"The Heart","floor":55,"turns":7}],"seed_played":"9062704215650105317","potions_obtained":[{"floor":2.0,"key":"Energy Potion"},{"floor":5.0,"key":"Block Potion"},{"floor":7.0,"key":"BlessingOfTheForge"},{"floor":10.0,"key":"SpeedPotion"},{"floor":13.0,"key":"Block Potion"},{"floor":16.0,"key":"DuplicationPotion"},{"floor":25.0,"key":"Block Potion"},{"floor":27.0,"key":"AttackPotion"},{"floor":40,"key":"DistilledChaos"}],"is_trial":false,"path_per_floor":["M","M","M","M","M","R","E","R","T","M","E","R","M","?","R","B",null,"M","M","M","M","M","E","R","M","T","E","?","$","R","M","R","B",null,"M","?","M","M","?","E","?","R","T","R","?","M","M","E","R","B",null,"R","$","E","B"],"character_chosen":"THE_STARBREAKER","items_purchased":["Moonworks:RagingMadness"],"campfire_rested":0,"item_purchase_floors":[53],"current_hp_per_floor":[64,63,60,49,40,40,50,50,57,57,48,48,46,46,46,46,87,83,83,77,75,73,61,61,64,64,67,67,67,67,72,72,49,87,87,87,87,87,87,87,87,87,87,87,87,83,87,54,54,19,87,87,87,64,0,0],"gold":112,"neow_bonus":"TEN_PERCENT_HP_BONUS","is_daily":false,"chose_seed":false,"campfire_upgraded":10,"win_rate":0.0,"timestamp":1613331286,"path_taken":["M","M","M","M","M","R","E","R","T","M","E","R","M","?","R","BOSS","M","?","M","M","M","E","R","M","T","E","?","$","R","?","R","BOSS","M","?","M","M","?","E","?","R","T","R","?","M","?","E","R","BOSS","R","$","E","BOSS"],"items_purchased_type":["Card"],"build_version":"2020-12-22","purchased_purges":1,"victory":false,"max_hp_per_floor":[66,66,66,66,66,66,80,80,87,87,87,87,87,87,87,87,87,87,87,87,87,87,87,87,87,87,87,87,87,87,87,87,87,87,87,87,87,87,87,87,87,87,87,87,87,87,87,87,87,87,87,87,87,87,87,87],"card_choices":[{"not_picked":["Moonworks:ImOnFire","Moonworks:Heat300Percent"],"picked":"Moonworks:Assault","floor":1.0},{"not_picked":["Moonworks:DevilHand","Moonworks:DeployBits"],"picked":"Moonworks:WindyEnchantment","floor":2.0},{"not_picked":["Moonworks:LulusLuckyEgg","Moonworks:ImOnFire"],"picked":"Moonworks:RedAndBlue","floor":3.0},{"not_picked":["Moonworks:SakisCookie","Moonworks:DeployBits","Moonworks:ImOnFire"],"picked":"SKIP","floor":4.0},{"not_picked":["Moonworks:RagingMadness","Moonworks:DevilHand","Moonworks:IndiscriminateFireSupport"],"picked":"SKIP","floor":5.0},{"not_picked":["Moonworks:BeyondHell","Moonworks:LulusLuckyEgg","Moonworks:MiracleRedBeanIceCream"],"picked":"SKIP","floor":7.0},{"not_picked":["Moonworks:Assault","Moonworks:Heat300Percent"],"picked":"Moonworks:LulusLuckyEgg","floor":10.0},{"not_picked":["Moonworks:Assault","Moonworks:SakisCookie"],"picked":"Moonworks:JonathanRush","floor":11.0},{"not_picked":["Moonworks:DevilHand","Moonworks:LulusLuckyEgg"],"picked":"Moonworks:ScrambledEve","floor":13.0},{"not_picked":["Moonworks:EvilMastermind","Moonworks:PlushieMaster"],"picked":"Moonworks:RocketCannon","floor":16.0},{"not_picked":["Moonworks:Heat300Percent","Moonworks:ImOnFire+1","Moonworks:AwakeningOfTalent"],"picked":"SKIP","floor":18.0},{"not_picked":["Moonworks:UnluckyCharm","Moonworks:BigMagnum"],"picked":"Moonworks:CloudOfSeagulls","floor":19.0},{"not_picked":["Moonworks:UnpaidWork","Moonworks:DeployBits","Moonworks:BeyondHell"],"picked":"SKIP","floor":20.0},{"not_picked":["Moonworks:BeyondHell+1","Moonworks:SweetBattle"],"picked":"Moonworks:CloudOfSeagulls","floor":21.0},{"not_picked":["Moonworks:Poppoformation","Moonworks:ReproductionOfRecords"],"picked":"Moonworks:MixPhenomenon","floor":22.0},{"not_picked":["Moonworks:LuckyCharm","Moonworks:DevilHand+1"],"picked":"Moonworks:SakisCookie+1","floor":23.0},{"not_picked":["Moonworks:BigMagnum","Moonworks:EvilSpyWorkPreparation"],"picked":"Moonworks:CloudOfSeagulls+1","floor":25.0},{"not_picked":["Moonworks:Assault","Moonworks:FullSpeedAlicianrone","Moonworks:DeployBits"],"picked":"SKIP","floor":27.0},{"not_picked":["Moonworks:x16BigRocket","Moonworks:BigMagnum"],"picked":"Moonworks:NicePresent","floor":31.0},{"not_picked":["Moonworks:SinkOrSwim","Moonworks:EvilMastermind"],"picked":"Moonworks:AnotherUltimateWeapon","floor":33.0},{"not_picked":[],"picked":"Moonworks:JonathanRush+1","floor":35.0},{"not_picked":["Moonworks:ImOnFire"],"picked":"SKIP","floor":37.0},{"not_picked":["Moonworks:Assault"],"picked":"SKIP","floor":38},{"not_picked":[],"picked":"Metamorphosis","floor":39},{"not_picked":[],"picked":"Moonworks:CloudOfSeagulls+1","floor":40},{"not_picked":["Moonworks:LulusLuckyEgg"],"picked":"SKIP","floor":46},{"not_picked":[],"picked":"Moonworks:CloudOfSeagulls","floor":47},{"not_picked":["Moonworks:CookingTime"],"picked":"SKIP","floor":48},{"not_picked":["Moonworks:BigMagnum+1"],"picked":"SKIP","floor":54}],"player_experience":788061,"relics_obtained":[{"floor":7.0,"key":"Mango"},{"floor":9.0,"key":"Strawberry"},{"floor":11.0,"key":"Orichalcum"},{"floor":23.0,"key":"Ornamental Fan"},{"floor":27.0,"key":"Blood Vial"},{"floor":40,"key":"Oddly Smooth Stone"},{"floor":41,"key":"Incense Burner"},{"floor":43,"key":"Meat on the Bone"},{"floor":48,"key":"Moonworks:LittleGull"},{"floor":54,"key":"Whetstone"}],"event_choices":[{"damage_healed":0.0,"max_hp_gain":0.0,"max_hp_loss":0.0,"gold_gain":0.0,"event_name":"WeMeetAgain","player_choice":"Gave Potion","floor":14.0,"gold_loss":0.0,"damage_taken":0.0,"relics_obtained":["Anchor"]},{"damage_healed":0.0,"max_hp_gain":0.0,"max_hp_loss":0.0,"gold_gain":0.0,"cards_transformed":["Moonworks:Assault"],"event_name":"Transmorgrifier","player_choice":"Transformed","floor":28.0,"gold_loss":0.0,"damage_taken":0.0,"cards_obtained":["Moonworks:DevilHand"]},{"cards_removed":["Moonworks:DevilHand"],"damage_healed":0.0,"max_hp_gain":0.0,"max_hp_loss":0.0,"gold_gain":0.0,"event_name":"Falling","player_choice":"Removed Attack","floor":36.0,"gold_loss":0.0,"damage_taken":0.0},{"damage_healed":0,"gold_gain":0,"player_choice":"Memory 1","damage_taken":0,"max_hp_gain":0,"max_hp_loss":0,"event_name":"SensoryStone","floor":39,"gold_loss":0},{"damage_healed":0,"gold_gain":0,"player_choice":"Fight","damage_taken":0,"max_hp_gain":0,"max_hp_loss":0,"event_name":"MindBloom","floor":41,"gold_loss":0},{"damage_healed":0,"gold_gain":0,"player_choice":"1 cards matched","damage_taken":0,"max_hp_gain":0,"max_hp_loss":0,"event_name":"Match and Keep!","floor":45,"gold_loss":0,"cards_obtained":["Moonworks:NicePresent"]}],"is_beta":false,"boss_relics":[{"not_picked":["Velvet Choker","SlaversCollar"],"picked":"Pandora\u0027s Box"},{"not_picked":["SacredBark","Tiny House"],"picked":"Busted Crown"}],"items_purged_floors":[29],"is_endless":false,"potions_floor_spawned":[2,5,7,10,13,16,19,22,25,27,37,40,47,48],"killed_by":"The Heart","ascension_level":0}}