{"host":"4epvxsx6d4oxmc67","time":1613310046,"event":{"mods":["AchievementEnabler","BaseMod","Colored Map","Highlight Path","Minty Spire (QoL Compilation)"],"gold_per_floor":[118,132,82,97,116,116,133,133,213,223,1,29,29,40,40,142,142,157,168,178,178,198,198,214,89,89,89,103,136,136,149,149,149,149],"floor_reached":33,"language":"ENG","playtime":1456,"items_purged":["Strike_R","Strike_R"],"score":355,"play_id":"2f945283-c29b-4c14-b1fb-513e5dc62bae","local_time":"20210214134046","is_ascension_mode":true,"campfire_choices":[{"data":"Armaments","floor":6.0,"key":"SMITH"},{"data":"Sword Boomerang","floor":8.0,"key":"SMITH"},{"data":"1","floor":13.0,"key":"LIFT"},{"data":"2","floor":15.0,"key":"LIFT"},{"data":"3","floor":23.0,"key":"LIFT"},{"data":"Double Tap","floor":32,"key":"SMITH"}],"circlet_count":0,"master_deck":["Strike_R","Defend_R","Defend_R","Defend_R","Defend_R","Bash","Iron Wave","Sword Boomerang+1","Armaments+1","Iron Wave","Shockwave","Inflame","Reaper","Pommel Strike","Double Tap+1","Burning Pact+1","Ghostly Armor+1","Thunderclap+1","Flame Barrier+1","Clothesline+1","Havoc","Seeing Red"],"relics":["Runic Dome","Bottled Lightning","Girya","Black Star","Oddly Smooth Stone","Boot","Toy Ornithopter","MutagenicStrength"],"acts_visited":["Exordium","TheCity"],"potions_floor_usage":[29,29,29],"damage_taken":[{"damage":2.0,"enemies":"2 Louse","floor":1.0,"turns":2.0},{"damage":2.0,"enemies":"Jaw Worm","floor":2.0,"turns":3.0},{"damage":0.0,"enemies":"Cultist","floor":4.0,"turns":3.0},{"damage":2.0,"enemies":"Looter","floor":5.0,"turns":3.0},{"damage":4.0,"enemies":"Blue Slaver","floor":7.0,"turns":3.0},{"damage":3.0,"enemies":"Exordium Wildlife","floor":10.0,"turns":3.0},{"damage":10.0,"enemies":"Lagavulin","floor":12.0,"turns":4.0},{"damage":0.0,"enemies":"2 Fungi Beasts","floor":14.0,"turns":2.0},{"damage":17.0,"enemies":"Slime Boss","floor":16.0,"turns":7.0},{"damage":9.0,"enemies":"Shell Parasite","floor":18.0,"turns":3.0},{"damage":16.0,"enemies":"2 Thieves","floor":19.0,"turns":3.0},{"damage":20.0,"enemies":"Sentry and Sphere","floor":20.0,"turns":4.0},{"damage":4.0,"enemies":"Shelled Parasite and Fungi","floor":22.0,"turns":5.0},{"damage":0.0,"enemies":"Cultist and Chosen","floor":24.0,"turns":4.0},{"damage":4.0,"enemies":"Centurion and Healer","floor":28.0,"turns":5.0},{"damage":14,"enemies":"Gremlin Leader","floor":29,"turns":5},{"damage":7,"enemies":"Snake Plant","floor":31,"turns":2},{"damage":87,"enemies":"Champ","floor":33,"turns":13}],"seed_played":"8484703604029732516","potions_obtained":[{"floor":1.0,"key":"SteroidPotion"},{"floor":7.0,"key":"Block Potion"},{"floor":14.0,"key":"BlessingOfTheForge"},{"floor":18.0,"key":"SpeedPotion"},{"floor":24.0,"key":"DistilledChaos"},{"floor":28.0,"key":"Dexterity Potion"},{"floor":29,"key":"ElixirPotion"}],"is_trial":false,"path_per_floor":["M","M","?","M","M","R","M","R","T","M","$","E","R","M","R","B",null,"M","M","M","?","M","R","M","$","T","?","M","E","?","M","R","B"],"character_chosen":"IRONCLAD","items_purchased":["Reaper","Havoc"],"campfire_rested":0,"item_purchase_floors":[11,25],"current_hp_per_floor":[70,68,68,68,66,66,62,62,62,59,59,65,65,65,65,63,76,67,51,38,38,34,34,47,47,47,47,73,66,66,59,59,0,0],"gold":149,"neow_bonus":"BOSS_RELIC","is_daily":false,"chose_seed":false,"campfire_upgraded":3,"win_rate":0.0,"timestamp":1613310046,"path_taken":["M","M","?","M","M","R","M","R","T","M","$","E","R","M","R","BOSS","M","M","M","?","?","R","M","$","T","?","M","E","?","M","R","BOSS"],"items_purchased_type":["Card","Card"],"build_version":"2020-12-22","purchased_purges":2,"victory":false,"max_hp_per_floor":[80,80,80,80,80,80,80,80,80,80,80,80,80,80,80,80,80,80,80,80,80,80,80,80,80,80,80,80,80,80,80,80,80,80],"card_choices":[{"not_picked":["Metallicize","Havoc"],"picked":"Iron Wave","floor":1.0},{"not_picked":["Pommel Strike","Blood for Blood"],"picked":"Sword Boomerang","floor":2.0},{"not_picked":["Dual Wield","Rage"],"picked":"Armaments","floor":4.0},{"not_picked":["Clash","Thunderclap"],"picked":"Iron Wave","floor":5.0},{"not_picked":["Twin Strike","Searing Blow"],"picked":"Shockwave","floor":7.0},{"not_picked":["Perfected Strike","Shrug It Off"],"picked":"Inflame","floor":10.0},{"not_picked":["Berserk","Dual Wield"],"picked":"Pommel Strike","floor":12.0},{"not_picked":["Havoc","Infernal Blade","Pommel Strike"],"picked":"SKIP","floor":14.0},{"not_picked":["Impervious","Limit Break"],"picked":"Double Tap","floor":16.0},{"not_picked":["Wild Strike","Combust"],"picked":"Burning Pact+1","floor":18.0},{"not_picked":["Warcry","Perfected Strike"],"picked":"Ghostly Armor+1","floor":19.0},{"not_picked":["Dual Wield+1","Spot Weakness"],"picked":"Thunderclap+1","floor":20.0},{"not_picked":["True Grit","Pommel Strike+1"],"picked":"Flame Barrier+1","floor":22.0},{"not_picked":["Dual Wield+1","Perfected Strike"],"picked":"Clothesline+1","floor":24.0},{"not_picked":["Iron Wave","Havoc","Sword Boomerang"],"picked":"SKIP","floor":28.0},{"not_picked":["Hemokinesis","Intimidate"],"picked":"Seeing Red","floor":29},{"not_picked":["Anger","Pommel Strike+1","Power Through"],"picked":"SKIP","floor":31}],"player_experience":122740,"relics_obtained":[{"floor":9.0,"key":"Bottled Lightning"},{"floor":12.0,"key":"Girya"},{"floor":26.0,"key":"Oddly Smooth Stone"},{"floor":29,"key":"Boot"},{"floor":29,"key":"Toy Ornithopter"}],"event_choices":[{"cards_removed":["Strike_R"],"damage_healed":0.0,"max_hp_gain":0.0,"max_hp_loss":0.0,"gold_gain":0.0,"event_name":"The Cleric","player_choice":"Card Removal","floor":3.0,"gold_loss":50.0,"damage_taken":0.0},{"cards_removed":["Strike_R"],"damage_healed":0.0,"max_hp_gain":0.0,"max_hp_loss":0.0,"gold_gain":0.0,"event_name":"Bonfire Elementals","player_choice":"Offered Basic","floor":21.0,"gold_loss":0.0,"damage_taken":0.0},{"damage_healed":0.0,"max_hp_gain":0.0,"max_hp_loss":0.0,"gold_gain":0.0,"event_name":"Ghosts","player_choice":"Ignored","floor":27.0,"gold_loss":0.0,"damage_taken":0.0},{"damage_healed":0,"gold_gain":0,"player_choice":"Inject Mutagens","damage_taken":0,"relics_obtained":["MutagenicStrength"],"max_hp_gain":0,"max_hp_loss":0,"event_name":"Drug Dealer","floor":30,"gold_loss":0}],"is_beta":false,"boss_relics":[{"not_picked":["Sozu","SlaversCollar"],"picked":"Black Star"}],"items_purged_floors":[11,25],"is_endless":false,"potions_floor_spawned":[1,7,14,18,24,28,29],"killed_by":"Champ","ascension_level":6}}