{"host":"0uumfqrc8aynrssa","time":1613323073,"event":{"mods":["AchievementEnabler","BaseMod","Minty Spire (QoL Compilation)","StSLib","Together in Spire"],"gold_per_floor":[114,36,136,147,33,33,61,61,88,88,104,114,114,125,125,226,226,245,245,145,158,7,7,22,56,82,107,107,126,140,155,155,252,252,271,126,126,142,154,154,154],"floor_reached":40,"language":"ENG","playtime":2312,"items_purged":["Strike_B","Strike_B+1"],"score":378,"play_id":"f422e4b6-ab92-4be3-9feb-5ac9cf6553c4","local_time":"20210214121753","is_ascension_mode":false,"campfire_choices":[{"data":"Fusion","floor":6,"key":"SMITH"},{"data":"Darkness","floor":8,"key":"SMITH"},{"data":"Double Energy","floor":15,"key":"SMITH"},{"data":"Loop","floor":23,"key":"SMITH"},{"floor":32,"key":"REST"}],"circlet_count":0,"master_deck":["Strike_B+1","Strike_B+1","Defend_B+1","Defend_B+1","Defend_B+1","Defend_B+1","Zap","Dualcast","Fusion+1","BootSequence","Genetic Algorithm","Loop+1","Darkness+1","Double Energy+1","Seek","Lockon+1","Redo+1","Leap+1","Multi-Cast","Conserve Battery+1","Parasite","Capacitor+1"],"relics":["Cracked Core","NeowsBlessing","Symbiotic Virus","Sozu","Strange Spoon","Nunchaku","Bag of Marbles","CaptainsWheel","SacredBark","Medical Kit"],"acts_visited":["Exordium","TheCity","TheBeyond"],"potions_floor_usage":[14,16],"damage_taken":[{"damage":0,"enemies":"Jaw Worm","floor":1,"turns":1},{"damage":0,"enemies":"Cultist","floor":4,"turns":1},{"damage":0,"enemies":"3 Sentries","floor":7,"turns":2},{"damage":1,"enemies":"2 Louse","floor":11,"turns":3},{"damage":0,"enemies":"Large Slime","floor":12,"turns":5},{"damage":17,"enemies":"Exordium Thugs","floor":14,"turns":4},{"damage":10,"enemies":"The Guardian","floor":16,"turns":6},{"damage":2,"enemies":"Shell Parasite","floor":18,"turns":4},{"damage":0,"enemies":"2 Thieves","floor":21,"turns":3},{"damage":2,"enemies":"3 Cultists","floor":24,"turns":3},{"damage":19,"enemies":"Gremlin Leader","floor":25,"turns":4},{"damage":43,"enemies":"Slavers","floor":27,"turns":8},{"damage":2,"enemies":"Snake Plant","floor":29,"turns":5},{"damage":0,"enemies":"Snecko","floor":30,"turns":3},{"damage":0,"enemies":"Chosen and Byrds","floor":31,"turns":1},{"damage":12,"enemies":"Collector","floor":33,"turns":6},{"damage":0,"enemies":"3 Shapes","floor":35,"turns":2},{"damage":0,"enemies":"Orb Walker","floor":38,"turns":3},{"damage":74,"enemies":"Writhing Mass","floor":39,"turns":14},{"damage":2,"enemies":"Nemesis","floor":40,"turns":2}],"seed_played":"7666624515126428838","potions_obtained":[{"floor":4,"key":"PowerPotion"},{"floor":7,"key":"Regen Potion"}],"is_trial":false,"path_per_floor":["M","$","?","M","$","R","E","R","T","$","M","M","?","M","R","B",null,"M","?","$","M","$","R","M","E","T","E","?","M","M","M","R","B",null,"M","$","?","M","M","E"],"character_chosen":"DEFECT","items_purchased":["BootSequence","Loop","Strange Spoon","Medical Kit"],"campfire_rested":1,"item_purchase_floors":[2,5,22,36],"current_hp_per_floor":[75,75,75,75,75,75,75,75,75,75,74,74,59,51,51,41,75,73,73,73,73,73,73,71,52,52,9,9,7,7,7,29,17,75,75,75,75,75,1,0,0],"gold":154,"neow_bonus":"THREE_ENEMY_KILL","is_daily":false,"chose_seed":false,"campfire_upgraded":4,"win_rate":0.0,"timestamp":1613323073,"path_taken":["M","$","?","M","?","R","E","R","T","$","M","M","?","M","R","BOSS","M","?","$","M","?","R","M","E","T","E","?","M","?","M","R","BOSS","M","$","?","M","M","E"],"items_purchased_type":["Card","Card","Relic","Relic"],"build_version":"2020-12-22","purchased_purges":2,"victory":false,"max_hp_per_floor":[75,75,75,75,75,75,75,75,75,75,75,75,75,75,75,75,75,75,75,75,75,75,75,75,75,75,75,75,75,75,75,75,75,75,75,75,75,75,75,75,75],"card_choices":[{"not_picked":["Stack","Reinforced Body"],"picked":"Fusion","floor":1},{"not_picked":["Hello World","Ball Lightning"],"picked":"Genetic Algorithm","floor":4},{"not_picked":["Hologram","Gash"],"picked":"Darkness","floor":7},{"not_picked":["Rebound","Chill"],"picked":"Double Energy","floor":11},{"not_picked":["Biased Cognition","Cold Snap","Compile Driver"],"picked":"SKIP","floor":12},{"not_picked":["Tempest","Steam","Glacier"],"picked":"SKIP","floor":14},{"not_picked":["Thunder Strike","Amplify"],"picked":"Seek","floor":16},{"not_picked":["BootSequence","Stack","Cold Snap+1"],"picked":"SKIP","floor":18},{"not_picked":["Compile Driver","Hologram"],"picked":"Lockon+1","floor":21},{"not_picked":["Compile Driver","Beam Cell","Heatsinks"],"picked":"SKIP","floor":24},{"not_picked":["Consume","Static Discharge"],"picked":"Redo+1","floor":25},{"not_picked":["Consume","Thunder Strike"],"picked":"Leap+1","floor":27},{"not_picked":["Melter","Stack","Chill"],"picked":"SKIP","floor":29},{"not_picked":["Cold Snap+1","Tempest","Redo"],"picked":"SKIP","floor":30},{"not_picked":["Streamline","Go for the Eyes","Redo"],"picked":"SKIP","floor":31},{"not_picked":["Machine Learning","Echo Form"],"picked":"Multi-Cast","floor":33},{"not_picked":["Ball Lightning","Steam","Compile Driver"],"picked":"SKIP","floor":35},{"not_picked":["Leap+1","Beam Cell"],"picked":"Conserve Battery+1","floor":38},{"not_picked":["Cold Snap+1","Compile Driver"],"picked":"Capacitor+1","floor":39}],"player_experience":389434,"relics_obtained":[{"floor":7,"key":"Symbiotic Virus"},{"floor":25,"key":"Nunchaku"},{"floor":26,"key":"Bag of Marbles"},{"floor":27,"key":"CaptainsWheel"}],"event_choices":[{"damage_healed":0,"gold_gain":100,"player_choice":"Pray","damage_taken":0,"max_hp_gain":0,"max_hp_loss":0,"event_name":"Golden Shrine","floor":3,"gold_loss":0},{"damage_healed":0,"gold_gain":0,"player_choice":"Entered Light","damage_taken":15,"max_hp_gain":0,"max_hp_loss":0,"event_name":"Shining Light","floor":13,"gold_loss":0,"cards_upgraded":["Strike_B","Strike_B"]},{"damage_healed":0,"gold_gain":0,"player_choice":"Simplicity","damage_taken":0,"max_hp_gain":0,"max_hp_loss":0,"event_name":"Back to Basics","floor":19,"gold_loss":0,"cards_upgraded":["Strike_B","Defend_B","Defend_B","Defend_B","Defend_B"]},{"damage_healed":0,"gold_gain":0,"player_choice":"Ignored","damage_taken":0,"max_hp_gain":0,"max_hp_loss":0,"event_name":"Cursed Tome","floor":28,"gold_loss":0},{"damage_healed":0,"gold_gain":0,"player_choice":"Ignored","damage_taken":0,"max_hp_gain":0,"max_hp_loss":0,"event_name":"Mysterious Sphere","floor":37,"gold_loss":0}],"is_beta":false,"boss_relics":[{"not_picked":["Coffee Dripper","Cursed Key"],"picked":"Sozu"},{"not_picked":["Busted Crown","Velvet Choker"],"picked":"SacredBark"}],"items_purged_floors":[5,20],"is_endless":false,"potions_floor_spawned":[4,7,21,30,31],"killed_by":"Nemesis","ascension_level":0}}