{"host":"ul3z8ex5o8l5j7mh","time":1613309425,"event":{"mods":["AchievementEnabler","BaseMod","Bestiary","Colored Map","Colored Powertips","DeckTracker","Keyboard Shortcuts","Minty Spire (QoL Compilation)","Relic Sorter","Relic Stats","SuperFastMode"],"gold_per_floor":[17,33,51,51,65,65,96,108,147,187,217,229,261,373,385,498,510,510,510,510,211,211,211,211,61,61,61,61,61,61,61,61,61,61],"floor_reached":33,"language":"ENG","playtime":1208,"items_purged":["Strike_R"],"score":375,"play_id":"6ca8f310-770a-4d25-8415-77b3963abd94","local_time":"20210214143025","is_ascension_mode":true,"campfire_choices":[{"data":"Inflame","floor":6.0,"key":"SMITH"},{"data":"Heavy Blade","floor":8.0,"key":"SMITH"},{"data":"Clash","floor":12.0,"key":"SMITH"},{"data":"Clash","floor":15.0,"key":"SMITH"},{"data":"Shrug It Off","floor":23,"key":"SMITH"},{"data":"Berserk","floor":27,"key":"SMITH"},{"data":"Sunder","floor":30,"key":"SMITH"},{"data":"Clash","floor":32,"key":"SMITH"}],"circlet_count":0,"master_deck":["Strike_R","Strike_R","Defend_R","Defend_R","Bash","Inflame+1","Clash+1","Heavy Blade+1","Clash+1","Clash+1","Shrug It Off+1","Berserk+1","Heavy Blade","Metallicize","Sunder+1","Mind Blast","Entrench","Dark Embrace"],"relics":["Burning Blood","MawBank","Art of War","PreservedInsect","Ectoplasm","Enchiridion","PrismaticShard","Pocketwatch","Lantern","Calipers","White Beast Statue"],"acts_visited":["Exordium","TheCity"],"potions_floor_usage":[22],"damage_taken":[{"damage":6.0,"enemies":"Cultist","floor":1.0,"turns":3.0},{"damage":7.0,"enemies":"Jaw Worm","floor":2.0,"turns":3.0},{"damage":0.0,"enemies":"Small Slimes","floor":3.0,"turns":2.0},{"damage":6.0,"enemies":"2 Fungi Beasts","floor":5.0,"turns":3.0},{"damage":18.0,"enemies":"3 Sentries","floor":7.0,"turns":4.0},{"damage":12.0,"enemies":"Gremlin Nob","floor":10.0,"turns":3.0},{"damage":0.0,"enemies":"Exordium Thugs","floor":11.0,"turns":3.0},{"damage":0.0,"enemies":"Looter","floor":13.0,"turns":1.0},{"damage":32.0,"enemies":"The Guardian","floor":16.0,"turns":5.0},{"damage":12.0,"enemies":"3 Byrds","floor":18.0,"turns":4.0},{"damage":0.0,"enemies":"Spheric Guardian","floor":19.0,"turns":1.0},{"damage":10,"enemies":"Cultist and Chosen","floor":22,"turns":3},{"damage":0,"enemies":"Gremlin Leader","floor":28,"turns":3},{"damage":15,"enemies":"Snecko","floor":29,"turns":4},{"damage":106,"enemies":"Collector","floor":33,"turns":7}],"seed_played":"6627719558347876201","potions_obtained":[{"floor":1.0,"key":"Dexterity Potion"},{"floor":3.0,"key":"Block Potion"},{"floor":7.0,"key":"Weak Potion"},{"floor":10.0,"key":"EssenceOfSteel"},{"floor":16.0,"key":"CultistPotion"},{"floor":19.0,"key":"PowerPotion"},{"floor":29,"key":"FairyPotion"}],"is_trial":false,"path_per_floor":["M","M","M","$","M","R","E","R","T","E","M","R","M","?","R","B",null,"M","M","?","$","M","R","?","$","T","R","E","M","R","?","R","B"],"character_chosen":"IRONCLAD","items_purchased":["PrismaticShard","Metallicize","Lantern"],"campfire_rested":0,"item_purchase_floors":[21,21,25],"current_hp_per_floor":[80,79,80,80,80,80,68,68,68,62,68,68,74,74,74,48,72,66,72,56,56,52,52,52,52,52,52,58,49,49,49,49,0,0],"gold":61,"neow_bonus":"REMOVE_TWO","is_daily":false,"chose_seed":false,"campfire_upgraded":8,"win_rate":0.0,"timestamp":1613309425,"path_taken":["M","M","M","$","?","R","E","R","T","E","M","R","M","?","R","BOSS","M","?","?","$","M","R","?","$","T","R","E","?","R","?","R","BOSS"],"items_purchased_type":["Relic","Card","Relic"],"build_version":"2020-12-22","purchased_purges":1,"victory":false,"max_hp_per_floor":[80,80,80,80,80,80,80,80,80,80,80,80,80,80,80,80,80,80,80,80,80,80,80,80,80,80,80,80,80,80,80,80,80,80],"relic_stats":{"counters":[15,49],"PreservedInsect":42,"Ectoplasm":152,"Art of War":[0],"MawBank":120,"obtain_stats":[{"Lantern":25,"Calipers":26,"Enchiridion":20,"PreservedInsect":10,"Ectoplasm":17,"Art of War":9,"MawBank":7,"PrismaticShard":21,"Burning Blood":0,"White Beast Statue":28,"Pocketwatch":24},{"Lantern":12,"Calipers":12,"Enchiridion":11,"PreservedInsect":6,"Ectoplasm":9,"Art of War":5,"MawBank":5,"PrismaticShard":11,"Burning Blood":0,"White Beast Statue":13,"Pocketwatch":12},{"Lantern":35,"Calipers":35,"Enchiridion":32,"PreservedInsect":18,"Ectoplasm":27,"Art of War":15,"MawBank":15,"PrismaticShard":32,"Burning Blood":0,"White Beast Statue":38,"Pocketwatch":35}],"Burning Blood":79,"Pocketwatch":[6]},"card_choices":[{"not_picked":["Warcry","Dual Wield"],"picked":"Inflame","floor":1.0},{"not_picked":["Pommel Strike","Shrug It Off"],"picked":"Clash","floor":2.0},{"not_picked":["Intimidate","Body Slam"],"picked":"Heavy Blade","floor":3.0},{"not_picked":["Cleave","Dropkick"],"picked":"Clash","floor":5.0},{"not_picked":["Havoc","Pummel"],"picked":"Clash","floor":7.0},{"not_picked":["Havoc","Intimidate"],"picked":"Shrug It Off","floor":10.0},{"not_picked":["Shrug It Off","Warcry","Body Slam"],"picked":"SKIP","floor":11.0},{"not_picked":["Whirlwind","Pummel","Wild Strike"],"picked":"SKIP","floor":13.0},{"not_picked":["Brutality","Juggernaut"],"picked":"Berserk","floor":16.0},{"not_picked":["Whirlwind","Dropkick+1","Flex"],"picked":"SKIP","floor":18.0},{"not_picked":["Power Through","Pommel Strike+1"],"picked":"Heavy Blade","floor":19.0},{"not_picked":["Impatience","Turbo"],"picked":"Sunder","floor":22},{"not_picked":["Endless Agony+1","ReachHeaven"],"picked":"Mind Blast","floor":28},{"not_picked":["Coolheaded+1","BowlingBash","Prostrate"],"picked":"SKIP","floor":29}],"player_experience":371087,"relics_obtained":[{"floor":7.0,"key":"MawBank"},{"floor":9.0,"key":"Art of War"},{"floor":10.0,"key":"PreservedInsect"},{"floor":20.0,"key":"Enchiridion"},{"floor":26,"key":"Calipers"},{"floor":28,"key":"White Beast Statue"}],"event_choices":[{"damage_healed":0.0,"max_hp_gain":0.0,"max_hp_loss":0.0,"gold_gain":100.0,"event_name":"Golden Shrine","player_choice":"Pray","floor":14.0,"gold_loss":0.0,"damage_taken":0.0},{"damage_healed":0.0,"max_hp_gain":0.0,"max_hp_loss":0.0,"gold_gain":0.0,"event_name":"Cursed Tome","player_choice":"Obtained Book","floor":20.0,"gold_loss":0.0,"damage_taken":16.0},{"damage_healed":0,"gold_gain":0,"player_choice":"Gave Potion","damage_taken":0,"relics_obtained":["Pocketwatch"],"max_hp_gain":0,"max_hp_loss":0,"event_name":"WeMeetAgain","floor":24,"gold_loss":0},{"damage_healed":0,"gold_gain":0,"cards_transformed":["Strike_R","Strike_R"],"player_choice":"Became Test Subject","damage_taken":0,"max_hp_gain":0,"max_hp_loss":0,"event_name":"Drug Dealer","floor":31,"gold_loss":0,"cards_obtained":["Entrench","Dark Embrace"]}],"is_beta":false,"boss_relics":[{"not_picked":["Runic Cube","Pandora\u0027s Box"],"picked":"Ectoplasm"}],"items_purged_floors":[21],"is_endless":false,"potions_floor_spawned":[1,3,7,10,16,19,29],"killed_by":"Collector","ascension_level":5}}