{"host":"c97twqu0op5dg8i4","time":1613270627,"event":{"mods":["AchievementEnabler","BaseMod","Colored Map","Minty Spire (QoL Compilation)","Permanent Neow"],"gold_per_floor":[365,365,37,51,51,51,108,108,108,108,108,127,52,65,65,166,166,185,175,175,175,26,26,26,26],"floor_reached":24,"language":"ENG","playtime":705,"items_purged":["Strike_B"],"score":291,"play_id":"7fa35e3b-e11d-4a41-a399-0c3810ee276a","local_time":"20210213214347","is_ascension_mode":true,"campfire_choices":[{"data":"Echo Form","floor":6.0,"key":"SMITH"},{"floor":8.0,"key":"REST"},{"data":"Echo Form","floor":10.0,"key":"SMITH"},{"data":"Doom and Gloom","floor":15.0,"key":"SMITH"},{"floor":23,"key":"REST"}],"circlet_count":0,"master_deck":["AscendersBane","Strike_B","Strike_B","Defend_B","Defend_B","Defend_B","Defend_B","Zap","Dualcast","Hologram","Echo Form+1","Echo Form+1","Coolheaded","Gash","Doom and Gloom+1","Reinforced Body","Buffer","Gash","Gash"],"relics":["Cracked Core","Lantern","DollysMirror","WingedGreaves","Singing Bowl","Philosopher\u0027s Stone","Membership Card"],"acts_visited":["Exordium","TheCity"],"potions_floor_usage":[16],"damage_taken":[{"damage":6.0,"enemies":"Cultist","floor":1.0,"turns":3.0},{"damage":7.0,"enemies":"Jaw Worm","floor":4.0,"turns":4.0},{"damage":32.0,"enemies":"Lagavulin Event","floor":7.0,"turns":6.0},{"damage":0.0,"enemies":"Small Slimes","floor":12.0,"turns":4.0},{"damage":15.0,"enemies":"3 Louse","floor":14.0,"turns":2.0},{"damage":27,"enemies":"Slime Boss","floor":16,"turns":7},{"damage":6,"enemies":"Shell Parasite","floor":18,"turns":8},{"damage":34,"enemies":"2 Thieves","floor":19,"turns":4},{"damage":0,"enemies":"Slavers","floor":24,"turns":1}],"seed_played":"5390123354374098435","potions_obtained":[{"floor":7.0,"key":"AttackPotion"},{"floor":14.0,"key":"SpeedPotion"},{"floor":18,"key":"Fire Potion"}],"is_trial":false,"path_per_floor":["M","T","$","M","?","R","?","R","T","R","?","M","$","M","R","B",null,"M","M","?","?","$","R","E"],"character_chosen":"DEFECT","items_purchased":["Echo Form","DollysMirror","Coolheaded","Membership Card"],"campfire_rested":2,"item_purchase_floors":[3,3,3,22],"current_hp_per_floor":[62,62,62,55,55,55,23,43,43,43,43,45,45,30,30,3,53,47,15,15,15,15,36,36,36],"gold":26,"neow_bonus":"TWO_FIFTY_GOLD","is_daily":false,"chose_seed":false,"campfire_upgraded":3,"win_rate":0.0,"timestamp":1613270627,"path_taken":["M","?","?","M","?","R","?","R","T","R","?","M","$","?","R","BOSS","M","?","?","?","$","R","E"],"items_purchased_type":["Card","Relic","Card","Relic"],"build_version":"2020-12-22","purchased_purges":1,"victory":false,"max_hp_per_floor":[68,68,68,68,68,68,68,68,68,68,68,70,70,70,70,70,70,70,72,72,72,72,72,72,72],"card_choices":[{"not_picked":["Cold Snap","Aggregate"],"picked":"Hologram","floor":1.0},{"not_picked":["White Noise","Melter"],"picked":"Gash","floor":4.0},{"not_picked":["FTL","Fusion"],"picked":"Doom and Gloom","floor":7.0},{"not_picked":["Compile Driver","Fusion","Hologram"],"picked":"Singing Bowl","floor":12.0},{"not_picked":["Storm","Melter"],"picked":"Reinforced Body","floor":14.0},{"not_picked":["Fission","Core Surge"],"picked":"Buffer","floor":16},{"not_picked":["Stack+1","Beam Cell+1"],"picked":"Gash","floor":18},{"not_picked":["Beam Cell+1","Tempest+1","Redo"],"picked":"Singing Bowl","floor":19}],"player_experience":408913,"relics_obtained":[{"floor":2.0,"key":"Lantern"},{"floor":7.0,"key":"WingedGreaves"},{"floor":9.0,"key":"Singing Bowl"}],"event_choices":[{"damage_healed":0.0,"max_hp_gain":0.0,"max_hp_loss":0.0,"gold_gain":0.0,"event_name":"Golden Wing","player_choice":"Ignored","floor":5.0,"gold_loss":0.0,"damage_taken":0.0},{"damage_healed":0.0,"max_hp_gain":0.0,"max_hp_loss":0.0,"gold_gain":0.0,"event_name":"Dead Adventurer","player_choice":"Searched \u00271\u0027 times","floor":7.0,"gold_loss":0.0,"damage_taken":0.0},{"cards_removed":["Strike_B"],"damage_healed":0.0,"max_hp_gain":0.0,"max_hp_loss":0.0,"gold_gain":0.0,"event_name":"Purifier","player_choice":"Purged","floor":11.0,"gold_loss":0.0,"damage_taken":0.0},{"damage_healed":0,"gold_gain":0,"player_choice":"Copied","damage_taken":0,"max_hp_gain":0,"max_hp_loss":0,"event_name":"Duplicator","floor":21,"gold_loss":0,"cards_obtained":["Gash"]}],"is_beta":false,"boss_relics":[{"not_picked":["SacredBark","Velvet Choker"],"picked":"Philosopher\u0027s Stone"}],"items_purged_floors":[13],"is_endless":false,"potions_floor_spawned":[7,14,18],"killed_by":"Slavers","ascension_level":12}}