{"host":"7hyhwvsa82ta6oxf","time":1613270305,"event":{"mods":["2.2 Compatiblity","ATMod(阿瑾Mod)","Act Like it!","AlwaysNeverKeys","Arknights","BaseMod","Better Vampires","Downfall","Friendly Minions","Good Game Mod","Minty Spire (QoL Compilation)","MostiFishMod","READ ME - Guardian Mod","Spicy Shops","StSLib","Td1madao Mod","TestMod","UnlockEverythingMod","Waifu the Spire","WarShipGirlsR/战舰少女R mod","Yuri Mod","【功能Mod】混沌之环修复补丁","残留之物"],"gold_per_floor":[109,119,139,139,207,207,207,207,207],"floor_reached":7,"language":"ZHS","playtime":290,"items_purged":[],"score":41,"play_id":"03570383-1476-4de3-9221-dd0c313e22f0","local_time":"20210214103825","is_ascension_mode":false,"campfire_choices":[{"data":"champ:IronFortress","floor":6,"key":"SMITH"}],"circlet_count":0,"master_deck":["champ:Strike","champ:Strike","champ:Strike","champ:Strike","champ:Defend","champ:Defend","champ:Defend","champ:Defend","champ:Execute","champ:Taunt","AT_LightSaberMaster","champ:HeavySlash","champ:FancyFootwork","champ:HeartStrike","champ:IronFortress+1","AT_LightSaberMaster"],"relics":["champ:ChampionCrown","testmod-TestBox","DaveBox","REME:ComplimentaryCards","AT_ATBox","Nloth\u0027s Gift","testmod-IWantAll","SynthV:TestCard","Pear"],"acts_visited":["Exordium"],"potions_floor_usage":[],"damage_taken":[{"damage":17,"enemies":"Small Slimes","floor":1,"turns":4},{"damage":18,"enemies":"Cultist","floor":2,"turns":6},{"damage":36,"enemies":"ats:Genji","floor":3,"turns":5},{"damage":81,"enemies":"Gremlin Nob","floor":7,"turns":6}],"seed_played":"8148496322157371185","potions_obtained":[{"floor":2,"key":"PlaceholderMod:PlaceholderPotion"}],"is_trial":false,"path_per_floor":["M","M","M","?","T","R","E"],"character_chosen":"THE_CHAMP","items_purchased":[],"campfire_rested":0,"item_purchase_floors":[],"current_hp_per_floor":[83,75,59,59,69,69,0,0,0],"gold":207,"neow_bonus":"ONE_RANDOM_RARE_CARD","is_daily":false,"chose_seed":false,"campfire_upgraded":1,"win_rate":0.0,"timestamp":1613270305,"path_taken":["M","M","M","?","?","R","E"],"items_purchased_type":[],"build_version":"2020-12-22","purchased_purges":0,"victory":false,"max_hp_per_floor":[90,90,90,90,100,100,100,100,100],"card_choices":[{"not_picked":["champ:FaceSlap","champ:BladeFlurry"],"picked":"champ:FancyFootwork","floor":1},{"not_picked":["champ:ShieldSigil","champ:FancyFootwork","champ:Haymaker","champ:HeavySlash"],"picked":"champ:HeartStrike","floor":2},{"not_picked":["champ:StanceDance","champ:TornadoPunch","champ:BerserkerStyle","champ:AdrenalArmor"],"picked":"champ:IronFortress","floor":3}],"player_experience":289420,"relics_obtained":[{"floor":1,"key":"SynthV:TestCard"},{"floor":5,"key":"Pear"}],"event_choices":[],"is_beta":false,"boss_relics":[],"items_purged_floors":[],"is_endless":false,"potions_floor_spawned":[2],"killed_by":"Gremlin Nob","ascension_level":0}}