{"host":"dscols65uipasqd2","time":1613268147,"event":{"mods":["2.2 Compatiblity","AchievementEnabler","Aspiration","BaseMod","Colored Powertips","Downfall","Energized Spire","GifTheSpireLib","Hermit","Hubris","Infinite Spire","JesterMod","Jorbs\u0027s Wanderer Trilogy","Marisa????????","Minty Spire (QoL Compilation)","Rare Cards Sparkle","Replay The Spire","StSLib","Stuff the Spire","The Cursed","The Disciple","The Hierophant","The Judge","The Jungle","The Runesmith","TheFirefly"],"gold_per_floor":[99,111,125,125,125,125,125,135,150,178,204,4,22,38,48,147,147,147,165,176,4,4,4,51,65,85,101,101,1,1,11,21,125,125,125,143,243,266,281,296,321,321,353,371,390,390,415,415,427,427,427,458,68,68,68,68],"floor_reached":57,"language":"ENG","playtime":5394,"items_purged":[],"score":1803,"play_id":"3393b5b3-e62b-4f64-9078-e3b6dcf53833","local_time":"20210213210227","is_ascension_mode":true,"campfire_choices":[{"floor":1,"key":"RECALL"},{"floor":12,"key":"REST"},{"floor":23,"key":"REST"},{"floor":29,"key":"REST"},{"data":"StuffTheSpire:Vigor","floor":35,"key":"SMITH"},{"data":"StuffTheSpire:Vigor","floor":46,"key":"SMITH"},{"data":"ReplayTheSpireMod:Chaos Vortex","floor":54,"key":"SMITH"}],"circlet_count":0,"master_deck":["sneckomod:Strike","sneckomod:Strike","sneckomod:Strike","sneckomod:Defend","sneckomod:Defend","sneckomod:Defend","sneckomod:TailWhip","sneckomod:SnekBite+1","sneckomod:Unknown","sneckomod:Unknown","sneckomod:UnknownClassWANDERER_GRAY_COLOR","sneckomod:UnknownRareAttack","StuffTheSpire:Vigor+1","sneckomod:Unknown2Cost","sneckomod:UnknownRarePower","sneckomod:Unknown0Cost","sneckomod:UnknownClassRED","sneckomod:UnknownClassDEFAULT_GRAY_COLOR","sneckomod:SerpentIdol","sneckomod:UnknownClassPURPLE+1","sneckomod:UnlimitedRolls","Slimebound:RainOfGoop","sneckomod:UnknownClassHEXA_GHOST_PURPLE","sneckomod:UnknownClassTHE_CHAMP_GRAY","sneckomod:Unknown3Cost","StuffTheSpire:Vigor+1","sneckomod:UnknownClassSLIMEBOUND+1","sneckomod:SnakeSap","sneckomod:UnknownClassPURPLE","ReplayTheSpireMod:Chaos Vortex+1","sneckomod:UnknownClassTHE_BRONZE_AUTOMATON","sneckomod:UnknownClassTHE_CURSED_PURPLE+1","sneckomod:UnknownBoss","sneckomod:Unknown1Cost+1","infinitespire:Fortify","sneckomod:UnknownClassRED","sneckomod:IronFang","sneckomod:SnakeSap","ReplayTheSpireMod:Book of Names","infinitespire:Execution","sneckomod:SoulCleanse","sneckomod:SoulCleanse+1","sneckomod:Unknown1Cost","sneckomod:UnknownClassHIEROPHANT_GOLD_COLOR+1","sneckomod:UnknownClassRUNESMITH_BEIGE+1","sneckomod:UnknownClassHEXA_GHOST_PURPLE+1","expansioncontent:QuickStudy"],"relics":["sneckomod:SneckoSoul","Dead Branch","Replay:Bottled Snecko","downfall:HeartBlessingRed","downfall:HeartBlessingGreen","hubris:Backtick","infinitespire:CursedDice","DollysMirror","Ring of Fury","downfall:HeartBlessingBlue","Orichalcum","hubris:BlackHole","Busted Crown","Unceasing Top","PreservedInsect","hubris:SlimyHat","StuffTheSpire:Nightcore","aspiration:RitualDagger","StuffTheSpire:Gunfinga","StuffTheSpire:Expresso","StuffTheSpire:GreaterSneckoEye","Anchor","Sling"],"acts_visited":["Exordium","TheCity","TheBeyond","TheEnding"],"potions_floor_usage":[15,16,16,16,20,25,27,33,37,39,55,56],"damage_taken":[{"damage":0,"enemies":"2 Louse","floor":2,"turns":2},{"damage":5,"enemies":"Small Slimes","floor":3,"turns":4},{"damage":3,"enemies":"Jaw Worm","floor":8,"turns":2},{"damage":0,"enemies":"Red Slaver","floor":9,"turns":3},{"damage":31,"enemies":"3 Sentries","floor":10,"turns":5},{"damage":3,"enemies":"Blue Slaver","floor":11,"turns":3},{"damage":1,"enemies":"2 Fungi Beasts","floor":13,"turns":2},{"damage":11,"enemies":"Exordium Wildlife","floor":14,"turns":3},{"damage":15,"enemies":"3 Louse","floor":15,"turns":2},{"damage":0,"enemies":"WA_ARCHETYPE_RETAIN","floor":16,"turns":4},{"damage":2,"enemies":"Spheric Guardian","floor":19,"turns":3},{"damage":36,"enemies":"3 Byrds","floor":20,"turns":4},{"damage":2,"enemies":"downfall:FleeingMerchant","floor":21,"turns":4},{"damage":0,"enemies":"Cultist and Chosen","floor":25,"turns":4},{"damage":42,"enemies":"Shelled Parasite and Fungi","floor":26,"turns":4},{"damage":8,"enemies":"Centurion and Healer","floor":27,"turns":6},{"damage":0,"enemies":"3 Cultists","floor":31,"turns":1},{"damage":0,"enemies":"Snake Plant","floor":32,"turns":1},{"damage":0,"enemies":"SI_MIRROR_ARCHETYPE","floor":33,"turns":1},{"damage":0,"enemies":"3 Shapes","floor":36,"turns":1},{"damage":0,"enemies":"infinitespire:Three Voidlings","floor":37,"turns":1},{"damage":31,"enemies":"Nightmare_Alpha","floor":37,"turns":6},{"damage":0,"enemies":"3 Darklings","floor":39,"turns":1},{"damage":0,"enemies":"Spire Growth","floor":40,"turns":1},{"damage":3,"enemies":"Giant Head","floor":43,"turns":1},{"damage":55,"enemies":"Transient","floor":44,"turns":1},{"damage":3,"enemies":"Maw","floor":45,"turns":2},{"damage":3,"enemies":"Reptomancer","floor":47,"turns":1},{"damage":7,"enemies":"4 Shapes","floor":49,"turns":1},{"damage":4,"enemies":"IC_BLOCK_ARCHETYPE","floor":50,"turns":1},{"damage":3,"enemies":"downfall:CharBossMerchant","floor":52,"turns":1},{"damage":3,"enemies":"downfall:NeowBoss","floor":55,"turns":3},{"damage":30,"enemies":"downfall:NeowBossFinal","floor":56,"turns":3}],"seed_played":"2913896889449777392","potions_obtained":[{"floor":10,"key":"champ:CounterPotion"},{"floor":11,"key":"AttackPotion"},{"floor":14,"key":"Adrenaline Potion"},{"floor":15,"key":"Strength Potion"},{"floor":16,"key":"Weak Potion"},{"floor":20,"key":"Block Potion"},{"floor":25,"key":"Toxic Potion"},{"floor":27,"key":"SpeedPotion"},{"floor":32,"key":"ColorlessPotion"},{"floor":33,"key":"AttackPotion"},{"floor":37,"key":"sneckomod:DiceRollPotion"},{"floor":39,"key":"Fruit Juice"},{"floor":47,"key":"Regen Potion"}],"is_trial":false,"path_per_floor":["R","M","M","?","?","?","T","M","M","E","M","R","M","M","M","B",null,"R","M","M","$","?","R","T","M","M","M","?","R","AVR","M","M","B",null,"R","M","?","T","M","M","T","AVR","E","M","M","R","E","?","M","B",null,"E","$","R","B","B",null],"character_chosen":"THE_SNECKO","items_purchased":["DollysMirror","Sling","AttackPotion","expansioncontent:QuickStudy"],"campfire_rested":3,"item_purchase_floors":[21,53,53,53],"current_hp_per_floor":[90,90,85,85,73,73,73,70,70,39,36,63,62,51,36,36,77,77,75,39,49,49,76,76,76,40,32,32,72,72,75,75,75,92,92,92,66,66,71,71,71,71,68,102,99,99,96,76,69,80,97,94,94,94,99,72],"gold":68,"neow_bonus":"UPGRADE_CARD","is_daily":false,"chose_seed":false,"campfire_upgraded":3,"win_rate":0.0,"timestamp":1613268147,"path_taken":["R","M","M","?","?","?","T","M","M","E","M","R","M","M","M","BOSS","R","M","M","$","?","R","T","?","M","M","?","R","AVR","M","M","BOSS","R","M","?","?","M","M","T","AVR","E","M","M","R","E","?","M","BOSS","E","$","R","BOSS","BOSS"],"items_purchased_type":["Relic","Relic","Potion","Card"],"build_version":"2020-12-22","purchased_purges":0,"victory":true,"max_hp_per_floor":[90,90,90,90,90,90,90,90,90,90,90,90,90,90,90,90,90,90,90,90,90,90,90,90,90,90,90,90,100,100,97,97,97,97,97,97,97,97,102,102,102,102,102,102,102,102,102,102,102,102,102,102,102,102,99,99],"card_choices":[{"not_picked":["sneckomod:UnknownClassWORDO_MOD_COLOR","sneckomod:UnknownUncommonPower"],"picked":"sneckomod:UnknownClassWANDERER_GRAY_COLOR","floor":2},{"not_picked":["sneckomod:UnknownClassTHE_BRONZE_AUTOMATON","sneckomod:UnknownClassRED"],"picked":"sneckomod:UnknownClassSLIMEBOUND","floor":3},{"not_picked":["StuffTheSpire:Rapture","StuffTheSpire:Innocence"],"picked":"StuffTheSpire:Vigor","floor":6},{"not_picked":["sneckomod:UnknownUncommonPower","sneckomod:Unknown0Cost"],"picked":"sneckomod:Unknown2Cost","floor":8},{"not_picked":["sneckomod:PureSnecko","sneckomod:TrashToTreasure"],"picked":"sneckomod:UnknownRarePower","floor":9},{"not_picked":["sneckomod:PureSnecko","sneckomod:SerpentIdol"],"picked":"sneckomod:Unknown0Cost","floor":10},{"not_picked":["sneckomod:UnknownClassRUNESMITH_BEIGE","sneckomod:Nope"],"picked":"sneckomod:UnknownClassRED","floor":11},{"not_picked":["sneckomod:UnknownClassRUNESMITH_BEIGE","sneckomod:SerpentMind"],"picked":"sneckomod:UnknownClassDEFAULT_GRAY_COLOR","floor":13},{"not_picked":["sneckomod:Rotation","sneckomod:UnknownClassHIEROPHANT_GOLD_COLOR"],"picked":"sneckomod:SerpentIdol","floor":14},{"not_picked":["sneckomod:UnknownClassFIREFLY_COLOR","sneckomod:SoulRoll"],"picked":"sneckomod:UnknownClassPURPLE","floor":15},{"not_picked":["sneckomod:DangerNoodle","sneckomod:UnknownRareSkill"],"picked":"sneckomod:UnlimitedRolls","floor":16},{"not_picked":["sneckomod:UnknownStrength","sneckomod:QuickMove"],"picked":"sneckomod:UnknownClassHEXA_GHOST_PURPLE","floor":19},{"not_picked":["sneckomod:WideSting","sneckomod:UnknownUncommonPower"],"picked":"sneckomod:UnknownClassTHE_CHAMP_GRAY","floor":20},{"not_picked":["sneckomod:UnknownClassRED","sneckomod:UnknownExhaust"],"picked":"sneckomod:Unknown3Cost","floor":21},{"not_picked":["sneckomod:UnknownVulnerable","sneckomod:UnknownClassHIEROPHANT_GOLD_COLOR"],"picked":"sneckomod:UnknownClassSLIMEBOUND+1","floor":25},{"not_picked":["sneckomod:Unknown1Cost","sneckomod:UnknownClassDEFAULT_GRAY_COLOR"],"picked":"sneckomod:SnakeSap","floor":26},{"not_picked":["sneckomod:UnknownClassTHE_CHAMP_GRAY","sneckomod:DiceBoulder"],"picked":"sneckomod:UnknownClassPURPLE","floor":27},{"not_picked":["sneckomod:UnknownClassDEFAULT_GRAY_COLOR","sneckomod:GlitteringGambit"],"picked":"sneckomod:UnknownClassTHE_BRONZE_AUTOMATON","floor":31},{"not_picked":["sneckomod:RainOfDice","sneckomod:TrashToTreasure"],"picked":"sneckomod:UnknownClassTHE_CURSED_PURPLE+1","floor":32},{"not_picked":["sneckomod:SerpentMind","sneckomod:GlitteringGambit"],"picked":"sneckomod:UnknownBoss","floor":33},{"not_picked":[],"picked":"sneckomod:Unknown1Cost+1","floor":36},{"not_picked":["infinitespire:Starlight","infinitespire:Menacing"],"picked":"infinitespire:Fortify","floor":37},{"not_picked":[],"picked":"sneckomod:UnknownClassRED","floor":37},{"not_picked":[],"picked":"sneckomod:IronFang","floor":39},{"not_picked":[],"picked":"sneckomod:SnakeSap","floor":40},{"not_picked":[],"picked":"sneckomod:SoulCleanse","floor":43},{"not_picked":[],"picked":"sneckomod:SoulCleanse+1","floor":44},{"not_picked":[],"picked":"sneckomod:Unknown1Cost","floor":45},{"not_picked":[],"picked":"sneckomod:UnknownClassHIEROPHANT_GOLD_COLOR+1","floor":47},{"not_picked":[],"picked":"sneckomod:UnknownClassRUNESMITH_BEIGE+1","floor":49},{"not_picked":[],"picked":"sneckomod:UnknownClassHEXA_GHOST_PURPLE+1","floor":52}],"player_experience":638210,"relics_obtained":[{"floor":7,"key":"Dead Branch"},{"floor":10,"key":"Replay:Bottled Snecko"},{"floor":28,"key":"Ring of Fury"},{"floor":37,"key":"Unceasing Top"},{"floor":38,"key":"PreservedInsect"},{"floor":41,"key":"hubris:SlimyHat"},{"floor":43,"key":"StuffTheSpire:Gunfinga"},{"floor":47,"key":"StuffTheSpire:Expresso"},{"floor":48,"key":"StuffTheSpire:GreaterSneckoEye"},{"floor":52,"key":"Anchor"}],"event_choices":[{"damage_healed":0,"gold_gain":0,"player_choice":"Success","damage_taken":12,"relics_obtained":["Gremlin Food"],"max_hp_gain":0,"max_hp_loss":0,"event_name":"Scrap Ooze","floor":5,"gold_loss":0}],"is_beta":false,"boss_relics":[{"not_picked":["Cursed Key","sneckomod:SuperSneckoSoul"],"picked":"hubris:Backtick"},{"not_picked":["energizedSpire:NeverEndingSparkler","Kintsugi"],"picked":"Busted Crown"}],"items_purged_floors":[],"is_endless":false,"potions_floor_spawned":[10,11,14,15,16,20,25,27,32,33,37,39,47,49,52],"ascension_level":5}}