{"host":"ELF","time":1613311953,"event":{"mods":["BaseMod","Bestiary","Minty Spire (QoL Compilation)","Relic Stats","Slay the Relics Exporter"],"gold_per_floor":[111,128,128,147,166,199,26,53,53,388,388,399,430,451,451,528,528,541,36,36,36,36,68,86,86,110,110,143,158,174,224,224,299,299,318,318,336,5,23,23,55,55,55,55,89,0,25,39,39,39,39,39,39,67,67],"floor_reached":56,"language":"ENG","playtime":4021,"items_purged":["Defend_R"],"score":2448,"play_id":"0964140e-f802-4399-a994-4b2f6e984681","local_time":"20210214081233","is_ascension_mode":true,"campfire_choices":[{"data":"Seeing Red","floor":11,"key":"SMITH"},{"data":"Shrug It Off","floor":15,"key":"SMITH"},{"data":"Limit Break","floor":25,"key":"SMITH"},{"floor":27,"key":"REST"},{"floor":32,"key":"RECALL"},{"data":"Seeing Red","floor":40,"key":"SMITH"},{"data":"Magnetism","floor":42,"key":"SMITH"},{"data":"Secret Technique","floor":44,"key":"SMITH"},{"floor":49,"key":"DIG"},{"floor":52,"key":"DIG"}],"circlet_count":0,"master_deck":["AscendersBane","Strike_R+1","Strike_R+1","Strike_R+1","Strike_R+1","Defend_R+1","Defend_R+1","Defend_R+1","Bash","Perfected Strike","Twin Strike","Cleave","Twin Strike","Perfected Strike","Perfected Strike","Seeing Red+1","Shrug It Off+1","Wild Strike","Limit Break+1","Flame Barrier+1","Dark Embrace+1","True Grit+1","Decay","Wild Strike","Intimidate","Exhume","Spot Weakness","Dark Shackles+1","Secret Technique+1","Magnetism+1","Seeing Red+1","Feel No Pain+1","Battle Trance","Warcry+1","Fire Breathing"],"relics":["Burning Blood","CaptainsWheel","Bag of Preparation","Orichalcum","Incense Burner","Dead Branch","Old Coin","PreservedInsect","Odd Mushroom","Cursed Key","Oddly Smooth Stone","Singing Bowl","Nilry\u0027s Codex","FossilizedHelix","Omamori","Question Card","Coffee Dripper","Bird Faced Urn","Nunchaku","Smiling Mask","Red Mask","Shovel","War Paint","Paper Frog","Bottled Tornado"],"acts_visited":["Exordium","TheCity","TheBeyond","TheEnding"],"potions_floor_usage":[8,13,16,23,28,29,33,47,50],"damage_taken":[{"damage":7,"enemies":"2 Louse","floor":1,"turns":4},{"damage":1,"enemies":"Cultist","floor":2,"turns":3},{"damage":2,"enemies":"Jaw Worm","floor":4,"turns":4},{"damage":0,"enemies":"Large Slime","floor":5,"turns":4},{"damage":14,"enemies":"Gremlin Nob","floor":6,"turns":4},{"damage":0,"enemies":"Lagavulin","floor":8,"turns":2},{"damage":8,"enemies":"3 Sentries","floor":10,"turns":6},{"damage":5,"enemies":"Looter","floor":12,"turns":2},{"damage":2,"enemies":"Gremlin Nob","floor":13,"turns":3},{"damage":3,"enemies":"The Mushroom Lair","floor":14,"turns":4},{"damage":35,"enemies":"Hexaghost","floor":16,"turns":11},{"damage":0,"enemies":"Spheric Guardian","floor":18,"turns":1},{"damage":11,"enemies":"Book of Stabbing","floor":23,"turns":4},{"damage":0,"enemies":"3 Byrds","floor":24,"turns":6},{"damage":6,"enemies":"Slavers","floor":28,"turns":7},{"damage":0,"enemies":"Centurion and Healer","floor":29,"turns":9},{"damage":0,"enemies":"3 Cultists","floor":30,"turns":5},{"damage":28,"enemies":"Automaton","floor":33,"turns":10},{"damage":0,"enemies":"Orb Walker","floor":35,"turns":2},{"damage":0,"enemies":"3 Darklings","floor":37,"turns":6},{"damage":0,"enemies":"Jaw Worm Horde","floor":39,"turns":2},{"damage":25,"enemies":"Giant Head","floor":41,"turns":6},{"damage":41,"enemies":"Reptomancer","floor":45,"turns":5},{"damage":0,"enemies":"Nemesis","floor":47,"turns":3},{"damage":1,"enemies":"Sphere and 2 Shapes","floor":48,"turns":5},{"damage":40,"enemies":"Time Eater","floor":50,"turns":9},{"damage":25,"enemies":"Shield and Spear","floor":54,"turns":9},{"damage":69,"enemies":"The Heart","floor":55,"turns":10}],"seed_played":"-8961952856824153873","potions_obtained":[{"floor":1,"key":"Swift Potion"},{"floor":5,"key":"SneckoOil"},{"floor":13,"key":"DuplicationPotion"},{"floor":14,"key":"AttackPotion"},{"floor":16,"key":"Block Potion"},{"floor":24,"key":"Ancient Potion"},{"floor":28,"key":"EssenceOfSteel"},{"floor":29,"key":"GamblersBrew"},{"floor":33,"key":"BlessingOfTheForge"},{"floor":45,"key":"Fruit Juice"},{"floor":47,"key":"FearPotion"}],"is_trial":false,"path_per_floor":["M","M","?","M","M","E","$","E","T","E","R","M","E","?","R","B",null,"M","$","?","?","$","E","M","R","T","R","E","M","M","?","R","B",null,"M","?","M","$","M","R","E","R","T","R","E","?","E","M","R","B",null,"R","$","E","B",null],"character_chosen":"IRONCLAD","items_purchased":["Orichalcum","Oddly Smooth Stone","Singing Bowl","Bird Faced Urn"],"campfire_rested":1,"item_purchase_floors":[7,19,19,38],"current_hp_per_floor":[49,54,54,58,64,56,56,62,62,60,60,61,65,68,68,39,66,72,72,51,51,51,46,52,52,52,74,76,77,77,77,77,55,72,77,67,73,73,79,79,60,60,60,60,37,37,50,61,61,45,76,76,76,77,38],"gold":67,"neow_bonus":"ONE_RARE_RELIC","is_daily":false,"chose_seed":false,"campfire_upgraded":6,"win_rate":0.0,"timestamp":1613311953,"path_taken":["M","M","?","M","?","E","$","E","T","E","R","M","E","?","R","BOSS","M","$","?","?","$","E","M","R","T","R","E","M","M","?","R","BOSS","M","?","M","$","M","R","E","R","T","R","E","?","E","M","R","BOSS","R","$","E","BOSS"],"items_purchased_type":["Relic","Relic","Relic","Relic"],"build_version":"2020-12-18","purchased_purges":1,"victory":true,"max_hp_per_floor":[75,75,75,75,75,75,75,75,75,75,75,75,75,75,75,75,75,75,75,75,75,75,75,75,75,75,75,77,77,77,77,77,77,77,77,77,77,77,79,79,79,79,79,79,81,81,86,86,86,86,86,86,86,86,86],"relic_stats":{"Singing Bowl":6,"counters":[28,146],"Dead Branch":[266],"PreservedInsect":401,"Bag of Preparation":[46],"Orichalcum":[150],"War Paint":["Dark Shackles","Flame Barrier"],"Cursed Key":2,"Question Card":14,"Smiling Mask":0,"Burning Blood":154,"Nunchaku":[9],"Shovel":2,"Bird Faced Urn":[80],"obtain_stats":[{"Singing Bowl":19,"Nilry\u0027s Codex":20,"Bag of Preparation":6,"Incense Burner":8,"Bottled Tornado":54,"Cursed Key":17,"Smiling Mask":45,"Burning Blood":0,"Old Coin":10,"Nunchaku":41,"Shovel":47,"Red Mask":46,"Paper Frog":52,"Dead Branch":9,"Oddly Smooth Stone":19,"PreservedInsect":13,"Omamori":26,"Orichalcum":7,"Odd Mushroom":14,"War Paint":49,"Question Card":28,"CaptainsWheel":0,"Bird Faced Urn":38,"Coffee Dripper":34,"FossilizedHelix":23},{"Singing Bowl":12,"Nilry\u0027s Codex":12,"Bag of Preparation":5,"Incense Burner":6,"Bottled Tornado":27,"Cursed Key":11,"Smiling Mask":23,"Burning Blood":0,"Old Coin":7,"Nunchaku":22,"Shovel":24,"Red Mask":23,"Paper Frog":26,"Dead Branch":6,"Oddly Smooth Stone":12,"PreservedInsect":9,"Omamori":14,"Orichalcum":5,"Odd Mushroom":10,"War Paint":25,"Question Card":15,"CaptainsWheel":0,"Bird Faced Urn":20,"Coffee Dripper":18,"FossilizedHelix":13},{"Singing Bowl":48,"Nilry\u0027s Codex":48,"Bag of Preparation":19,"Incense Burner":21,"Bottled Tornado":136,"Cursed Key":47,"Smiling Mask":110,"Burning Blood":0,"Old Coin":27,"Nunchaku":105,"Shovel":113,"Red Mask":110,"Paper Frog":127,"Dead Branch":21,"Oddly Smooth Stone":48,"PreservedInsect":32,"Omamori":58,"Orichalcum":19,"Odd Mushroom":36,"War Paint":118,"Question Card":65,"CaptainsWheel":0,"Bird Faced Urn":97,"Coffee Dripper":89,"FossilizedHelix":52}]},"card_choices":[{"not_picked":["Rupture","Sword Boomerang"],"picked":"Perfected Strike","floor":1},{"not_picked":["Rage","Anger"],"picked":"Twin Strike","floor":2},{"not_picked":["Heavy Blade","Sword Boomerang"],"picked":"Cleave","floor":4},{"not_picked":["Anger","Armaments"],"picked":"Twin Strike","floor":5},{"not_picked":["True Grit","Fiend Fire"],"picked":"Perfected Strike","floor":6},{"not_picked":["Dual Wield","Bloodletting"],"picked":"Perfected Strike","floor":8},{"not_picked":["Headbutt","Anger"],"picked":"Seeing Red","floor":10},{"not_picked":["Armaments","Cleave"],"picked":"Shrug It Off","floor":12},{"not_picked":["Disarm","Dual Wield"],"picked":"Wild Strike","floor":13},{"not_picked":["Bludgeon","Brutality"],"picked":"Limit Break","floor":16},{"not_picked":["Thunderclap","Sword Boomerang"],"picked":"Flame Barrier","floor":18},{"not_picked":["Cleave","Exhume"],"picked":"Dark Embrace+1","floor":23},{"not_picked":["Havoc","Clash"],"picked":"True Grit+1","floor":24},{"not_picked":["Entrench","Spot Weakness","Body Slam"],"picked":"Singing Bowl","floor":28},{"not_picked":["Havoc","Ghostly Armor","Perfected Strike"],"picked":"Wild Strike","floor":29},{"not_picked":["Pummel","Spot Weakness","Anger"],"picked":"Intimidate","floor":30},{"not_picked":["Reaper","Bludgeon","Immolate"],"picked":"Exhume","floor":33},{"not_picked":["Sever Soul","Perfected Strike","Flex"],"picked":"Spot Weakness","floor":35},{"not_picked":["Madness","Secret Technique","Secret Weapon"],"picked":"Dark Shackles","floor":36},{"not_picked":["Metamorphosis","Discovery","Forethought"],"picked":"Secret Technique","floor":36},{"not_picked":["Metamorphosis","HandOfGreed","Dark Shackles"],"picked":"Magnetism","floor":36},{"not_picked":["True Grit","Clothesline","Rampage"],"picked":"Seeing Red","floor":37},{"not_picked":["Bloodletting","Ghostly Armor","Sword Boomerang","Iron Wave"],"picked":"Singing Bowl","floor":39},{"not_picked":["Anger+1","Feed","Burning Pact"],"picked":"Feel No Pain+1","floor":41},{"not_picked":["Armaments","Feel No Pain","Sword Boomerang+1","Second Wind"],"picked":"Singing Bowl","floor":45},{"not_picked":["Anger","Headbutt+1","Combust+1"],"picked":"Battle Trance","floor":47},{"not_picked":["Clothesline","Uppercut","Anger"],"picked":"Warcry+1","floor":48},{"not_picked":["Clash","Sentinel","Combust+1"],"picked":"Fire Breathing","floor":54}],"player_experience":3442477,"relics_obtained":[{"floor":6,"key":"Bag of Preparation"},{"floor":8,"key":"Incense Burner"},{"floor":9,"key":"Dead Branch"},{"floor":10,"key":"Old Coin"},{"floor":13,"key":"PreservedInsect"},{"floor":14,"key":"Odd Mushroom"},{"floor":20,"key":"Nilry\u0027s Codex"},{"floor":23,"key":"FossilizedHelix"},{"floor":26,"key":"Omamori"},{"floor":28,"key":"Question Card"},{"floor":41,"key":"Nunchaku"},{"floor":45,"key":"Smiling Mask"},{"floor":47,"key":"Shovel"},{"floor":49,"key":"War Paint"},{"floor":52,"key":"Paper Frog"},{"floor":54,"key":"Bottled Tornado"}],"event_choices":[{"cards_removed":["Strike_R"],"damage_healed":0,"gold_gain":0,"player_choice":"Purged","damage_taken":0,"max_hp_gain":0,"max_hp_loss":0,"event_name":"Purifier","floor":3,"gold_loss":0},{"damage_healed":0,"gold_gain":0,"player_choice":"Fought Mushrooms","damage_taken":0,"max_hp_gain":0,"max_hp_loss":0,"event_name":"Mushrooms","floor":14,"gold_loss":0},{"damage_healed":0,"gold_gain":0,"player_choice":"Obtained Book","damage_taken":21,"max_hp_gain":0,"max_hp_loss":0,"event_name":"Cursed Tome","floor":20,"gold_loss":0},{"damage_healed":0,"gold_gain":0,"player_choice":"Simplicity","damage_taken":0,"max_hp_gain":0,"max_hp_loss":0,"event_name":"Back to Basics","floor":21,"gold_loss":0,"cards_upgraded":["Strike_R","Strike_R","Strike_R","Strike_R","Defend_R","Defend_R","Defend_R"]},{"damage_healed":0,"gold_gain":50,"player_choice":"Stole From Cult","damage_taken":0,"max_hp_gain":0,"max_hp_loss":0,"event_name":"Nest","floor":31,"gold_loss":0},{"damage_healed":0,"gold_gain":0,"player_choice":"Memory 3","damage_taken":10,"max_hp_gain":0,"max_hp_loss":0,"event_name":"SensoryStone","floor":36,"gold_loss":0},{"damage_healed":0,"gold_gain":0,"player_choice":"Paid","damage_taken":0,"relics_obtained":["Red Mask"],"max_hp_gain":0,"max_hp_loss":0,"event_name":"Tomb of Lord Red Mask","floor":46,"gold_loss":89}],"is_beta":true,"boss_relics":[{"not_picked":["Runic Pyramid","Empty Cage"],"picked":"Cursed Key"},{"not_picked":["Fusion Hammer","SlaversCollar"],"picked":"Coffee Dripper"}],"items_purged_floors":[19],"is_endless":false,"potions_floor_spawned":[1,5,6,13,14,16,24,28,29,33,35,45,47],"ascension_level":19}}