{"host":"8b9ba58w9pmbqmpe","time":1613269781,"event":{"mods":["BaseMod","Downfall","Minty Spire (QoL Compilation)","StSLib"],"gold_per_floor":[117,134,59,70,170,195,210,230,230,242,242,213,228,228,244,244,348,348,361,378,76,76,8,8,22,36,59,59,59,59,72,72,24,24,24],"floor_reached":34,"language":"ENG","playtime":1723,"items_purged":["Strike_G","Strike_G"],"score":256,"play_id":"e4811435-541f-45e0-8ad2-84fd3dd7a81f","local_time":"20210214032941","is_ascension_mode":false,"campfire_choices":[{"floor":11,"key":"REST"},{"floor":16,"key":"REST"},{"floor":24,"key":"REST"}],"circlet_count":0,"master_deck":["Defend_G","Defend_G","Defend_G","Defend_G","Survivor","Neutralize","Acrobatics","Dagger Throw","Crippling Poison","Dagger Spray","Terror+1","Crippling Poison+1","Dagger Spray","Grand Finale","Distraction+1","Distraction+1","Acrobatics+1","Noxious Fumes","Acrobatics+1","Prepared+1","Prepared+1","Decay","Prepared+1"],"relics":["Ring of the Snake","Bronze Scales","Toxic Egg 2","Blue Candle","Empty Cage","TwistedFunnel","Vajra","Bottled Tornado"],"acts_visited":["Exordium","TheCity"],"potions_floor_usage":[17,17,26],"damage_taken":[{"damage":2,"enemies":"Small Slimes","floor":1,"turns":5},{"damage":6,"enemies":"Cultist","floor":2,"turns":3},{"damage":3,"enemies":"Jaw Worm","floor":4,"turns":4},{"damage":42,"enemies":"Gremlin Nob","floor":6,"turns":6},{"damage":10,"enemies":"Blue Slaver","floor":7,"turns":3},{"damage":2,"enemies":"3 Louse","floor":8,"turns":3},{"damage":0,"enemies":"Looter","floor":10,"turns":4},{"damage":8,"enemies":"Large Slime","floor":13,"turns":3},{"damage":4,"enemies":"2 Fungi Beasts","floor":15,"turns":2},{"damage":43,"enemies":"Slime Boss","floor":17,"turns":10},{"damage":22,"enemies":"Shell Parasite","floor":19,"turns":4},{"damage":10,"enemies":"Chosen","floor":20,"turns":5},{"damage":22,"enemies":"Sentry and Sphere","floor":25,"turns":4},{"damage":17,"enemies":"Centurion and Healer","floor":26,"turns":5},{"damage":4,"enemies":"Colosseum Slavers","floor":29,"turns":3},{"damage":6,"enemies":"Cultist and Chosen","floor":31,"turns":4},{"damage":16,"enemies":"Snake Plant","floor":34,"turns":2}],"seed_played":"-5170706239604753069","potions_obtained":[{"floor":6,"key":"PowerPotion"},{"floor":8,"key":"Energy Potion"},{"floor":10,"key":"FairyPotion"},{"floor":13,"key":"Block Potion"},{"floor":26,"key":"Fruit Juice"}],"is_trial":false,"path_per_floor":["M","M","$","M","?","E","M","M","T","M","R","?","M","T","M","R","B",null,"M","M","$","?","$","R","M","M","T","T","?","R","M","?","$","M"],"character_chosen":"THE_SILENT","items_purchased":["TwistedFunnel","Acrobatics+1","Noxious Fumes","Prepared+1"],"campfire_rested":3,"item_purchase_floors":[21,21,23,33],"current_hp_per_floor":[68,62,62,59,59,17,7,5,5,5,26,26,18,18,14,35,14,70,48,38,38,38,38,59,37,25,25,25,21,21,15,15,15,0,0],"gold":24,"neow_bonus":"TRANSFORM_CARD","is_daily":false,"chose_seed":false,"campfire_upgraded":0,"win_rate":0.0,"timestamp":1613269781,"path_taken":["M","M","$","M","?","E","M","M","T","?","R","?","M","?","M","R","BOSS","M","M","$","?","$","R","M","M","T","T","?","R","M","?","$","M"],"items_purchased_type":["Relic","Card","Card","Card"],"build_version":"2020-12-22","purchased_purges":2,"victory":false,"max_hp_per_floor":[70,70,70,70,70,70,70,70,70,70,70,70,70,70,70,70,70,70,70,70,70,70,70,70,70,75,75,75,75,75,75,75,75,75,75],"card_choices":[{"not_picked":["Dodge and Roll","Bane"],"picked":"Dagger Throw","floor":1},{"not_picked":["Deadly Poison","Dagger Throw","Backflip"],"picked":"SKIP","floor":2},{"not_picked":["Bane","Quick Slash","Reflex"],"picked":"SKIP","floor":4},{"not_picked":["Cloak And Dagger","Bane"],"picked":"Crippling Poison","floor":6},{"not_picked":["Unload","Dodge and Roll","Accuracy"],"picked":"SKIP","floor":7},{"not_picked":["Flying Knee","Bane"],"picked":"Dagger Spray","floor":8},{"not_picked":["Quick Slash","Underhanded Strike"],"picked":"Terror+1","floor":10},{"not_picked":["Flechettes","Prepared+1"],"picked":"Crippling Poison+1","floor":13},{"not_picked":["Underhanded Strike","Dash"],"picked":"Dagger Spray","floor":15},{"not_picked":["A Thousand Cuts","Wraith Form v2"],"picked":"Grand Finale","floor":17},{"not_picked":["Dodge and Roll+1","Underhanded Strike"],"picked":"Distraction+1","floor":19},{"not_picked":["Finisher+1","Sucker Punch"],"picked":"Distraction+1","floor":20},{"not_picked":["Reflex+1","Flechettes"],"picked":"Acrobatics+1","floor":25},{"not_picked":["PiercingWail+1","Flying Knee+1"],"picked":"Prepared+1","floor":26},{"not_picked":["Dodge and Roll+1","Catalyst+1"],"picked":"Prepared+1","floor":31}],"player_experience":304442,"relics_obtained":[{"floor":6,"key":"Bronze Scales"},{"floor":9,"key":"Toxic Egg 2"},{"floor":14,"key":"Blue Candle"},{"floor":27,"key":"Vajra"},{"floor":28,"key":"Bottled Tornado"}],"event_choices":[{"damage_healed":0,"gold_gain":100,"player_choice":"Pray","damage_taken":0,"max_hp_gain":0,"max_hp_loss":0,"event_name":"Golden Shrine","floor":5,"gold_loss":0},{"damage_healed":0,"gold_gain":0,"player_choice":"Left Gold","damage_taken":0,"max_hp_gain":0,"max_hp_loss":0,"event_name":"World of Goop","floor":12,"gold_loss":29},{"cards_removed":["Defend_G"],"damage_healed":0,"gold_gain":0,"player_choice":"Elegance","damage_taken":0,"max_hp_gain":0,"max_hp_loss":0,"event_name":"Back to Basics","floor":22,"gold_loss":0},{"damage_healed":0,"gold_gain":0,"player_choice":"Fight","damage_taken":0,"max_hp_gain":0,"max_hp_loss":0,"event_name":"Colosseum","floor":29,"gold_loss":0},{"damage_healed":0,"gold_gain":0,"player_choice":"Fled From Nobs","damage_taken":0,"max_hp_gain":0,"max_hp_loss":0,"event_name":"Colosseum","floor":29,"gold_loss":0},{"damage_healed":0,"gold_gain":0,"player_choice":"Smashed Altar","damage_taken":0,"max_hp_gain":0,"max_hp_loss":0,"event_name":"Forgotten Altar","floor":32,"gold_loss":0,"cards_obtained":["Decay"]}],"is_beta":false,"boss_relics":[{"not_picked":["bronze:MakeshiftBattery","Ring of the Serpent"],"picked":"Empty Cage"}],"items_purged_floors":[3,21],"is_endless":false,"potions_floor_spawned":[6,8,10,13,26,29],"killed_by":"Snake Plant","ascension_level":0}}