{"host":"kk6i5v7sjcm8i50x","time":1613311291,"event":{"mods":["BaseMod","Bestiary","Colored Map","Downfall","Hubris","Minty Spire (QoL Compilation)","Reliquary","StSLib","The Saiyan"],"gold_per_floor":[117,135,197,197,197,222,238,18,18,18,32,49,49,68,68,167,167,185,196,246,53,70,104,31,31,55,84,84,110,20,40,40,40,40],"floor_reached":33,"language":"ENG","playtime":1338,"items_purged":["Regret"],"score":330,"play_id":"7fa510c4-a4c4-4d1a-ba93-b082319aeb43","local_time":"20210214090131","is_ascension_mode":false,"campfire_choices":[{"data":"Eviscerate","floor":13,"key":"SMITH"},{"floor":15,"key":"REST"},{"data":"Outmaneuver","floor":25,"key":"SMITH"},{"floor":32,"key":"REST"}],"circlet_count":0,"master_deck":["Strike_G","Strike_G","Defend_G+1","Defend_G","Defend_G","Defend_G","Survivor+1","Neutralize","All Out Attack+1","Tools of the Trade+1","Skewer+1","Distraction+1","Prepared","Dodge and Roll+1","Outmaneuver+1","Eviscerate+1","Flying Knee","Phantasmal Killer","Backstab+1","Heel Hook","Tactician","Endless Agony","Outmaneuver+1","Terror","Backstab+1","Underhanded Strike"],"relics":["Astrolabe","hubris:ToyBattleship","hubris:Towel","Bronze Scales","War Paint","Anchor","Philosopher\u0027s Stone","Chemical X","Ancient Tea Set","reliquary:ExpiredCoupon","Strawberry","reliquary:Buckler","Oddly Smooth Stone"],"acts_visited":["Exordium","TheCity"],"potions_floor_usage":[16,27,29,33],"damage_taken":[{"damage":3,"enemies":"Jaw Worm","floor":1,"turns":2},{"damage":5,"enemies":"Small Slimes","floor":2,"turns":3},{"damage":23,"enemies":"Lagavulin","floor":6,"turns":5},{"damage":0,"enemies":"Cultist","floor":7,"turns":3},{"damage":0,"enemies":"Large Slime","floor":11,"turns":3},{"damage":5,"enemies":"Exordium Thugs","floor":12,"turns":3},{"damage":0,"enemies":"Red Slaver","floor":14,"turns":2},{"damage":18,"enemies":"Hexaghost","floor":16,"turns":8},{"damage":0,"enemies":"Chosen","floor":18,"turns":3},{"damage":6,"enemies":"2 Thieves","floor":19,"turns":3},{"damage":5,"enemies":"Snake Plant","floor":22,"turns":3},{"damage":8,"enemies":"Gremlin Leader","floor":23,"turns":6},{"damage":0,"enemies":"Book of Stabbing","floor":27,"turns":2},{"damage":22,"enemies":"Gremlin Leader","floor":29,"turns":3},{"damage":9,"enemies":"Centurion and Healer","floor":31,"turns":4},{"damage":51,"enemies":"Collector","floor":33,"turns":5}],"seed_played":"-5635049280612984706","potions_obtained":[{"floor":6,"key":"Poison Potion"},{"floor":11,"key":"Swift Potion"},{"floor":16,"key":"SkillPotion"},{"floor":18,"key":"SteroidPotion"},{"floor":29,"key":"ColorlessPotion"}],"is_trial":false,"path_per_floor":["M","M","?","?","?","E","M","$","T","$","M","M","R","M","R","B",null,"M","M","?","$","M","E","$","R","T","E","?","E","?","M","R","B"],"character_chosen":"THE_SILENT","items_purchased":["War Paint","Tactician","Chemical X","Terror"],"campfire_rested":2,"item_purchase_floors":[8,21,21,24],"current_hp_per_floor":[67,62,62,62,62,39,39,39,39,39,39,34,34,34,55,37,70,70,64,64,64,59,51,51,51,51,58,58,36,36,27,50,0,0],"gold":40,"neow_bonus":"BOSS_RELIC","is_daily":false,"chose_seed":false,"campfire_upgraded":2,"win_rate":0.0,"timestamp":1613311291,"path_taken":["M","M","?","?","?","E","M","$","T","?","M","?","R","M","R","BOSS","M","M","?","?","?","E","$","R","T","E","?","E","?","?","R","BOSS"],"items_purchased_type":["Relic","Card","Relic","Card"],"build_version":"2020-12-22","purchased_purges":1,"victory":false,"max_hp_per_floor":[70,70,70,70,70,70,70,70,70,70,70,70,70,70,70,70,70,70,70,70,70,70,70,70,70,70,77,77,77,77,77,77,77,77],"card_choices":[{"not_picked":["Blur","Cloak And Dagger"],"picked":"Distraction","floor":1},{"not_picked":["Sucker Punch","Infinite Blades"],"picked":"Prepared","floor":2},{"not_picked":["Concentrate","Flechettes"],"picked":"Dodge and Roll","floor":6},{"not_picked":["Poisoned Stab","Unload"],"picked":"Outmaneuver","floor":7},{"not_picked":["Sucker Punch","Crippling Poison","Dagger Spray"],"picked":"SKIP","floor":11},{"not_picked":["Flying Knee","Crippling Poison"],"picked":"Eviscerate","floor":12},{"not_picked":["Corpse Explosion","Accuracy"],"picked":"Flying Knee","floor":14},{"not_picked":["Corpse Explosion","Tools of the Trade"],"picked":"Phantasmal Killer","floor":16},{"not_picked":["PiercingWail","Bane"],"picked":"Backstab+1","floor":18},{"not_picked":["Prepared","Leg Sweep"],"picked":"Heel Hook","floor":19},{"not_picked":["Dagger Throw","Poisoned Stab"],"picked":"Endless Agony","floor":22},{"not_picked":["Dash","Slice"],"picked":"Outmaneuver","floor":23},{"not_picked":["Heel Hook","Cloak And Dagger+1","Infinite Blades"],"picked":"SKIP","floor":27},{"not_picked":["Glass Knife","Expertise"],"picked":"Backstab+1","floor":29},{"not_picked":["Sucker Punch","Caltrops"],"picked":"Underhanded Strike","floor":31}],"player_experience":194868,"relics_obtained":[{"floor":6,"key":"Bronze Scales"},{"floor":9,"key":"Anchor"},{"floor":23,"key":"Ancient Tea Set"},{"floor":26,"key":"reliquary:ExpiredCoupon"},{"floor":27,"key":"Strawberry"},{"floor":29,"key":"Oddly Smooth Stone"}],"event_choices":[{"damage_healed":0,"gold_gain":62,"player_choice":"Gained Gold","damage_taken":0,"max_hp_gain":0,"max_hp_loss":0,"event_name":"Golden Wing","floor":3,"gold_loss":0},{"damage_healed":0,"gold_gain":0,"player_choice":"Box","damage_taken":0,"relics_obtained":["hubris:ToyBattleship"],"max_hp_gain":0,"max_hp_loss":0,"event_name":"Big Fish","floor":4,"gold_loss":0,"cards_obtained":["Regret"]},{"damage_healed":0,"gold_gain":100,"player_choice":"Bet on Murderer","damage_taken":0,"max_hp_gain":0,"max_hp_loss":0,"event_name":"The Joust","floor":20,"gold_loss":50},{"damage_healed":0,"gold_gain":0,"player_choice":"Opened","damage_taken":0,"relics_obtained":["reliquary:Buckler"],"max_hp_gain":0,"max_hp_loss":0,"event_name":"The Mausoleum","floor":28,"gold_loss":0},{"cards_removed":["Strike_G"],"damage_healed":0,"gold_gain":0,"player_choice":"Upgrade and Remove","damage_taken":0,"max_hp_gain":0,"max_hp_loss":0,"event_name":"Designer","floor":30,"gold_loss":90,"cards_upgraded":["Survivor"]}],"is_beta":false,"boss_relics":[{"not_picked":["hubris:BlackHole","hubris:HollowSoul"],"picked":"Philosopher\u0027s Stone"}],"items_purged_floors":[8],"is_endless":false,"potions_floor_spawned":[1,6,11,16,18,19,29],"killed_by":"Collector","ascension_level":0}}