{"host":"8is2j71l4wmybkoi","time":1613286140,"event":{"mods":["AchievementEnabler","BaseMod","Colored Map","DeckTracker","Minty Spire (QoL Compilation)","Rare Cards Sparkle","Relic Stats","StSLib","SuperFastMode"],"gold_per_floor":[114,128,128,144,144,219,247,247,316,316,356,356,34,34,34,129,129,153,171,86,99,118,118,136,177,177,177,177,177,221,245,245,341,341,365,379,379,712,712,712,740,757,809,824,839,839,839],"floor_reached":46,"language":"KOR","playtime":2178,"items_purged":[],"score":940,"play_id":"a68ecea8-5cd9-486a-acbb-78a1032b2b6c","local_time":"20210214160220","is_ascension_mode":true,"campfire_choices":[{"floor":10.0,"key":"REST"},{"data":"Phantasmal Killer","floor":12.0,"key":"SMITH"},{"data":"Deadly Poison","floor":15.0,"key":"SMITH"},{"data":"Tactician","floor":23.0,"key":"SMITH"},{"data":"Well Laid Plans","floor":27.0,"key":"SMITH"},{"data":"Reflex","floor":29.0,"key":"SMITH"},{"floor":32.0,"key":"REST"},{"data":"Concentrate","floor":40,"key":"SMITH"}],"circlet_count":0,"master_deck":["AscendersBane","Survivor","Neutralize","Dagger Throw","Blade Dance","Footwork","Reflex+1","Phantasmal Killer+1","Deadly Poison+1","Adrenaline","Dodge and Roll","Dodge and Roll","Escape Plan","Tactician+1","Flechettes","Storm of Steel","Tactician","Acrobatics","Expertise+1","Cloak And Dagger+1","Prepared+1","Well Laid Plans+1","Wraith Form v2","Bouncing Flask","Concentrate+1","Burst","Blur+1","Acrobatics","Sucker Punch+1"],"relics":["Ring of the Snake","NeowsBlessing","Art of War","Pear","Torii","Pandora\u0027s Box","Strawberry","Turnip","Ornamental Fan","Dream Catcher","SlaversCollar","Vajra","Lantern"],"acts_visited":["Exordium","TheCity","TheBeyond"],"potions_floor_usage":[41,46,46],"damage_taken":[{"damage":0.0,"enemies":"2 Louse","floor":1.0,"turns":1.0},{"damage":0.0,"enemies":"Small Slimes","floor":2.0,"turns":1.0},{"damage":0.0,"enemies":"Cultist","floor":4.0,"turns":1.0},{"damage":22.0,"enemies":"Gremlin Nob","floor":7.0,"turns":4.0},{"damage":21.0,"enemies":"3 Sentries","floor":11.0,"turns":12.0},{"damage":3.0,"enemies":"The Guardian","floor":16.0,"turns":9.0},{"damage":0.0,"enemies":"Spheric Guardian","floor":18.0,"turns":2.0},{"damage":1.0,"enemies":"2 Thieves","floor":19.0,"turns":3.0},{"damage":16.0,"enemies":"Snake Plant","floor":21.0,"turns":4.0},{"damage":11.0,"enemies":"Shelled Parasite and Fungi","floor":22.0,"turns":4.0},{"damage":1.0,"enemies":"3 Cultists","floor":24.0,"turns":5.0},{"damage":11.0,"enemies":"Slavers","floor":25.0,"turns":5.0},{"damage":12.0,"enemies":"Book of Stabbing","floor":30.0,"turns":4.0},{"damage":1.0,"enemies":"Cultist and Chosen","floor":31.0,"turns":4.0},{"damage":22.0,"enemies":"Collector","floor":33.0,"turns":7.0},{"damage":0.0,"enemies":"3 Darklings","floor":35.0,"turns":4.0},{"damage":12.0,"enemies":"3 Shapes","floor":36.0,"turns":4.0},{"damage":1,"enemies":"Giant Head","floor":41,"turns":7},{"damage":7,"enemies":"Jaw Worm Horde","floor":42,"turns":4},{"damage":19,"enemies":"Spire Growth","floor":44,"turns":5},{"damage":21,"enemies":"Writhing Mass","floor":45,"turns":5},{"damage":12,"enemies":"Jaw Worm Horde","floor":46,"turns":1}],"seed_played":"-5408007344892162671","potions_obtained":[{"floor":7.0,"key":"GamblersBrew"},{"floor":11.0,"key":"Poison Potion"},{"floor":16.0,"key":"SpeedPotion"},{"floor":18.0,"key":"SneckoOil"},{"floor":19.0,"key":"SteroidPotion"},{"floor":33.0,"key":"Block Potion"},{"floor":35.0,"key":"Fruit Juice"},{"floor":44,"key":"LiquidBronze"},{"floor":45,"key":"Weak Potion"}],"is_trial":false,"path_per_floor":["M","M","?","M","?","?","E","?","T","R","E","R","$","?","R","B",null,"M","M","?","M","M","R","M","E","T","R","?","R","E","M","R","B",null,"M","M","?","?","?","R","E","M","T","M","M","M"],"character_chosen":"THE_SILENT","items_purchased":["Torii","Deadly Poison"],"campfire_rested":2,"item_purchase_floors":[13,13],"current_hp_per_floor":[59,59,52,52,52,41,19,19,19,37,26,26,26,70,70,67,69,69,68,75,59,48,48,47,36,36,36,36,36,24,23,46,24,64,64,52,52,52,52,52,56,49,49,30,9,0,0],"gold":839,"neow_bonus":"THREE_ENEMY_KILL","is_daily":false,"chose_seed":false,"campfire_upgraded":6,"win_rate":0.0,"timestamp":1613286140,"path_taken":["M","M","?","M","?","?","E","?","T","R","E","R","?","?","R","BOSS","M","?","?","M","M","R","M","E","T","R","?","R","E","M","R","BOSS","M","M","?","?","?","R","E","M","T","M","M","M"],"items_purchased_type":["Relic","Card"],"build_version":"2020-12-22","purchased_purges":0,"victory":false,"max_hp_per_floor":[66,66,66,66,66,66,66,60,60,60,70,70,70,70,70,70,70,70,70,77,77,77,77,77,77,77,77,77,77,77,77,77,77,77,77,77,77,77,77,77,82,82,82,82,82,82,82],"relic_stats":{"Dream Catcher":1,"Torii":22,"counters":[22,96],"Ornamental Fan":[172],"Pandora\u0027s Box":["Dodge and Roll","Dodge and Roll","Escape Plan","Predator","Tactician","Flechettes","Storm of Steel","Tactician"],"Turnip":[3],"Art of War":[5],"obtain_stats":[{"Lantern":43,"Pear":11,"NeowsBlessing":0,"Torii":13,"Golden Idol":8,"Vajra":41,"SlaversCollar":34,"Dream Catcher":30,"Ornamental Fan":26,"Strawberry":20,"Pandora\u0027s Box":17,"Turnip":25,"Art of War":7,"Ring of the Snake":0},{"Lantern":19,"Pear":5,"NeowsBlessing":0,"Torii":5,"Golden Idol":4,"Vajra":18,"SlaversCollar":15,"Dream Catcher":13,"Ornamental Fan":12,"Strawberry":8,"Pandora\u0027s Box":6,"Turnip":12,"Art of War":4,"Ring of the Snake":0},{"Lantern":85,"Pear":19,"NeowsBlessing":0,"Torii":19,"Golden Idol":7,"Vajra":81,"SlaversCollar":66,"Dream Catcher":55,"Ornamental Fan":51,"Strawberry":33,"Pandora\u0027s Box":28,"Turnip":51,"Art of War":7,"Ring of the Snake":0}],"Ring of the Snake":[44]},"card_choices":[{"not_picked":["Cloak And Dagger","Outmaneuver"],"picked":"Dagger Throw","floor":1.0},{"not_picked":["Prepared","Expertise"],"picked":"Flechettes","floor":2.0},{"not_picked":["PiercingWail","Dagger Throw"],"picked":"Blade Dance","floor":4.0},{"not_picked":["Night Terror","Flying Knee"],"picked":"Reflex","floor":7.0},{"not_picked":["Deflect","Concentrate"],"picked":"Phantasmal Killer","floor":11.0},{"not_picked":["A Thousand Cuts","Malaise"],"picked":"Adrenaline","floor":16.0},{"not_picked":["Eviscerate","Reflex"],"picked":"Acrobatics","floor":18.0},{"not_picked":["Deflect","Sucker Punch","Deadly Poison"],"picked":"SKIP","floor":19.0},{"not_picked":["Deflect","Bane"],"picked":"Expertise+1","floor":21.0},{"not_picked":["Dagger Throw","Poisoned Stab"],"picked":"Cloak And Dagger+1","floor":22.0},{"not_picked":["Flechettes","Skewer"],"picked":"Prepared+1","floor":24.0},{"not_picked":["Backflip","PiercingWail"],"picked":"Well Laid Plans","floor":25.0},{"not_picked":["Blade Dance","Caltrops"],"picked":"Wraith Form v2","floor":30.0},{"not_picked":["Acrobatics","Blade Dance"],"picked":"Bouncing Flask","floor":31.0},{"not_picked":["Outmaneuver","Quick Slash"],"picked":"Concentrate","floor":32.0},{"not_picked":["Bullet Time","Phantasmal Killer"],"picked":"Burst","floor":33.0},{"not_picked":["Bane","Concentrate"],"picked":"Blur+1","floor":35.0},{"not_picked":["Quick Slash+1","Dagger Throw","Poisoned Stab"],"picked":"SKIP","floor":36.0},{"not_picked":["Burst","Terror"],"picked":"Acrobatics","floor":41},{"not_picked":["Sucker Punch","Catalyst","Dagger Throw+1"],"picked":"SKIP","floor":42},{"not_picked":["Distraction","Underhanded Strike+1","Dodge and Roll"],"picked":"SKIP","floor":44},{"not_picked":["Prepared","Poisoned Stab"],"picked":"Sucker Punch+1","floor":45}],"player_experience":1186293,"relics_obtained":[{"floor":7.0,"key":"Art of War"},{"floor":11.0,"key":"Pear"},{"floor":25.0,"key":"Turnip"},{"floor":26.0,"key":"Ornamental Fan"},{"floor":30.0,"key":"Dream Catcher"},{"floor":41,"key":"Vajra"},{"floor":43,"key":"Lantern"}],"event_choices":[{"cards_removed":["Strike_G"],"damage_healed":0.0,"max_hp_gain":0.0,"max_hp_loss":0.0,"gold_gain":0.0,"event_name":"Golden Wing","player_choice":"Card Removal","floor":3.0,"gold_loss":0.0,"damage_taken":7.0},{"damage_healed":0.0,"max_hp_gain":0.0,"max_hp_loss":0.0,"gold_gain":0.0,"cards_transformed":["Strike_G"],"event_name":"Living Wall","player_choice":"Change","floor":5.0,"gold_loss":0.0,"damage_taken":0.0,"cards_obtained":["Footwork"]},{"damage_healed":0.0,"max_hp_gain":0.0,"max_hp_loss":0.0,"gold_gain":75.0,"event_name":"World of Goop","player_choice":"Gather Gold","floor":6.0,"gold_loss":0.0,"damage_taken":11.0},{"damage_healed":0.0,"max_hp_gain":0.0,"max_hp_loss":6.0,"gold_gain":0.0,"event_name":"Golden Idol","player_choice":"Lose Max HP","floor":8.0,"gold_loss":0.0,"damage_taken":0.0,"relics_obtained":["Golden Idol"]},{"cards_removed":["Flechettes"],"damage_healed":44.0,"max_hp_gain":0.0,"max_hp_loss":0.0,"gold_gain":0.0,"event_name":"Bonfire Elementals","player_choice":"Offered Uncommon","floor":14.0,"gold_loss":0.0,"damage_taken":0.0},{"damage_healed":0.0,"max_hp_gain":0.0,"max_hp_loss":0.0,"gold_gain":0.0,"event_name":"Addict","player_choice":"Obtained Relic","floor":20.0,"gold_loss":85.0,"damage_taken":0.0,"relics_obtained":["Strawberry"]},{"damage_healed":0.0,"max_hp_gain":0.0,"max_hp_loss":0.0,"gold_gain":0.0,"event_name":"The Mausoleum","player_choice":"Ignored","floor":28.0,"gold_loss":0.0,"damage_taken":0.0},{"cards_removed":["Predator"],"damage_healed":0.0,"max_hp_gain":0.0,"max_hp_loss":0.0,"gold_gain":0.0,"event_name":"Falling","player_choice":"Removed Attack","floor":37.0,"gold_loss":0.0,"damage_taken":0.0},{"damage_healed":0.0,"max_hp_gain":0.0,"max_hp_loss":0.0,"gold_gain":333.0,"event_name":"The Moai Head","player_choice":"Gave Idol","floor":38.0,"relics_lost":["Golden Idol"],"gold_loss":0.0,"damage_taken":0.0},{"damage_healed":0,"gold_gain":0,"player_choice":"Ignored","damage_taken":0,"max_hp_gain":0,"max_hp_loss":0,"event_name":"Mysterious Sphere","floor":39,"gold_loss":0}],"is_beta":false,"boss_relics":[{"not_picked":["Runic Dome","SacredBark"],"picked":"Pandora\u0027s Box"},{"not_picked":["Ring of the Serpent","WristBlade"],"picked":"SlaversCollar"}],"items_purged_floors":[],"is_endless":false,"potions_floor_spawned":[7,11,16,18,19,33,35,44,45],"killed_by":"Jaw Worm Horde","ascension_level":15}}