{"host":"17xjy7b7ubl548g2","time":1613282652,"event":{"mods":["2.2 Compatiblity","Act Like it!","Aspiration","Astrologer","Bard","BaseMod","Challenge The Spire","ChefMod","Colored Map","Colored Powertips","Conspire","Elementarium","Energized Spire","Gensokyo","GifTheSpireLib","Halation","Hallownest","Hermit","Hubris","Infinite Spire","Jedi Mod","Jorbs\u0027s Wanderer Trilogy","Marisa（霧雨　魔理沙）","Marked Mod","Menagerie","Minty Spire (QoL Compilation)","Permanent Neow","Reliquary","Replay The Spire","Robot Space Explorer","Spicy Shops","Spire Arcade","StSLib","Stuff the Spire","The Blue Laboratory","The Bug Knight","The Construct","The Disciple","The Hayseed","The Hierophant","The Marked","The Runesmith","The Sage","TheFirefly"],"gold_per_floor":[15,15,15,28,48,77,77,105,105,116,151,9,9,28,28,126,126,137,154,8,20,20,20,87,116,143,172,172,188,201,201,201,306,306,316,355,365,365,365,385,398,398,425,425,425,425,425,425,435,453,453,453,453,453,17,43,43],"floor_reached":58,"language":"ENG","playtime":8618,"items_purged":["HollowMod:NailStrikeStart","HollowMod:SoulSplash"],"score":1808,"play_id":"26fffc26-4853-49c0-8248-dfb7021cdf7b","local_time":"20210214010412","is_ascension_mode":true,"campfire_choices":[{"data":"HollowMod:FocusHealStart","floor":7.0,"key":"SMITH"},{"data":"HollowMod:SlysStrikes","floor":13.0,"key":"SMITH"},{"data":"HollowMod:RecoilStrike","floor":15.0,"key":"SMITH"},{"data":"StuffTheSpire:Innocence","floor":23.0,"key":"SMITH"},{"data":"HollowMod:ZotesMagnificence","floor":28.0,"key":"SMITH"},{"data":"infinitespire:SevenWalls","floor":32.0,"key":"SMITH"},{"floor":42.0,"key":"RECALL"},{"data":"HollowMod:CornifersMapStart","floor":44.0,"key":"SMITH"},{"data":"HollowMod:DoubleDash","floor":46.0,"key":"SMITH"},{"data":"HollowMod:DoubleDash","floor":48.0,"key":"SMITH"},{"data":"HollowMod:DashSlash","floor":51.0,"key":"SMITH"},{"data":"HollowMod:QuickDashStart","floor":54.0,"key":"SMITH"}],"circlet_count":0,"master_deck":["AscendersBane","HollowMod:NailStrikeStart+1","HollowMod:NailStrikeStart+1","HollowMod:NailStrikeStart+1","HollowMod:QuickDashStart+1","HollowMod:QuickDashStart","HollowMod:QuickDashStart","HollowMod:QuickDashStart","HollowMod:FocusHealStart+1","HollowMod:PogoStrike","HollowMod:ZotesMagnificence+1","HollowMod:PerfectDash","HollowMod:ZotesMagnificence+1","HollowMod:Weaversong+1","HollowMod:DoubleDash+1","HollowMod:PerfectDash","HollowMod:SlysStrikes+1","HollowMod:RecoilStrike+1","HollowMod:SlysStrikes+1","StuffTheSpire:Innocence+1","HollowMod:CycloneSlash","HollowMod:SoulSplash+1","HollowMod:DoubleDash+1","infinitespire:Fortify","infinitespire:SevenWalls+1","HollowMod:DashSlash+1","HollowMod:CornifersMapStart+1","HollowMod:DoubleDash+1","ReplayTheSpireMod:Faulty Equipment","HollowMod:DungDefenderAura"],"relics":["HollowMod:VesselMask","Hallownest:DreamNailRelic","reliquary:JackalopeAntler","StrikeDummy","Whetstone","Busted Crown","Guide Book","halation:LettersToHer","reliquary:SharkskinSheath","StuffTheSpire:Tea","Cursed Key","halation:Trompette","infinitespire:Magic Flask","Durian","Hallownest:BeastSealRelic","StuffTheSpire:Experiment12","Pen Nib","conspire:InfiniteJournal"],"acts_visited":["Exordium","Hallownest:Greenpath","Hallownest:CityofTears","TheEnding"],"potions_floor_usage":[57,57],"damage_taken":[{"damage":6.0,"enemies":"Hallownest:2_MossCreeps","floor":1.0,"turns":4.0},{"damage":3.0,"enemies":"2_ Uuma","floor":4.0,"turns":5.0},{"damage":0.0,"enemies":"Hallownest:2_Baldur","floor":5.0,"turns":2.0},{"damage":4.0,"enemies":"Hallownest:eliteCrystalGuardian","floor":6.0,"turns":6.0},{"damage":5.0,"enemies":"Hallownest:eliteMossKnight","floor":8.0,"turns":3.0},{"damage":0.0,"enemies":"Hallownest:MossCreep_and_Mosskin","floor":10.0,"turns":3.0},{"damage":5.0,"enemies":"Hallownest:eliteVengeflyKing","floor":11.0,"turns":4.0},{"damage":0.0,"enemies":"Hallownest:1_Baldur_1_Crawlid_1_Warrior","floor":14.0,"turns":3.0},{"damage":37.0,"enemies":"Hallownest:BossHornet","floor":16.0,"turns":9.0},{"damage":3.0,"enemies":"Hallownest:Flukemon_and_Top","floor":18.0,"turns":4.0},{"damage":14.0,"enemies":"Hallownest:3_Youths","floor":19.0,"turns":6.0},{"damage":8.0,"enemies":"Hallownest:2_Flukemon","floor":21.0,"turns":5.0},{"damage":1.0,"enemies":"Hallownest:eliteWatcherKnight","floor":25.0,"turns":9.0},{"damage":33.0,"enemies":"Nightmare","floor":27.0,"turns":9.0},{"damage":0.0,"enemies":"Hallownest:3_Mistakes","floor":29.0,"turns":4.0},{"damage":2.0,"enemies":"Hallownest:Warrior_and_Youth","floor":30.0,"turns":4.0},{"damage":3.0,"enemies":"Hallownest:BossSoulMaster","floor":33.0,"turns":8.0},{"damage":0.0,"enemies":"Hallownest:Shield_Heavy","floor":35.0,"turns":5.0},{"damage":0.0,"enemies":"conspire:MimicChest","floor":36.0,"turns":5.0},{"damage":7.0,"enemies":"Hallownest:3_Siblings","floor":37.0,"turns":5.0},{"damage":8.0,"enemies":"Hallownest:2_Wandering_and_1_Horned","floor":40.0,"turns":5.0},{"damage":0.0,"enemies":"Hallownest:2_Soldiers_and_1_Guardian","floor":41.0,"turns":5.0},{"damage":0.0,"enemies":"Hallownest:StalkingDevout","floor":43.0,"turns":5.0},{"damage":0.0,"enemies":"Hallownest:Xero_Hu_Marmu","floor":49.0,"turns":4.0},{"damage":0.0,"enemies":"Hallownest:2_Wing_and_1_Kings","floor":50.0,"turns":6.0},{"damage":0.0,"enemies":"Hallownest:Radiance","floor":52.0,"turns":8.0},{"damage":0.0,"enemies":"Shield and Spear","floor":56.0,"turns":7.0},{"damage":0,"enemies":"The Heart","floor":57,"turns":10}],"seed_played":"5293710906284507362","potions_obtained":[{"floor":1.0,"key":"blueLaboratory:FrostheartPotion"},{"floor":4.0,"key":"Weak Potion"},{"floor":8.0,"key":"blueLaboratory:HorrorPotion"},{"floor":10.0,"key":"Regen Potion"},{"floor":16.0,"key":"blueLaboratory:TrueEctoplasm"},{"floor":21.0,"key":"blueLaboratory:BubblePotion"},{"floor":25.0,"key":"SkillPotion"},{"floor":27.0,"key":"blueLaboratory:BubblePotion"},{"floor":29.0,"key":"Weak Potion"},{"floor":30.0,"key":"EssenceOfSteel"},{"floor":37.0,"key":"SteroidPotion"},{"floor":41.0,"key":"blueLaboratory:ImpenetrablePotion"}],"is_trial":false,"path_per_floor":["M","?","?","M","M","E","R","E","T","M","E","$","R","M","R","B",null,"M","M","$","M","?","R","?","E","T","NM","R","M","M","AVR","R","B",null,"M","?","M","PTL","PTL","M","M","R","E","R","T","R","?","R","M","M","R","B",null,"R","$","E","B",null],"character_chosen":"THE_BUGKNIGHT","items_purchased":["HollowMod:SlysStrikes","Guide Book","HollowMod:DungDefenderAura","StuffTheSpire:Experiment12","Pen Nib"],"campfire_rested":0,"item_purchase_floors":[12,20,55,55,55],"current_hp_per_floor":[68,68,68,75,75,75,75,70,70,75,75,75,75,75,75,38,66,69,65,65,63,63,63,45,54,54,33,33,39,43,43,43,46,68,74,74,73,73,73,71,75,75,75,75,80,80,80,80,80,80,80,80,80,80,80,80,80],"gold":43,"neow_bonus":"THREE_RARE_CARDS","is_daily":false,"chose_seed":false,"campfire_upgraded":11,"win_rate":0.0,"timestamp":1613282652,"path_taken":["M","?","?","M","M","E","R","E","T","?","E","$","R","M","R","BOSS","M","?","$","M","?","R","?","E","T","NM","R","M","M","AVR","R","BOSS","M","?","M","PTL","PTL","M","M","R","E","R","T","R","?","R","M","M","R","BOSS","R","$","E","BOSS"],"items_purchased_type":["Card","Relic","Card","Relic","Relic"],"build_version":"2020-12-22","purchased_purges":2,"victory":true,"max_hp_per_floor":[75,75,75,75,75,75,75,75,75,75,75,75,75,75,75,75,75,75,75,75,75,75,75,75,75,75,75,75,75,75,75,75,75,75,75,75,75,75,75,75,75,75,75,75,80,80,80,80,80,80,80,80,80,80,80,80,80],"card_choices":[{"not_picked":["HollowMod:AwokenDreamNail","HollowMod:theNailsmith"],"picked":"HollowMod:ZotesMagnificence","floor":0.0},{"not_picked":["HollowMod:SiblingsSouls","HollowMod:SharpenedNail"],"picked":"HollowMod:PerfectDash","floor":1.0},{"not_picked":["HollowMod:FastStrike","HollowMod:TaintedHusks"],"picked":"HollowMod:SoulSplash","floor":4.0},{"not_picked":["HollowMod:NewLittleFool","HollowMod:LifebloodCocoon"],"picked":"HollowMod:ZotesMagnificence","floor":5.0},{"not_picked":["HollowMod:NewLittleFool","HollowMod:NewJinnsSoul","HollowMod:InfectedCysts"],"picked":"SKIP","floor":6.0},{"not_picked":["HollowMod:SoulSplash","HollowMod:NewLittleFool"],"picked":"HollowMod:Weaversong","floor":8.0},{"not_picked":["HollowMod:HeavyBlow","HollowMod:VengefulSpirit"],"picked":"HollowMod:DoubleDash","floor":10.0},{"not_picked":["HollowMod:SoulStrike","HollowMod:GreatSlash"],"picked":"HollowMod:PerfectDash","floor":11.0},{"not_picked":["HollowMod:LuriensSpire","HollowMod:MothsMistake"],"picked":"HollowMod:RecoilStrike","floor":14.0},{"not_picked":["HollowMod:LordofShades","HollowMod:Weaversong"],"picked":"HollowMod:SlysStrikes","floor":16.0},{"not_picked":["HollowMod:ShadowDash"],"picked":"SKIP","floor":18.0},{"not_picked":["HollowMod:FallenFury"],"picked":"SKIP","floor":19.0},{"not_picked":["HollowMod:InfectedAttack"],"picked":"SKIP","floor":21.0},{"not_picked":["StuffTheSpire:BrainWave","StuffTheSpire:Harmony"],"picked":"StuffTheSpire:Innocence","floor":22.0},{"not_picked":[],"picked":"HollowMod:CycloneSlash","floor":24.0},{"not_picked":[],"picked":"HollowMod:SoulSplash+1","floor":25.0},{"not_picked":[],"picked":"HollowMod:DoubleDash","floor":27.0},{"not_picked":["HollowMod:SharpenedShadows+1"],"picked":"SKIP","floor":29.0},{"not_picked":["HollowMod:SharpenedShadows+1"],"picked":"SKIP","floor":29.0},{"not_picked":["HollowMod:VengefulVoid"],"picked":"SKIP","floor":30.0},{"not_picked":["HollowMod:TaintedHusks+1"],"picked":"SKIP","floor":35.0},{"not_picked":[],"picked":"HollowMod:DashSlash","floor":37.0},{"not_picked":[],"picked":"HollowMod:CornifersMapStart","floor":40.0},{"not_picked":[],"picked":"HollowMod:DoubleDash+1","floor":41.0},{"not_picked":["HollowMod:LordofShades"],"picked":"SKIP","floor":43.0},{"not_picked":["HollowMod:SoulVessel"],"picked":"SKIP","floor":49.0},{"not_picked":["HollowMod:SharpenedNail+1"],"picked":"SKIP","floor":50.0},{"not_picked":["HollowMod:NewLittleFool"],"picked":"SKIP","floor":56.0}],"player_experience":2169158,"relics_obtained":[{"floor":6.0,"key":"reliquary:JackalopeAntler"},{"floor":8.0,"key":"halation:AfternoonTea"},{"floor":9.0,"key":"StrikeDummy"},{"floor":11.0,"key":"Whetstone"},{"floor":24.0,"key":"halation:LettersToHer"},{"floor":25.0,"key":"reliquary:SharkskinSheath"},{"floor":26.0,"key":"halation:LettersToHer"},{"floor":27.0,"key":"StuffTheSpire:Tea"},{"floor":36.0,"key":"halation:Trompette"},{"floor":43.0,"key":"infinitespire:Magic Flask"},{"floor":45.0,"key":"halation:LettersToHer"},{"floor":45.0,"key":"Durian"},{"floor":56.0,"key":"conspire:InfiniteJournal"}],"event_choices":[],"is_beta":false,"boss_relics":[{"not_picked":["Snecko Heart","aspiration:DefectSkillbook"],"picked":"Busted Crown"},{"not_picked":["halation:Risk","jedi:hotpepper"],"picked":"Cursed Key"}],"items_purged_floors":[31,55],"is_endless":false,"potions_floor_spawned":[1,4,8,10,16,21,25,27,29,30,37,40,41],"ascension_level":10}}