{"host":"pke0xxyzw0teju56","time":1613333111,"event":{"mods":["BaseMod","Bestiary","Colored Powertips","Highlight Path","Minty Spire (QoL Compilation)","Relic Stats","Slay the Relics Exporter","StSLib"],"gold_per_floor":[116,132,142,142,192,192,225,225,276,288,319,341,24,36,36,109,109,123,141,12,12,28,28,28],"floor_reached":23,"language":"ENG","playtime":699,"items_purged":[],"score":386,"play_id":"3d035e24-50e7-44ec-814c-ae7f9b08917e","local_time":"20210214150511","is_ascension_mode":true,"campfire_choices":[{"data":"Flechettes","floor":6,"key":"SMITH"},{"data":"Dash","floor":8,"key":"SMITH"},{"data":"Blade Dance","floor":10,"key":"SMITH"},{"data":"Deadly Poison","floor":15,"key":"SMITH"}],"circlet_count":0,"master_deck":["AscendersBane","Strike_G","Strike_G","Strike_G","Strike_G","Strike_G","Defend_G","Defend_G","Defend_G","Defend_G","Defend_G","Survivor","Neutralize","Blade Dance+1","Flechettes+1","Dash+1","Malaise","Deadly Poison+1","Accuracy","Cloak And Dagger","After Image+1","Noxious Fumes","Deflect+1","Night Terror","Backflip","Adrenaline"],"relics":["Ring of the Snake","NeowsBlessing","Centennial Puzzle","Omamori","MawBank","CaptainsWheel","Runic Dome"],"acts_visited":["Exordium","TheCity"],"potions_floor_usage":[12,14,16,22],"damage_taken":[{"damage":0,"enemies":"Cultist","floor":1,"turns":1},{"damage":0,"enemies":"Jaw Worm","floor":2,"turns":1},{"damage":0,"enemies":"Small Slimes","floor":3,"turns":1},{"damage":14,"enemies":"Gremlin Nob","floor":7,"turns":4},{"damage":0,"enemies":"Exordium Thugs","floor":11,"turns":5},{"damage":11,"enemies":"Gremlin Gang","floor":12,"turns":5},{"damage":0,"enemies":"Exordium Wildlife","floor":14,"turns":2},{"damage":7,"enemies":"The Guardian","floor":16,"turns":12},{"damage":12,"enemies":"Shell Parasite","floor":18,"turns":4},{"damage":0,"enemies":"Chosen","floor":19,"turns":5},{"damage":6,"enemies":"Snecko","floor":22,"turns":8},{"damage":45,"enemies":"Gremlin Leader","floor":23,"turns":6}],"seed_played":"2555910805301340077","potions_obtained":[{"floor":2,"key":"Regen Potion"},{"floor":7,"key":"Swift Potion"},{"floor":12,"key":"DistilledChaos"},{"floor":19,"key":"Block Potion"}],"is_trial":false,"path_per_floor":["M","M","M","?","?","R","E","R","T","R","M","M","$","M","R","B",null,"M","M","$","?","M","E"],"character_chosen":"THE_SILENT","items_purchased":["CaptainsWheel","Night Terror","Backflip"],"campfire_rested":0,"item_purchase_floors":[13,20,20],"current_hp_per_floor":[59,59,59,54,48,48,34,34,34,34,34,37,37,37,37,30,57,45,45,45,45,39,0,0],"gold":28,"neow_bonus":"THREE_ENEMY_KILL","is_daily":false,"chose_seed":false,"campfire_upgraded":4,"win_rate":0.0,"timestamp":1613333111,"path_taken":["M","?","M","?","?","R","E","R","T","R","M","M","$","M","R","BOSS","M","M","$","?","?","E"],"items_purchased_type":["Relic","Card","Card"],"build_version":"2020-12-22","purchased_purges":0,"victory":false,"max_hp_per_floor":[66,66,66,66,66,66,66,66,66,66,66,66,66,66,66,66,66,66,66,66,66,66,66,66],"relic_stats":{"Centennial Puzzle":[18],"counters":[12,54],"MawBank":48,"obtain_stats":[{"Runic Dome":17,"Centennial Puzzle":4,"CaptainsWheel":13,"NeowsBlessing":0,"Omamori":7,"MawBank":9,"Ring of the Snake":0},{"Runic Dome":8,"Centennial Puzzle":3,"CaptainsWheel":6,"NeowsBlessing":0,"Omamori":4,"MawBank":4,"Ring of the Snake":0},{"Runic Dome":31,"Centennial Puzzle":3,"CaptainsWheel":17,"NeowsBlessing":0,"Omamori":7,"MawBank":7,"Ring of the Snake":0}],"Ring of the Snake":[24]},"card_choices":[{"not_picked":["Backflip","Dagger Spray"],"picked":"Blade Dance","floor":1},{"not_picked":["Flying Knee","Endless Agony"],"picked":"Flechettes","floor":2},{"not_picked":["Prepared","Deflect"],"picked":"Dash","floor":3},{"not_picked":["Prepared","Dagger Throw"],"picked":"Malaise","floor":7},{"not_picked":["Flying Knee","Setup"],"picked":"Deadly Poison","floor":11},{"not_picked":["Bane","Deadly Poison"],"picked":"Accuracy","floor":12},{"not_picked":["Slice","Prepared"],"picked":"Cloak And Dagger","floor":14},{"not_picked":["Tools of the Trade","Phantasmal Killer"],"picked":"After Image","floor":16},{"not_picked":["Dash","Deadly Poison"],"picked":"Noxious Fumes","floor":18},{"not_picked":["Slice","Flying Knee"],"picked":"Deflect+1","floor":19},{"not_picked":["Concentrate","Setup"],"picked":"Adrenaline","floor":22}],"player_experience":5337451,"relics_obtained":[{"floor":7,"key":"Omamori"},{"floor":9,"key":"MawBank"}],"event_choices":[{"damage_healed":0,"gold_gain":0,"player_choice":"Success","damage_taken":5,"relics_obtained":["Centennial Puzzle"],"max_hp_gain":0,"max_hp_loss":0,"event_name":"Scrap Ooze","floor":4,"gold_loss":0},{"damage_healed":0,"gold_gain":50,"player_choice":"Touch","damage_taken":6,"max_hp_gain":0,"max_hp_loss":0,"event_name":"FaceTrader","floor":5,"gold_loss":0},{"damage_healed":0,"gold_gain":0,"player_choice":"Upgraded","damage_taken":0,"max_hp_gain":0,"max_hp_loss":0,"event_name":"Upgrade Shrine","floor":21,"gold_loss":0,"cards_upgraded":["After Image"]}],"is_beta":false,"boss_relics":[{"not_picked":["SacredBark","Ectoplasm"],"picked":"Runic Dome"}],"items_purged_floors":[],"is_endless":false,"potions_floor_spawned":[2,7,12,19],"killed_by":"Gremlin Leader","ascension_level":20}}