{"host":"phniwng9zo19jwdb","time":1613333225,"event":{"mods":["AchievementEnabler","BaseMod","Colored Powertips","Dark Map","Faster Ascension Climbing","GifTheSpireLib","Minty Spire (QoL Compilation)","Permanent Neow","Rare Cards Sparkle","Relic Filter Mod","StSLib","Weighted Paths"],"gold_per_floor":[116,162,162,162,173,203,203,231,256,256,274,16,33,51,51,130,130,141,158,32,46,57,87,87,87,87],"floor_reached":25,"language":"ENG","playtime":713,"items_purged":["Regret"],"score":566,"play_id":"f8793e43-935b-4666-b443-6c34b0fab542","local_time":"20210214210705","is_ascension_mode":true,"campfire_choices":[{"data":"Neutralize","floor":7.0,"key":"SMITH"},{"floor":10.0,"key":"REST"},{"data":"Bullet Time","floor":15.0,"key":"SMITH"},{"floor":24.0,"key":"REST"}],"circlet_count":0,"master_deck":["AscendersBane","Strike_G","Strike_G","Defend_G","Defend_G","Defend_G","Defend_G","Defend_G","Survivor","Neutralize+1","Riddle With Holes+1","Phantasmal Killer+1","Calculated Gamble+1","Noxious Fumes","Endless Agony","Bullet Time+1","Predator","Cloak And Dagger","Madness","Cloak And Dagger","Adrenaline","Expertise","Cloak And Dagger","Dash","Tools of the Trade"],"relics":["Astrolabe","Bronze Scales","WingedGreaves","Matryoshka","The Courier","Bottled Lightning","Nunchaku","Smiling Mask","Toolbox","SlaversCollar","Strange Spoon","Strawberry"],"acts_visited":["Exordium","TheCity"],"potions_floor_usage":[],"damage_taken":[{"damage":0.0,"enemies":"Cultist","floor":1.0,"turns":3.0},{"damage":5.0,"enemies":"Jaw Worm","floor":5.0,"turns":4.0},{"damage":28.0,"enemies":"3 Sentries","floor":6.0,"turns":8.0},{"damage":21.0,"enemies":"Gremlin Nob","floor":8.0,"turns":4.0},{"damage":9.0,"enemies":"Small Slimes","floor":11.0,"turns":3.0},{"damage":0.0,"enemies":"Looter","floor":13.0,"turns":2.0},{"damage":0.0,"enemies":"2 Fungi Beasts","floor":14.0,"turns":2.0},{"damage":0.0,"enemies":"Slime Boss","floor":16.0,"turns":4.0},{"damage":33.0,"enemies":"Shell Parasite","floor":18.0,"turns":4.0},{"damage":0.0,"enemies":"3 Byrds","floor":19.0,"turns":3.0},{"damage":0.0,"enemies":"Snecko","floor":21.0,"turns":4.0},{"damage":11.0,"enemies":"Snake Plant","floor":22.0,"turns":5.0},{"damage":6.0,"enemies":"Book of Stabbing","floor":23.0,"turns":4.0},{"damage":3,"enemies":"Gremlin Leader","floor":25,"turns":2}],"seed_played":"-8260932317820946945","potions_obtained":[{"floor":1.0,"key":"BlessingOfTheForge"},{"floor":6.0,"key":"LiquidMemories"},{"floor":11.0,"key":"Fire Potion"},{"floor":16.0,"key":"Strength Potion"},{"floor":21.0,"key":"LiquidBronze"},{"floor":22.0,"key":"Strength Potion"}],"is_trial":false,"path_per_floor":["M","T","?","T","M","E","R","E","T","R","M","$","M","M","R","B",null,"M","M","$","M","M","E","R","E"],"character_chosen":"THE_SILENT","items_purchased":["Toolbox","Madness","Strange Spoon"],"campfire_rested":2,"item_purchase_floors":[12,12,20],"current_hp_per_floor":[59,59,59,59,54,26,26,5,5,24,15,15,15,15,15,15,53,20,20,20,20,9,10,31,28,28],"gold":87,"neow_bonus":"BOSS_RELIC","is_daily":false,"chose_seed":true,"campfire_upgraded":2,"win_rate":0.0,"timestamp":1613333225,"path_taken":["M","?","?","?","?","E","R","E","T","R","M","$","M","M","R","BOSS","M","M","$","M","?","E","R","E"],"items_purchased_type":["Relic","Card","Relic"],"build_version":"2020-12-22","purchased_purges":1,"victory":false,"max_hp_per_floor":[66,66,66,66,66,66,66,66,66,66,66,66,66,66,66,66,66,66,66,66,66,66,73,73,73,73],"card_choices":[{"not_picked":["Terror","Well Laid Plans"],"picked":"Noxious Fumes","floor":1.0},{"not_picked":["Infinite Blades","Outmaneuver"],"picked":"Endless Agony","floor":5.0},{"not_picked":["Masterful Stab","Crippling Poison"],"picked":"Bullet Time","floor":6.0},{"not_picked":["Setup","Dodge and Roll"],"picked":"Predator","floor":8.0},{"not_picked":["Expertise","Flying Knee"],"picked":"Cloak And Dagger","floor":11.0},{"not_picked":["Catalyst","Outmaneuver","Setup"],"picked":"SKIP","floor":13.0},{"not_picked":["Dodge and Roll","Dagger Throw"],"picked":"Cloak And Dagger","floor":14.0},{"not_picked":["After Image","Phantasmal Killer"],"picked":"Adrenaline","floor":16.0},{"not_picked":["Dodge and Roll","Deadly Poison"],"picked":"Expertise","floor":18.0},{"not_picked":["Bouncing Flask","Deadly Poison"],"picked":"Cloak And Dagger","floor":19.0},{"not_picked":["Dagger Throw","Flying Knee"],"picked":"Dash","floor":21.0},{"not_picked":["Deflect+1","Bane","Sucker Punch"],"picked":"SKIP","floor":22.0},{"not_picked":["Skewer","Eviscerate"],"picked":"Tools of the Trade","floor":23.0}],"player_experience":134088,"relics_obtained":[{"floor":2.0,"key":"Bronze Scales"},{"floor":4.0,"key":"Matryoshka"},{"floor":6.0,"key":"The Courier"},{"floor":8.0,"key":"Bottled Lightning"},{"floor":9.0,"key":"Nunchaku"},{"floor":9.0,"key":"Smiling Mask"},{"floor":23.0,"key":"Strawberry"}],"event_choices":[{"damage_healed":0.0,"max_hp_gain":0.0,"max_hp_loss":0.0,"gold_gain":0.0,"event_name":"Big Fish","player_choice":"Box","floor":3.0,"gold_loss":0.0,"damage_taken":0.0,"relics_obtained":["WingedGreaves"],"cards_obtained":["Regret"]}],"is_beta":false,"boss_relics":[{"not_picked":["Philosopher\u0027s Stone","Ectoplasm"],"picked":"SlaversCollar"}],"items_purged_floors":[12],"is_endless":false,"potions_floor_spawned":[1,6,11,16,21,22],"killed_by":"Gremlin Leader","ascension_level":20}}