{"host":"krw8blyxua7at9ak","time":1613303947,"event":{"mods":["BaseMod","Highlight Path","Minty Spire (QoL Compilation)","ojb\u0027s Info Mod"],"gold_per_floor":[110,185,185,205,219,219,249,269,269,301,318,329,354,419,419,493,493,507,557,577,577,591,618,632,187,187,213,63,99,123,165,165,248,248,267,267,30,59,94,137,137,180,207,240,269,300,337,364,364,364,364,364,364,23,58,58],"floor_reached":57,"language":"ENG","playtime":3953,"items_purged":["Strike_G","Strike_G"],"score":3217,"play_id":"c86f4189-2777-4f4f-9e7c-88179b35651c","local_time":"20210214125907","is_ascension_mode":true,"campfire_choices":[{"data":"Neutralize","floor":6.0,"key":"SMITH"},{"floor":15.0,"key":"REST"},{"data":"Wraith Form v2","floor":32.0,"key":"SMITH"},{"floor":41.0,"key":"RECALL"},{"floor":49.0,"key":"REST"},{"floor":53.0,"key":"REST"}],"circlet_count":0,"master_deck":["AscendersBane","Strike_G","Strike_G","Defend_G","Defend_G","Defend_G+1","Defend_G","Defend_G+1","Survivor","Neutralize+1","Terror+1","Predator","Blade Dance+1","Concentrate+1","Deflect+1","Blade Dance+1","Accuracy","Bullet Time+1","CurseOfTheBell","Cloak And Dagger+1","Prepared+1","Tools of the Trade","Reflex+1","Wraith Form v2","Cloak And Dagger+1","Wraith Form v2+1","Adrenaline+1","Acrobatics+1","Night Terror+1","After Image+1","Reflex+1","Blade Dance+1","Prepared+1","Adrenaline+1","Cloak And Dagger+1","Concentrate+1","Blade Dance+1","After Image+1","Burst+1","Blade Dance+1","Footwork+1","Reflex+1","Backflip+1","Burst+1","Acrobatics+1","Well Laid Plans+1","Wraith Form v2+1"],"relics":["Ring of the Snake","Toxic Egg 2","Mercury Hourglass","Matryoshka","Calling Bell","Happy Flower","Ninja Scroll","Prayer Wheel","Nloth\u0027s Gift","Question Card","Du-Vu Doll","Meat on the Bone","Bottled Lightning","Turnip","CeramicFish","Frozen Egg 2","Fusion Hammer","Nunchaku","PreservedInsect","Lizard Tail","Boot","Gremlin Horn","Cauldron","Bag of Preparation"],"acts_visited":["Exordium","TheCity","TheBeyond","TheEnding"],"potions_floor_usage":[56,56],"damage_taken":[{"damage":7.0,"enemies":"Jaw Worm","floor":1.0,"turns":5.0},{"damage":0.0,"enemies":"2 Louse","floor":4.0,"turns":3.0},{"damage":4.0,"enemies":"Cultist","floor":5.0,"turns":3.0},{"damage":34.0,"enemies":"3 Sentries","floor":7.0,"turns":11.0},{"damage":0.0,"enemies":"Blue Slaver","floor":8.0,"turns":5.0},{"damage":0.0,"enemies":"Gremlin Nob","floor":10.0,"turns":2.0},{"damage":3.0,"enemies":"Looter","floor":11.0,"turns":2.0},{"damage":2.0,"enemies":"Lots of Slimes","floor":12.0,"turns":3.0},{"damage":0.0,"enemies":"3 Sentries","floor":13.0,"turns":6.0},{"damage":10.0,"enemies":"Hexaghost","floor":16.0,"turns":6.0},{"damage":2.0,"enemies":"Chosen","floor":18.0,"turns":3.0},{"damage":5.0,"enemies":"2 Thieves","floor":20.0,"turns":4.0},{"damage":0.0,"enemies":"Snecko","floor":22.0,"turns":2.0},{"damage":6.0,"enemies":"Gremlin Leader","floor":23.0,"turns":7.0},{"damage":25.0,"enemies":"Snake Plant","floor":24.0,"turns":6.0},{"damage":4.0,"enemies":"Book of Stabbing","floor":27.0,"turns":3.0},{"damage":0.0,"enemies":"Slavers","floor":29.0,"turns":4.0},{"damage":13.0,"enemies":"3 Cultists","floor":30.0,"turns":5.0},{"damage":1.0,"enemies":"Gremlin Leader","floor":31.0,"turns":3.0},{"damage":34.0,"enemies":"Champ","floor":33.0,"turns":14.0},{"damage":0.0,"enemies":"Orb Walker","floor":35.0,"turns":2.0},{"damage":4.0,"enemies":"3 Darklings","floor":38.0,"turns":5.0},{"damage":0.0,"enemies":"Sphere and 2 Shapes","floor":39.0,"turns":4.0},{"damage":0.0,"enemies":"Giant Head","floor":40.0,"turns":4.0},{"damage":0.0,"enemies":"Reptomancer","floor":42.0,"turns":1.0},{"damage":0.0,"enemies":"Spire Growth","floor":44.0,"turns":2.0},{"damage":0.0,"enemies":"4 Shapes","floor":45.0,"turns":2.0},{"damage":0.0,"enemies":"Maw","floor":46.0,"turns":5.0},{"damage":0.0,"enemies":"Nemesis","floor":47.0,"turns":3.0},{"damage":0.0,"enemies":"Spire Growth","floor":48.0,"turns":3.0},{"damage":40.0,"enemies":"Awakened One","floor":50.0,"turns":12.0},{"damage":5.0,"enemies":"Donu and Deca","floor":51.0,"turns":6.0},{"damage":28.0,"enemies":"Shield and Spear","floor":55.0,"turns":10.0},{"damage":16,"enemies":"The Heart","floor":56,"turns":7}],"seed_played":"7550920366482198973","potions_obtained":[{"floor":5.0,"key":"EntropicBrew"},{"floor":8.0,"key":"LiquidMemories"},{"floor":11.0,"key":"GhostInAJar"},{"floor":12.0,"key":"SmokeBomb"},{"floor":16.0,"key":"GhostInAJar"},{"floor":18.0,"key":"Energy Potion"},{"floor":23.0,"key":"Poison Potion"},{"floor":27.0,"key":"Swift Potion"},{"floor":31.0,"key":"Weak Potion"},{"floor":39.0,"key":"Strength Potion"},{"floor":42.0,"key":"Energy Potion"},{"floor":54.0,"key":"Dexterity Potion"}],"is_trial":false,"path_per_floor":["M","?","?","M","M","R","E","M","T","E","M","M","E","?","R","B",null,"M","?","M","?","M","E","M","$","T","E","$","E","M","E","R","B",null,"M","?","$","M","M","E","R","E","T","M","M","M","E","M","R","B","B",null,"R","$","E","B",null],"character_chosen":"THE_SILENT","items_purchased":["Du-Vu Doll","Block Potion","Wraith Form v2","Nunchaku","Reflex+1","Blade Dance+1","Well Laid Plans+1","Cauldron"],"campfire_rested":3,"item_purchase_floors":[25,25,28,37,37,37,54,54],"current_hp_per_floor":[58,47,47,47,43,43,9,9,9,9,6,4,4,4,25,15,58,56,49,44,44,44,38,13,13,13,21,21,33,32,43,43,21,59,59,59,59,55,55,55,55,55,55,55,55,55,55,55,72,44,39,64,72,72,44,40],"gold":58,"neow_bonus":"TEN_PERCENT_HP_BONUS","is_daily":false,"chose_seed":false,"campfire_upgraded":2,"win_rate":0.0,"timestamp":1613303947,"path_taken":["M","?","?","M","M","R","E","M","T","E","?","M","E","?","R","BOSS","M","?","?","?","?","E","M","$","T","E","?","E","M","E","R","BOSS","M","?","?","?","M","E","R","E","T","M","?","M","E","M","R","BOSS","BOSS","R","$","E","BOSS"],"items_purchased_type":["Relic","Potion","Card","Relic","Card","Card","Card","Relic"],"build_version":"2020-12-22","purchased_purges":2,"victory":true,"max_hp_per_floor":[72,72,72,72,72,72,72,72,72,72,72,72,72,72,72,72,72,72,72,72,72,72,72,72,72,72,72,72,72,72,72,72,72,72,72,72,72,72,72,72,72,72,72,72,72,72,72,72,72,72,72,72,72,72,72,72],"card_choices":[{"not_picked":["Backflip","Cloak And Dagger"],"picked":"Terror","floor":1.0},{"not_picked":["Crippling Poison","Prepared","Catalyst"],"picked":"SKIP","floor":4.0},{"not_picked":["Deadly Poison","Setup","Backflip"],"picked":"SKIP","floor":5.0},{"not_picked":["Heel Hook","Poisoned Stab"],"picked":"Predator","floor":7.0},{"not_picked":["Backstab","Acrobatics+1"],"picked":"Blade Dance+1","floor":8.0},{"not_picked":["Prepared+1","Predator"],"picked":"Concentrate+1","floor":10.0},{"not_picked":["Flying Knee","Heel Hook"],"picked":"Deflect+1","floor":11.0},{"not_picked":["Accuracy","Choke"],"picked":"Blade Dance+1","floor":12.0},{"not_picked":["Flying Knee","Flechettes"],"picked":"Accuracy","floor":13.0},{"not_picked":["Unload","A Thousand Cuts"],"picked":"Bullet Time+1","floor":16.0},{"not_picked":["Prepared+1","Quick Slash+1"],"picked":"Cloak And Dagger+1","floor":18.0},{"not_picked":["Eviscerate","Setup+1","Expertise+1"],"picked":"SKIP","floor":18.0},{"not_picked":["All Out Attack","Accuracy"],"picked":"Prepared+1","floor":20.0},{"not_picked":["Underhanded Strike","Dagger Throw","Finisher"],"picked":"SKIP","floor":20.0},{"not_picked":["Bane","Footwork"],"picked":"Tools of the Trade","floor":22.0},{"not_picked":["Caltrops+1","Prepared+1"],"picked":"Reflex+1","floor":22.0},{"not_picked":["Bouncing Flask+1","A Thousand Cuts"],"picked":"Wraith Form v2","floor":23.0},{"not_picked":["Leg Sweep+1","Deflect+1","Choke"],"picked":"Cloak And Dagger+1","floor":24.0},{"not_picked":["Deflect+1","Flying Knee","All Out Attack","Dagger Spray"],"picked":"SKIP","floor":24.0},{"not_picked":["A Thousand Cuts","Deadly Poison+1","Sucker Punch","Glass Knife"],"picked":"SKIP","floor":27.0},{"not_picked":["Backflip+1","Glass Knife","Die Die Die"],"picked":"Adrenaline+1","floor":29.0},{"not_picked":["All Out Attack","Distraction+1","Malaise+1"],"picked":"Acrobatics+1","floor":30.0},{"not_picked":["Deflect+1","Flechettes","Skewer","PiercingWail+1"],"picked":"SKIP","floor":30.0},{"not_picked":["Backstab","Dodge and Roll+1","Backflip+1"],"picked":"Night Terror+1","floor":31.0},{"not_picked":["Phantasmal Killer+1","Bullet Time+1","Malaise+1"],"picked":"After Image+1","floor":33.0},{"not_picked":["Eviscerate","Poisoned Stab","Quick Slash+1","Endless Agony"],"picked":"SKIP","floor":35.0},{"not_picked":["Sucker Punch","Unload","PiercingWail+1","Heel Hook"],"picked":"SKIP","floor":35.0},{"not_picked":["Poisoned Stab","Outmaneuver+1","Cloak And Dagger+1"],"picked":"Prepared+1","floor":38.0},{"not_picked":["Bouncing Flask+1","Prepared+1","Quick Slash+1"],"picked":"Adrenaline+1","floor":38.0},{"not_picked":["Quick Slash","Noxious Fumes+1","Flying Knee"],"picked":"Cloak And Dagger+1","floor":39.0},{"not_picked":["Dagger Spray","Poisoned Stab+1","Expertise+1"],"picked":"Concentrate+1","floor":39.0},{"not_picked":["Slice+1","Cloak And Dagger+1","Finisher"],"picked":"Blade Dance+1","floor":40.0},{"not_picked":["Heel Hook+1","Quick Slash","Grand Finale"],"picked":"After Image+1","floor":42.0},{"not_picked":["Acrobatics+1","Dagger Throw","Catalyst+1"],"picked":"Burst+1","floor":44.0},{"not_picked":["Quick Slash","Slice+1","Finisher"],"picked":"Blade Dance+1","floor":44.0},{"not_picked":["Masterful Stab","Outmaneuver+1","Dagger Throw+1"],"picked":"Footwork+1","floor":45.0},{"not_picked":["Deflect+1","Poisoned Stab","Corpse Explosion+1","Dagger Spray"],"picked":"SKIP","floor":45.0},{"not_picked":["Grand Finale","Finisher+1","Crippling Poison+1"],"picked":"Reflex+1","floor":46.0},{"not_picked":["All Out Attack","Backstab+1","Quick Slash+1"],"picked":"Backflip+1","floor":46.0},{"not_picked":["Predator+1","Flying Knee","Cloak And Dagger+1"],"picked":"Burst+1","floor":47.0},{"not_picked":["Expertise+1","Poisoned Stab","Dagger Spray"],"picked":"Acrobatics+1","floor":48.0},{"not_picked":["Distraction+1","Dagger Spray","Dodge and Roll+1","Deadly Poison+1"],"picked":"SKIP","floor":48.0},{"not_picked":["Storm of Steel+1","After Image+1","Sucker Punch+1"],"picked":"Wraith Form v2+1","floor":55.0}],"player_experience":404048,"relics_obtained":[{"floor":7.0,"key":"Toxic Egg 2"},{"floor":9.0,"key":"Mercury Hourglass"},{"floor":10.0,"key":"War Paint"},{"floor":13.0,"key":"Matryoshka"},{"floor":17.0,"key":"Happy Flower"},{"floor":17.0,"key":"Ninja Scroll"},{"floor":17.0,"key":"Prayer Wheel"},{"floor":23.0,"key":"Question Card"},{"floor":26.0,"key":"Meat on the Bone"},{"floor":26.0,"key":"Bottled Lightning"},{"floor":27.0,"key":"Turnip"},{"floor":29.0,"key":"CeramicFish"},{"floor":31.0,"key":"Frozen Egg 2"},{"floor":40.0,"key":"PreservedInsect"},{"floor":42.0,"key":"Lizard Tail"},{"floor":43.0,"key":"Boot"},{"floor":47.0,"key":"Gremlin Horn"},{"floor":55.0,"key":"Bag of Preparation"}],"event_choices":[{"damage_healed":0.0,"max_hp_gain":0.0,"max_hp_loss":0.0,"gold_gain":75.0,"event_name":"World of Goop","player_choice":"Gather Gold","floor":2.0,"gold_loss":0.0,"damage_taken":11.0},{"damage_healed":0.0,"max_hp_gain":0.0,"max_hp_loss":0.0,"gold_gain":0.0,"event_name":"Upgrade Shrine","player_choice":"Upgraded","floor":3.0,"gold_loss":0.0,"damage_taken":0.0,"cards_upgraded":["Terror"]},{"damage_healed":0.0,"max_hp_gain":0.0,"max_hp_loss":0.0,"gold_gain":65.0,"event_name":"Golden Wing","player_choice":"Gained Gold","floor":14.0,"gold_loss":0.0,"damage_taken":0.0},{"damage_healed":0.0,"max_hp_gain":0.0,"max_hp_loss":0.0,"gold_gain":50.0,"event_name":"FaceTrader","player_choice":"Touch","floor":19.0,"gold_loss":0.0,"damage_taken":7.0},{"damage_healed":0.0,"max_hp_gain":0.0,"max_hp_loss":0.0,"gold_gain":0.0,"event_name":"N\u0027loth","player_choice":"Traded Relic","floor":21.0,"relics_lost":["War Paint"],"gold_loss":0.0,"damage_taken":0.0,"relics_obtained":["Nloth\u0027s Gift"]},{"cards_removed":["Strike_G"],"damage_healed":0.0,"max_hp_gain":0.0,"max_hp_loss":0.0,"gold_gain":0.0,"event_name":"Purifier","player_choice":"Purged","floor":36.0,"gold_loss":0.0,"damage_taken":0.0}],"is_beta":false,"boss_relics":[{"not_picked":["Cursed Key","Busted Crown"],"picked":"Calling Bell"},{"not_picked":["Ring of the Serpent","Pandora\u0027s Box"],"picked":"Fusion Hammer"}],"items_purged_floors":[25,54],"is_endless":false,"potions_floor_spawned":[5,8,11,12,16,18,22,23,27,31,39,42,44,46,48,55],"ascension_level":20}}