{"host":"5fpb1gzflhq9886n","time":1613290809,"event":{"mods":["AchievementEnabler","BaseMod","Colored Map","Colored Powertips","Minty Spire (QoL Compilation)","Permanent Neow"],"gold_per_floor":[116,33,33,33,45,71,71,98,98,98,58,58,69,98,98,199,199,209,119,119,130,80,80,80],"floor_reached":23,"language":"ENG","playtime":1013,"items_purged":[],"score":350,"play_id":"d95f2484-43ab-4901-b547-fce27871f08a","local_time":"20210214032009","is_ascension_mode":true,"campfire_choices":[{"floor":7.0,"key":"REST"},{"floor":12.0,"key":"REST"},{"floor":15.0,"key":"REST"}],"circlet_count":0,"master_deck":["Strike_P","Strike_P","Strike_P","Strike_P","Defend_P","Defend_P","Defend_P","Defend_P","Eruption","Vigilance","Consecrate","Conclude","BowlingBash","ReachHeaven","Adaptation","Tantrum","Devotion","EmptyBody","Meditate","TalkToTheHand","ConjureBlade","FlurryOfBlows","WheelKick","Prostrate","BattleHymn"],"relics":["PureWater","Du-Vu Doll","Yang","Oddly Smooth Stone","Thread and Needle","Singing Bowl","CloakClasp","Black Star"],"acts_visited":["Exordium","TheCity"],"potions_floor_usage":[23,23,23],"damage_taken":[{"damage":0.0,"enemies":"Cultist","floor":1.0,"turns":3.0},{"damage":0.0,"enemies":"Jaw Worm","floor":5.0,"turns":3.0},{"damage":32.0,"enemies":"Lagavulin","floor":6.0,"turns":6.0},{"damage":10.0,"enemies":"3 Sentries","floor":8.0,"turns":3.0},{"damage":0.0,"enemies":"2 Louse","floor":13.0,"turns":2.0},{"damage":0.0,"enemies":"Gremlin Nob","floor":14.0,"turns":3.0},{"damage":0.0,"enemies":"Slime Boss","floor":16.0,"turns":6.0},{"damage":11.0,"enemies":"3 Byrds","floor":18.0,"turns":4.0},{"damage":10.0,"enemies":"Spheric Guardian","floor":21.0,"turns":4.0},{"damage":53,"enemies":"Gremlin Leader","floor":23,"turns":2}],"seed_played":"-7367354820085889387","potions_obtained":[{"floor":6.0,"key":"FearPotion"},{"floor":13.0,"key":"PowerPotion"},{"floor":16.0,"key":"Explosive Potion"},{"floor":20.0,"key":"StancePotion"}],"is_trial":false,"path_per_floor":["M","$","?","?","M","E","R","E","T","?","$","R","M","E","R","B",null,"M","$","?","M","?","E"],"character_chosen":"WATCHER","items_purchased":["Conclude","BowlingBash","Meditate","WheelKick","Prostrate"],"campfire_rested":3,"item_purchase_floors":[2,2,11,19,19],"current_hp_per_floor":[65,65,32,53,53,21,40,30,30,30,30,49,49,51,67,67,67,56,56,56,46,46,0,0],"gold":80,"neow_bonus":"ONE_RARE_RELIC","is_daily":false,"chose_seed":false,"campfire_upgraded":0,"win_rate":0.0,"timestamp":1613290809,"path_taken":["M","?","?","?","?","E","R","E","T","?","$","R","M","E","R","BOSS","M","?","?","?","?","E"],"items_purchased_type":["Card","Card","Card","Card","Card"],"build_version":"2020-12-22","purchased_purges":0,"victory":false,"max_hp_per_floor":[65,65,65,65,65,65,65,65,65,65,65,65,65,67,67,67,67,67,67,67,67,67,67,67],"card_choices":[{"not_picked":["FearNoEvil","Crescendo"],"picked":"Consecrate","floor":1.0},{"not_picked":["JustLucky","Pray"],"picked":"ReachHeaven","floor":5.0},{"not_picked":["Vault","Halt"],"picked":"Adaptation","floor":6.0},{"not_picked":["BattleHymn","FlurryOfBlows"],"picked":"Tantrum","floor":8.0},{"not_picked":["Halt","BowlingBash"],"picked":"TalkToTheHand","floor":13.0},{"not_picked":["Consecrate","Evaluate","CrushJoints"],"picked":"Singing Bowl","floor":14.0},{"not_picked":["Alpha","Blasphemy"],"picked":"ConjureBlade","floor":16.0},{"not_picked":["Tantrum","Evaluate"],"picked":"FlurryOfBlows","floor":18.0},{"not_picked":["Swivel","CarveReality+1"],"picked":"BattleHymn","floor":21.0}],"player_experience":824550,"relics_obtained":[{"floor":6.0,"key":"Oddly Smooth Stone"},{"floor":8.0,"key":"Thread and Needle"},{"floor":9.0,"key":"Singing Bowl"},{"floor":14.0,"key":"CloakClasp"}],"event_choices":[{"damage_healed":0.0,"max_hp_gain":0.0,"max_hp_loss":0.0,"gold_gain":0.0,"event_name":"Scrap Ooze","player_choice":"Success","floor":3.0,"gold_loss":0.0,"damage_taken":33.0,"relics_obtained":["Yang"]},{"damage_healed":21.0,"max_hp_gain":0.0,"max_hp_loss":0.0,"gold_gain":0.0,"event_name":"Big Fish","player_choice":"Banana","floor":4.0,"gold_loss":0.0,"damage_taken":0.0},{"damage_healed":0.0,"max_hp_gain":0.0,"max_hp_loss":0.0,"gold_gain":0.0,"event_name":"Match and Keep!","player_choice":"2 cards matched","floor":10.0,"gold_loss":0.0,"damage_taken":0.0,"cards_obtained":["Devotion","EmptyBody"]},{"damage_healed":0.0,"max_hp_gain":0.0,"max_hp_loss":0.0,"gold_gain":0.0,"event_name":"Lab","player_choice":"Got Potions","floor":20.0,"gold_loss":0.0,"damage_taken":0.0},{"damage_healed":0.0,"max_hp_gain":0.0,"max_hp_loss":0.0,"gold_gain":0.0,"event_name":"The Joust","player_choice":"Bet on Murderer","floor":22.0,"gold_loss":50.0,"damage_taken":0.0}],"is_beta":false,"boss_relics":[{"not_picked":["Velvet Choker","Busted Crown"],"picked":"Black Star"}],"items_purged_floors":[],"is_endless":false,"potions_floor_spawned":[6,13,16],"killed_by":"Gremlin Leader","ascension_level":5}}