{"host":"1ertv6sefge3tobl","time":1613304229,"event":{"mods":["BaseMod","Downfall","Minty Spire (QoL Compilation)","StSLib"],"gold_per_floor":[99,119,135,151,61,74,125,125,125,143,68,68,84,94,114,213,213,63,75,86,86,186,71,71,171,171,183,133,133,149,159,175,270,270,220,238,248,248,12,12,12,12],"floor_reached":40,"language":"ZHS","playtime":4695,"items_purged":["Slimebound:Defend_Slimebound","Slimebound:Defend_Slimebound"],"score":382,"play_id":"41a1c4da-28f2-4f6c-9a8d-dfa653d24f78","local_time":"20210214200349","is_ascension_mode":false,"campfire_choices":[{"floor":1.0,"key":"RECALL"},{"data":"Slimebound:DuplicatedForm","floor":18.0,"key":"SMITH"},{"floor":28.0,"key":"DIG"},{"floor":35,"key":"DIG"}],"circlet_count":0,"master_deck":["Slimebound:Strike_Slimebound","Slimebound:Strike_Slimebound","Slimebound:Tackle","Slimebound:Defend_Slimebound","Slimebound:Defend_Slimebound","Slimebound:Split","Slimebound:CorrosiveSpit","Slimebound:RollThrough","Slimebound:LivingWall","Slimebound:SamplingLick","Slimebound:OozeBath","Slimebound:SlimeSpikes","Slimebound:DuplicatedForm+1","Slimebound:Gluttony+1","Slimebound:LeechEnergy","Magnetism","Slimebound:GoopTackle+1","J.A.X.","Slimebound:LeechingTouch+1","Slimebound:LeadByExample+1","downfall:Bewildered","Slimebound:GoopTackle+1","Slimebound:SplitLeeching+1","Slimebound:WasteNot","Slimebound:LevelUp","Slimebound:ProtectTheBoss+1","Slimebound:Split","Slimebound:AcidTongue"],"relics":["Slimebound:AbsorbEndCombatUpgraded","Slimebound:GreedOozeRelic","bronze:MakeshiftBattery","downfall:HeartBlessingRed","Shovel","Meat on the Bone","Molten Egg 2","MutagenicStrength","Happy Flower","sneckomod:BabySnecko","Bottled Tornado","Strange Spoon"],"acts_visited":["Exordium","TheCity","TheBeyond"],"potions_floor_usage":[40],"damage_taken":[{"damage":20.0,"enemies":"Jaw Worm","floor":2.0,"turns":5.0},{"damage":1.0,"enemies":"Small Slimes","floor":3.0,"turns":4.0},{"damage":1.0,"enemies":"2 Louse","floor":4.0,"turns":3.0},{"damage":5.0,"enemies":"downfall:FleeingMerchant","floor":5.0,"turns":4.0},{"damage":15.0,"enemies":"Large Slime","floor":6.0,"turns":6.0},{"damage":3.0,"enemies":"2 Fungi Beasts","floor":10.0,"turns":5.0},{"damage":4.0,"enemies":"3 Louse","floor":13.0,"turns":3.0},{"damage":5.0,"enemies":"Lots of Slimes","floor":14.0,"turns":5.0},{"damage":7.0,"enemies":"Exordium Thugs","floor":15.0,"turns":5.0},{"damage":59.0,"enemies":"DF_ARCHETYPE_STREAMLINE","floor":16.0,"turns":10.0},{"damage":16.0,"enemies":"downfall:LooterAlt2","floor":19.0,"turns":5.0},{"damage":12.0,"enemies":"Spheric Guardian","floor":20.0,"turns":4.0},{"damage":34.0,"enemies":"IC_STATUS_ARCHETYPE","floor":22.0,"turns":5.0},{"damage":0.0,"enemies":"downfall:FleeingMerchant","floor":23.0,"turns":4.0},{"damage":31.0,"enemies":"downfall:Augmenter","floor":25.0,"turns":3.0},{"damage":24.0,"enemies":"Shelled Parasite and Fungi","floor":27.0,"turns":3.0},{"damage":36.0,"enemies":"Snake Plant","floor":30.0,"turns":3.0},{"damage":23.0,"enemies":"3 Cultists","floor":31.0,"turns":4.0},{"damage":18.0,"enemies":"Chosen and Byrds","floor":32.0,"turns":4.0},{"damage":45.0,"enemies":"WA_ARCHETYPE_CALM","floor":33.0,"turns":8.0},{"damage":31,"enemies":"3 Shapes","floor":36,"turns":3},{"damage":31,"enemies":"Orb Walker","floor":37,"turns":4},{"damage":14,"enemies":"downfall:FleeingMerchant","floor":39,"turns":4},{"damage":77,"enemies":"Nemesis","floor":40,"turns":7}],"seed_played":"-7950018148202407923","potions_obtained":[{"floor":4.0,"key":"CultistPotion"},{"floor":10.0,"key":"DistilledChaos"},{"floor":13.0,"key":"Fire Potion"},{"floor":15.0,"key":"Slimebound:ThreeZeroPotion"},{"floor":19.0,"key":"champ:CounterPotion"},{"floor":20.0,"key":"DistilledChaos"},{"floor":22.0,"key":"champ:CounterPotion"},{"floor":30.0,"key":"Regen Potion"},{"floor":31.0,"key":"EssenceOfSteel"},{"floor":36,"key":"LiquidBronze"}],"is_trial":false,"path_per_floor":["R","M","M","M","$","M","T","?","?","M","?","?","M","M","M","B",null,"R","M","M","?","?","$","T","?","?","M","R","?","M","M","M","B",null,"R","M","M","?","$","E"],"character_chosen":"SLIMEBOUND","items_purchased":["Strange Spoon","Slimebound:AcidTongue"],"campfire_rested":0,"item_purchase_floors":[39,39],"current_hp_per_floor":[71,54,55,56,57,46,46,46,46,49,49,49,51,54,55,4,71,71,59,49,49,36,40,40,40,63,45,45,45,42,39,39,29,71,71,61,45,45,46,0,0,0],"gold":12,"neow_bonus":"TEN_PERCENT_HP_BONUS","is_daily":false,"chose_seed":false,"campfire_upgraded":1,"win_rate":0.0,"timestamp":1613304229,"path_taken":["R","M","M","M","$","M","T","?","?","M","?","?","M","M","M","BOSS","R","M","M","?","?","$","T","?","?","M","R","?","M","M","M","BOSS","R","M","M","?","$","E"],"items_purchased_type":["Relic","Card"],"build_version":"2020-12-22","purchased_purges":2,"victory":false,"max_hp_per_floor":[71,71,71,71,71,71,71,71,71,71,71,71,71,71,71,71,71,71,71,71,71,71,71,71,71,71,71,71,71,71,71,71,71,71,71,71,71,71,71,71,71,71],"card_choices":[{"not_picked":["Slimebound:ItLooksTasty","Slimebound:SplitAcid"],"picked":"Slimebound:RollThrough","floor":2.0},{"not_picked":["Slimebound:SlimeSpikes","Slimebound:LeechingTouch"],"picked":"Slimebound:LivingWall","floor":3.0},{"not_picked":["Slimebound:BestDefense","Slimebound:RollThrough"],"picked":"Slimebound:MassRepurpose","floor":4.0},{"not_picked":["Slimebound:LivingWall","Slimebound:ItLooksTasty"],"picked":"Slimebound:SamplingLick","floor":5.0},{"not_picked":["Slimebound:Schlurp","Slimebound:SplitAcid","Slimebound:PressTheAttack"],"picked":"SKIP","floor":6.0},{"not_picked":["Slimebound:ViciousTackle","Slimebound:Prepare"],"picked":"Slimebound:OozeBath","floor":10.0},{"not_picked":["Slimebound:LeechingTouch","Slimebound:PressTheAttack","Slimebound:RollThrough"],"picked":"SKIP","floor":13.0},{"not_picked":["Slimebound:SlimeBarrage","Slimebound:Schlurp"],"picked":"Slimebound:SlimeSpikes","floor":14.0},{"not_picked":["Slimebound:SlimeSpikes","Slimebound:SamplingLick","Slimebound:FormOfPuddle"],"picked":"SKIP","floor":15.0},{"not_picked":["Slimebound:OneTwoCombo","Slimebound:PrepareCrush"],"picked":"Slimebound:DuplicatedForm","floor":16.0},{"not_picked":["Slimebound:LivingWall","Slimebound:SlimeBrawl","Slimebound:Gluttony"],"picked":"SKIP","floor":19.0},{"not_picked":["Slimebound:GoopTackle","Slimebound:LeechingTouch","Slimebound:DuplicatedForm"],"picked":"SKIP","floor":20.0},{"not_picked":["Slimebound:Nibble","Slimebound:GoopTackle"],"picked":"Slimebound:Gluttony+1","floor":22.0},{"not_picked":["Slimebound:GoopTackle","Slimebound:ViciousTackle"],"picked":"Slimebound:LeechEnergy","floor":23.0},{"not_picked":[],"picked":"J.A.X.","floor":25.0},{"not_picked":["Slimebound:Dissolve","Slimebound:FormOfPuddle"],"picked":"Slimebound:LeechingTouch+1","floor":25.0},{"not_picked":["Slimebound:SlimeBrawl+1","Slimebound:GoopSpray"],"picked":"Slimebound:LeadByExample+1","floor":27.0},{"not_picked":["Slimebound:RejuvenatingLick","Slimebound:DuplicatedForm"],"picked":"Slimebound:GoopTackle+1","floor":30.0},{"not_picked":["Slimebound:SplitMire+1","Slimebound:GoopSpray","Slimebound:Grow"],"picked":"SKIP","floor":31.0},{"not_picked":["Slimebound:FlameTackle+1","Slimebound:Repurpose"],"picked":"Slimebound:SplitLeeching+1","floor":32.0},{"not_picked":["Slimebound:OozeBath","Slimebound:MassFeed+1"],"picked":"Slimebound:WasteNot","floor":33.0},{"not_picked":["Slimebound:RollThrough+1","Slimebound:LeechEnergy+1"],"picked":"Slimebound:LevelUp","floor":36},{"not_picked":["Slimebound:GoopSpray+1","Slimebound:SplitAcid"],"picked":"Slimebound:ProtectTheBoss+1","floor":37},{"not_picked":["Slimebound:LeechingTouch+1","Slimebound:ComboTackle+1","Slimebound:LeechEnergy+1"],"picked":"SKIP","floor":39}],"player_experience":300971,"relics_obtained":[{"floor":22.0,"key":"Shovel"},{"floor":22.0,"key":"Meat on the Bone"},{"floor":24.0,"key":"Molten Egg 2"},{"floor":25.0,"key":"MutagenicStrength"},{"floor":28.0,"key":"Happy Flower"},{"floor":35,"key":"Bottled Tornado"}],"event_choices":[{"damage_healed":23.0,"max_hp_gain":0.0,"max_hp_loss":0.0,"gold_gain":0.0,"event_name":"The Library","player_choice":"Heal","floor":26.0,"gold_loss":0.0,"damage_taken":0.0}],"is_beta":false,"boss_relics":[{"not_picked":["Sozu","Calling Bell"],"picked":"bronze:MakeshiftBattery"},{"not_picked":["Fusion Hammer","Black Star"],"picked":"Slimebound:AbsorbEndCombatUpgraded"}],"items_purged_floors":[5,23],"is_endless":false,"potions_floor_spawned":[4,10,13,15,19,20,22,30,31,36],"killed_by":"Nemesis","ascension_level":0}}