{"host":"o5lch9xvacbb0fa4","time":1613330318,"event":{"mods":["AchievementEnabler","Act Like it!","Aspiration","Bard","BaseMod","Better Altar","Better Match","Better Note","Better Sensory Stone","Better Skull","Better Third Choice","Better Vampires","BetterRewards","CCEM","Colored Map","Conspire","Downfall","GifTheSpireLib","Googly Eyes","GungeonMod","Halation","Hermit","Highlight Path","Hubris","Infinite Spire","Jedi Mod","Jorbs\u0027s Wanderer Trilogy","Marisa????????","Marked Mod","Mimic Mod","Minty Spire (QoL Compilation)","Permanent Neow","Relic Filter","Relic Sorter","Relic Stats","Replay The Spire","Shade Mod","Shop Mod","Small Relic Pack","StSLib","Stuff the Spire","The Blackbeard","The Runesmith","Unceasing Turn Reminder","everything is the same but u backflip on backflip","slay the spire mod where everything is the same but ironclad has a cowboy hat"],"gold_per_floor":[110,127,143,157,169,202,216,216,255,53,72,88,88,102,102,232,232,255,255,477,500,518,518,542,542,542,560,560,560,573,0,0,124,124,143,162,177,42,85,85,129,154,180,180,263,263,263,135,135,135],"floor_reached":51,"playtime":2823,"items_purged":["hermit:Strike_Hermit"],"score":712,"play_id":"cc7f5689-dc25-4c52-a251-0d4bb8422415","local_time":"20210215031838","is_ascension_mode":false,"campfire_choices":[{"data":"hermit:Determination","floor":15,"key":"SMITH"},{"data":"hermit:FlashPowder","floor":23,"key":"SMITH"},{"data":"hermit:SprayPray","floor":25,"key":"SMITH"},{"data":"Guardian:Preprogram","floor":29,"key":"SMITH"},{"data":"hermit:Horror","floor":32,"key":"SMITH"},{"data":"Wish","floor":40,"key":"SMITH"},{"data":"Heavy Blade","floor":44,"key":"SMITH"},{"data":"hermit:Quickdraw","floor":46,"key":"SMITH"},{"data":"bard:EchoEcho","floor":49,"key":"SMITH"}],"circlet_count":0,"master_deck":["hermit:Strike_Hermit","hermit:Strike_Hermit","hermit:Strike_Hermit","hermit:Defend_Hermit","hermit:Defend_Hermit","hermit:Defend_Hermit","hermit:Defend_Hermit","hermit:Snapshot","hermit:Covet","hermit:SprayPray+1","hermit:ItchyTrigger","hermit:Feint","hermit:Horror+1","hermit:Determination+1","hermit:FlashPowder+1","hermit:Desperado","hermit:HoleUp","hermit:Snipe","Guardian:Preprogram+1","sneckomod:UnknownWeak","Metallicize","Echo Form","NonDirectionalLaser+1","hexamod:FirstSeal","sneckomod:UnknownWeak+1","Dramatic Entrance","Heavy Blade+1","hermit:Coalescence","Wish+1","bard:EchoEcho+1","bard:LingeringEcho","blackbeard:GhostInTheRum+1","hermit:Brawl","hermit:HoleUp","hermit:Quickdraw+1","sneckomod:Unknown1Cost+1","Heavy Blade+1","stsjorbsmod:Accumulation+1","StuffTheSpire:BrainWave","hermit:ShadowCloak"],"relics":["hermit:Momento","NeowsBlessing","Durian","Golden Idol","Potion Belt","PrismaticShard","conspire:SeveredTorchhead","Oddly Smooth Stone","infinitespire:Lucky Rock","StuffTheSpire:HeavyRock","Pen Nib","Replay:Baseball","aspiration:AnachronicSnailShell","CCEMRelics:DerglesHeadphones","Replay:Wax Seal"],"acts_visited":["Exordium","TheCity","TheBeyond"],"potions_floor_usage":[11,14,16,16,24,33,36,37,41,45,50,50,50],"damage_taken":[{"damage":0,"enemies":"2 Louse","floor":1,"turns":1},{"damage":0,"enemies":"Jaw Worm","floor":2,"turns":1},{"damage":0,"enemies":"Small Slimes","floor":3,"turns":1},{"damage":4,"enemies":"Blue Slaver","floor":4,"turns":3},{"damage":0,"enemies":"Gremlin Gang","floor":5,"turns":3},{"damage":25,"enemies":"Lagavulin","floor":6,"turns":6},{"damage":4,"enemies":"Looter","floor":7,"turns":3},{"damage":0,"enemies":"Exordium Wildlife","floor":9,"turns":8},{"damage":7,"enemies":"Exordium Wildlife","floor":11,"turns":3},{"damage":0,"enemies":"2 Fungi Beasts","floor":12,"turns":4},{"damage":12,"enemies":"Gremlin Gang","floor":14,"turns":5},{"damage":14,"enemies":"The Guardian","floor":16,"turns":14},{"damage":0,"enemies":"3 Byrds","floor":18,"turns":5},{"damage":9,"enemies":"Shell Parasite","floor":21,"turns":4},{"damage":0,"enemies":"Shelled Parasite and Fungi","floor":22,"turns":5},{"damage":0,"enemies":"Snecko","floor":24,"turns":4},{"damage":0,"enemies":"Centurion and Healer","floor":27,"turns":6},{"damage":0,"enemies":"conspire:HollyBat","floor":30,"turns":6},{"damage":4,"enemies":"hubris:MusketHawk","floor":33,"turns":5},{"damage":2,"enemies":"3 Darklings","floor":35,"turns":5},{"damage":0,"enemies":"Orb Walker","floor":36,"turns":3},{"damage":2,"enemies":"Writhing Mass","floor":37,"turns":4},{"damage":0,"enemies":"Sphere and 2 Shapes","floor":39,"turns":7},{"damage":31,"enemies":"Nemesis","floor":41,"turns":5},{"damage":0,"enemies":"4 Shapes","floor":42,"turns":5},{"damage":7,"enemies":"Maw","floor":45,"turns":6},{"damage":2,"enemies":"hubris:GrandSnecko","floor":50,"turns":10}],"seed_played":"-5041615373658517834","potions_obtained":[{"floor":3,"key":"AttackPotion"},{"floor":4,"key":"FearPotion"},{"floor":6,"key":"ColorlessPotion"},{"floor":12,"key":"Energy Potion"},{"floor":14,"key":"SkillPotion"},{"floor":22,"key":"Guardian:BlockOnCardUsePotion"},{"floor":24,"key":"jedi:StrikingPotion"},{"floor":30,"key":"SkillPotion"},{"floor":35,"key":"Block Potion"},{"floor":36,"key":"Toxic Potion"},{"floor":42,"key":"LiquidMemories"},{"floor":45,"key":"Reflective Coating"}],"is_trial":false,"path_per_floor":["M","M","M","M","M","E","M","?","MIM","$","M","M","T","M","R_BF","B",null,"M","?","?","M","M","R","M","R","T","M","?","R","M","$","R","B",null,"M","M","M","$","M","R","E","M","T","R","M","R","?","$","R","B",null],"character_chosen":"HERMIT","items_purchased":["PrismaticShard","hermit:Snipe","Replay:Baseball","aspiration:AnachronicSnailShell","hermit:Coalescence","hermit:Brawl","hermit:HoleUp","hermit:Quickdraw","hermit:ShadowCloak","SteroidPotion"],"campfire_rested":0,"item_purchase_floors":[10,10,31,31,31,38,38,38,48,48],"current_hp_per_floor":[75,75,75,71,71,51,47,47,47,47,40,40,40,28,28,14,74,74,74,28,19,33,33,40,40,40,54,54,54,68,68,68,64,74,74,74,72,72,74,74,50,57,57,69,69,74,67,67,67,65],"gold":135,"neow_bonus":"THREE_ENEMY_KILL","is_daily":false,"chose_seed":false,"campfire_upgraded":9,"win_rate":0.0,"timestamp":1613330318,"path_taken":["M","M","M","M","M","E","M","?","MIM","?","M","M","?","?","R_BF","BOSS","M","?","?","?","M","R","M","R","T","M","?","R","?","$","R","BOSS","M","?","M","?","M","R","E","M","T","R","?","R","?","$","R","BOSS"],"items_purchased_type":["Relic","Card","Relic","Relic","Card","Card","Card","Card","Card","Potion"],"build_version":"2020-12-13","purchased_purges":1,"victory":true,"max_hp_per_floor":[75,75,75,75,75,80,80,74,74,74,74,74,74,74,74,74,74,74,74,74,74,74,74,74,74,74,74,74,74,74,74,74,74,74,74,74,74,74,74,74,74,74,74,74,74,74,67,67,67,67],"relic_stats":{"counters":[27,132],"Golden Idol":155,"Pen Nib":[9],"obtain_stats":[{"Potion Belt":9,"NeowsBlessing":0,"Golden Idol":8,"Oddly Smooth Stone":20,"DemoMod:GlassGuonStoneRelic":2,"Pen Nib":28,"infinitespire:Lucky Rock":20,"PrismaticShard":10,"CCEMRelics:DerglesHeadphones":41,"conspire:SeveredTorchhead":17,"Replay:Baseball":31,"StuffTheSpire:HeavyRock":26,"aspiration:AnachronicSnailShell":31,"Durian":6,"Replay:Wax Seal":43,"hermit:Momento":0},{"Potion Belt":8,"NeowsBlessing":0,"Golden Idol":7,"Oddly Smooth Stone":13,"DemoMod:GlassGuonStoneRelic":2,"Pen Nib":17,"infinitespire:Lucky Rock":13,"PrismaticShard":8,"CCEMRelics:DerglesHeadphones":24,"conspire:SeveredTorchhead":12,"Replay:Baseball":18,"StuffTheSpire:HeavyRock":16,"aspiration:AnachronicSnailShell":18,"Durian":6,"Replay:Wax Seal":25,"hermit:Momento":0},{"Potion Belt":26,"NeowsBlessing":0,"Golden Idol":18,"Oddly Smooth Stone":57,"DemoMod:GlassGuonStoneRelic":2,"Pen Nib":76,"infinitespire:Lucky Rock":57,"PrismaticShard":26,"CCEMRelics:DerglesHeadphones":111,"conspire:SeveredTorchhead":52,"Replay:Baseball":82,"StuffTheSpire:HeavyRock":70,"aspiration:AnachronicSnailShell":82,"Durian":15,"Replay:Wax Seal":116,"hermit:Momento":0}]},"card_choices":[{"not_picked":["hermit:Manifest","hermit:Spite"],"picked":"hermit:SprayPray","floor":1},{"not_picked":["hermit:Gambit","hermit:TrackingShot"],"picked":"hermit:ItchyTrigger","floor":2},{"not_picked":["hermit:Misfire","hermit:Scavenge"],"picked":"hermit:Feint","floor":3},{"not_picked":["hermit:CalledShot","hermit:Roulette"],"picked":"hermit:Horror","floor":4},{"not_picked":["hermit:WideOpen","hermit:LoneWolf"],"picked":"hermit:Determination","floor":5},{"not_picked":["hermit:HighCaliber","hermit:Enervate"],"picked":"hermit:FlashPowder","floor":6},{"not_picked":["hermit:Maintenance","hermit:Shortfuse"],"picked":"hermit:Desperado","floor":7},{"not_picked":["hermit:HighCaliber","hermit:LoneWolf"],"picked":"hermit:HoleUp","floor":9},{"not_picked":["sneckomod:UnknownClassGREEN","Acceleration"],"picked":"Guardian:Preprogram","floor":11},{"not_picked":["Searing Blow","Slimebound:LeechingTouch"],"picked":"sneckomod:UnknownWeak","floor":12},{"not_picked":["stsjorbsmod:ChainLightning","champ:StanceDance"],"picked":"Metallicize","floor":14},{"not_picked":["sneckomod:DangerNoodle","Runesmith:UnlimitedPower"],"picked":"Echo Form","floor":16},{"not_picked":["stsjorbsmod:Prepare","hubris:SharpeningStone","Prostrate+1"],"picked":"SKIP","floor":18},{"not_picked":["hermit:Roulette","stsjorbsmod:Poultergeist"],"picked":"hexamod:FirstSeal","floor":21},{"not_picked":["champ:GladiatorsShout","Shade:GraveStillness"],"picked":"sneckomod:UnknownWeak+1","floor":22},{"not_picked":["Compile Driver+1","sneckomod:UnknownClassHEXA_GHOST_PURPLE","Replay:Undeath\u0027s Touch"],"picked":"SKIP","floor":24},{"not_picked":["champ:BladeFlurry","champ:RecklessLeap"],"picked":"Dramatic Entrance","floor":27},{"not_picked":["hexamod:AdvancingGuard","stsjorbsmod:FracturedMind","Heavy Blade"],"picked":"SKIP","floor":30},{"not_picked":["hexamod:AdvancingGuard","stsjorbsmod:FracturedMind"],"picked":"Heavy Blade","floor":30},{"not_picked":["jedi:LeechingStrike","Shade:MadHubris"],"picked":"Wish","floor":33},{"not_picked":["Clothesline+1","Slimebound:Schlurp+1"],"picked":"bard:EchoEcho","floor":35},{"not_picked":["hexamod:SecondSeal","Runesmith:FrozenChisel+1"],"picked":"bard:LingeringEcho","floor":36},{"not_picked":["blackbeard:BeatUp+1","AlicesGift"],"picked":"blackbeard:GhostInTheRum+1","floor":37},{"not_picked":["Runesmith:Overpower+1","Compile Driver+1"],"picked":"sneckomod:Unknown1Cost+1","floor":39},{"not_picked":["blackbeard:DoubleCannonball","sneckomod:SnekBeam"],"picked":"Heavy Blade+1","floor":41},{"not_picked":["Slimebound:SlimeSpikes+1","Endless Agony+1"],"picked":"stsjorbsmod:Accumulation+1","floor":42},{"not_picked":["bard:PhantasmalForce","Evolve+1","Guardian:TemporalStrike"],"picked":"SKIP","floor":45}],"player_experience":48840,"relics_obtained":[{"floor":6,"key":"Durian"},{"floor":9,"key":"Potion Belt"},{"floor":26,"key":"StuffTheSpire:HeavyRock"},{"floor":28,"key":"Pen Nib"},{"floor":41,"key":"CCEMRelics:DerglesHeadphones"},{"floor":43,"key":"Replay:Wax Seal"}],"event_choices":[{"damage_healed":0,"gold_gain":0,"player_choice":"Lose Max HP","damage_taken":0,"relics_obtained":["Golden Idol"],"max_hp_gain":0,"max_hp_loss":6,"event_name":"Golden Idol","floor":8,"gold_loss":0},{"cards_removed":["hermit:Determination"],"damage_healed":0,"gold_gain":0,"player_choice":"Take \u0026 Give","damage_taken":0,"max_hp_gain":0,"max_hp_loss":0,"event_name":"betterNote:BetterNote","floor":19,"gold_loss":0,"cards_obtained":["NonDirectionalLaser"]},{"damage_healed":0,"gold_gain":222,"player_choice":"RE RE GO GO ","damage_taken":52,"relics_obtained":["Oddly Smooth Stone","infinitespire:Lucky Rock"],"max_hp_gain":0,"max_hp_loss":0,"event_name":"betterSkull:BetterSkull","floor":20,"gold_loss":0,"cards_upgraded":[]},{"damage_healed":0,"gold_gain":0,"player_choice":"Relic","damage_taken":0,"max_hp_gain":0,"max_hp_loss":0,"event_name":"Wheel of Change","floor":28,"gold_loss":0}],"is_beta":false,"boss_relics":[{"not_picked":["Runic Dome","aspiration:PoetsPen"],"picked":"conspire:SeveredTorchhead"},{"not_picked":["hubris:RunicObelisk","aspiration:SecretTechniqueScroll","Runesmith:UraniumAnvil"]}],"items_purged_floors":[31],"is_endless":false,"potions_floor_spawned":[3,4,6,12,14,22,24,30,35,36,42,45],"ascension_level":0}}