{"host":"7fwnp8pk7osg3ahc","time":1613289701,"event":{"mods":["2.2 Compatiblity","BaseMod","Downfall","Marisa????????","Minty Spire (QoL Compilation)","Replay The Spire","StSLib","The Servant 0.9.4"],"gold_per_floor":[99,116,128,128,128,139,164,64,84,114,132,152,152,152,152,602,620,718,718,518,531,531,26,111,96,96,96,96,96,107,121,132,37,55,55,55],"floor_reached":35,"language":"ENG","playtime":1718,"items_purged":["Shame","downfall:Malfunctioning","downfall:Icky"],"score":307,"play_id":"d4e9fff2-5258-4a0a-ac21-b50e05ecbeb4","local_time":"20210214020141","is_ascension_mode":false,"campfire_choices":[{"floor":1,"key":"RECALL"},{"data":"MilkyWay","floor":8,"key":"SMITH"},{"data":"MilkyWay","floor":20,"key":"SMITH"},{"floor":27,"key":"REST"}],"circlet_count":0,"master_deck":["Defend_MRS","Defend_MRS+1","Defend_MRS","Defend_MRS+1","MasterSpark","UpSweep","MilkyWay+1","MilkyWay+1","StarBarrage","PowerUp+1","downfall:Icky","downfall:Icky","UltimateShortwave","Trip","Bite","Bite","Bite","Bite","Bite","RitualDagger+1","Crow Ritual","Crow Ritual"],"relics":["MiniHakkero","Bronze Scales","downfall:HeartBlessingRed","ReplayTheSpireMod:CursedCoin","Ice Cream","ReplayTheSpireMod:DimensionalGlitch","downfall:HeartBlessingGreen","downfall:HeartBlessingBlue","SimpleLauncher","Nunchaku","DollysMirror"],"acts_visited":["Exordium","TheCity"],"potions_floor_usage":[31,33,34,34],"damage_taken":[{"damage":0,"enemies":"2 Louse","floor":2,"turns":2},{"damage":5,"enemies":"Small Slimes","floor":3,"turns":4},{"damage":1,"enemies":"Jaw Worm","floor":6,"turns":3},{"damage":0,"enemies":"downfall:FleeingMerchant","floor":9,"turns":4},{"damage":17,"enemies":"3 Sentries","floor":10,"turns":8},{"damage":0,"enemies":"3 Louse","floor":11,"turns":3},{"damage":0,"enemies":"downfall:LooterAlt","floor":12,"turns":3},{"damage":1,"enemies":"2 Fungi Beasts","floor":17,"turns":3},{"damage":28,"enemies":"IC_STATUS_ARCHETYPE","floor":18,"turns":9},{"damage":13,"enemies":"3 Byrds","floor":21,"turns":5},{"damage":0,"enemies":"Chosen","floor":22,"turns":1},{"damage":6,"enemies":"downfall:FleeingMerchant","floor":23,"turns":4},{"damage":20,"enemies":"downfall:FleeingMerchant","floor":25,"turns":4},{"damage":23,"enemies":"Shelled Parasite and Fungi","floor":30,"turns":5},{"damage":9,"enemies":"Snake Plant","floor":31,"turns":3},{"damage":22,"enemies":"Snecko","floor":32,"turns":4},{"damage":8,"enemies":"downfall:FleeingMerchant","floor":33,"turns":4},{"damage":17,"enemies":"Shelled Parasite and Fungi","floor":34,"turns":4},{"damage":16,"enemies":"SI_MIRROR_ARCHETYPE","floor":35,"turns":1}],"seed_played":"1602674984250940842","potions_obtained":[{"floor":3,"key":"Dexterity Potion"},{"floor":6,"key":"AttackPotion"},{"floor":11,"key":"sneckomod:MuddlingPotion"},{"floor":12,"key":"LifebloodPotion"},{"floor":21,"key":"Ancient Potion"},{"floor":29,"key":"CultistPotion"},{"floor":31,"key":"DuplicationPotion"}],"is_trial":false,"path_per_floor":["R","M","M","?","?","M","T","R","$","E","M","M","PTL","PTL","?","?","M","B",null,"R","M","M","$","?","$","T","R","?","?","M","M","M","$","M","B"],"character_chosen":"MARISA","items_purchased":["StarBarrage","ReplayTheSpireMod:CursedCoin","Trip","SimpleLauncher","Crow Ritual","DollysMirror"],"campfire_rested":1,"item_purchase_floors":[9,9,23,23,33,33],"current_hp_per_floor":[82,82,77,70,70,69,69,69,69,52,52,52,52,52,52,52,51,23,82,92,79,79,73,58,38,38,65,64,64,45,37,18,15,2,0,0],"gold":55,"neow_bonus":"TEN_PERCENT_HP_BONUS","is_daily":false,"chose_seed":false,"campfire_upgraded":2,"win_rate":0.0,"timestamp":1613289701,"path_taken":["R","M","M","?","?","M","T","R","?","E","M","M","PTL","PTL","?","?","M","BOSS","R","M","M","$","?","$","T","R","?","?","M","M","?","$","M","BOSS"],"items_purchased_type":["Card","Relic","Card","Relic","Card","Relic"],"build_version":"2020-12-22","purchased_purges":3,"victory":false,"max_hp_per_floor":[82,82,82,82,82,82,82,82,82,82,82,82,82,82,82,82,82,82,82,92,92,92,92,92,92,92,92,64,64,64,64,64,64,64,64,64],"card_choices":[{"not_picked":["GalacticHalo","MeteoricShower"],"picked":"MilkyWay","floor":2},{"not_picked":["MachineGunSpark","MysteriousBeam","DeepEcoloBomb"],"picked":"SKIP","floor":3},{"not_picked":["UnstableBomb","GrandCross"],"picked":"MilkyWay","floor":6},{"not_picked":["EnergyRecoil","SuperPerseids","BinaryStars"],"picked":"SKIP","floor":9},{"not_picked":["GrandCross","RefractionSpark","WitchLeyline"],"picked":"SKIP","floor":10},{"not_picked":["StarBarrage","Occultation"],"picked":"PowerUp","floor":11},{"not_picked":["NonDirectionalLaser","AsteroidBelt","WitchOfGreed"],"picked":"SKIP","floor":12},{"not_picked":["OortCloud","MysteriousBeam","FairyDestructionRay"],"picked":"SKIP","floor":17},{"not_picked":["BinaryStars","EscapeVelocity"],"picked":"UltimateShortwave","floor":18},{"not_picked":["GalacticHalo","OortCloud","DoubleSpark"],"picked":"SKIP","floor":21},{"not_picked":["WitchOfGreed+1","OrrerysSun","ShootingEcho+1"],"picked":"SKIP","floor":22},{"not_picked":["JA","6A","GalacticHalo"],"picked":"SKIP","floor":23},{"not_picked":["IllusionStar+1","PropBag","DeepEcoloBomb+1"],"picked":"SKIP","floor":25},{"not_picked":["MysteriousBeam+1","6A","Robbery+1"],"picked":"SKIP","floor":30},{"not_picked":["StarlightTyphoon","MysteriousBeam","SporeBomb+1"],"picked":"SKIP","floor":31},{"not_picked":["GasGiant+1","DoubleSpark","MagicAbsorber"],"picked":"SKIP","floor":32},{"not_picked":["SporeBomb+1","CollectingQuirk","Robbery"],"picked":"SKIP","floor":33},{"not_picked":["ManaConvection","NonDirectionalLaser+1","UnstableBomb"],"picked":"SKIP","floor":34}],"player_experience":630929,"relics_obtained":[{"floor":10,"key":"Ice Cream"},{"floor":26,"key":"Nunchaku"}],"event_choices":[{"damage_healed":0,"gold_gain":0,"player_choice":"Success","damage_taken":7,"relics_obtained":["Bronze Scales"],"max_hp_gain":0,"max_hp_loss":0,"event_name":"Scrap Ooze","floor":4,"gold_loss":0},{"damage_healed":0,"gold_gain":0,"player_choice":"Became a vampire","damage_taken":0,"max_hp_gain":0,"max_hp_loss":28,"event_name":"Vampires","floor":28,"gold_loss":0,"cards_obtained":["Bite","Bite","Bite","Bite","Bite"]}],"is_beta":false,"boss_relics":[{"not_picked":["Velvet Choker","Fusion Hammer"],"picked":"ReplayTheSpireMod:DimensionalGlitch"}],"items_purged_floors":[9,23,33],"is_endless":false,"potions_floor_spawned":[3,6,11,12,21,30,31,32],"killed_by":"SI_MIRROR_ARCHETYPE","ascension_level":0}}