{"host":"08xvxt5w1s7zc7e5","time":1613284102,"event":{"mods":["AchievementEnabler","BaseMod","DeckTracker","Minty Spire (QoL Compilation)","Quick Restart","StSLib","SuperFastMode"],"gold_per_floor":[109,127,144,163,177,177,210,210,235,235,264,274,299,61,61,160,160,173,98,114,130,130,163,262,43,89,121,133,161,198,224,236,343,355,378,182,196,216,234,234,251,251,322,341,366,434,487,507,507,507,507,507,115,140,140],"floor_reached":56,"language":"KOR","playtime":2528,"items_purged":["Strike_G","Strike_G","Defend_G"],"score":1618,"play_id":"6d1e903b-c332-4fba-ad99-cad8359f6f14","local_time":"20210214152822","is_ascension_mode":true,"campfire_choices":[{"data":"Neutralize","floor":6.0,"key":"SMITH"},{"data":"Phantasmal Killer","floor":8.0,"key":"SMITH"},{"data":"Acrobatics","floor":10.0,"key":"SMITH"},{"data":"Cloak And Dagger","floor":15,"key":"SMITH"},{"data":"Footwork","floor":28,"key":"SMITH"},{"data":"Terror","floor":32,"key":"SMITH"},{"data":"Accuracy","floor":40,"key":"SMITH"},{"floor":49,"key":"RECALL"},{"data":"Dash","floor":52,"key":"SMITH"}],"circlet_count":0,"master_deck":["Strike_G","Strike_G","Defend_G+1","Defend_G","Defend_G","Defend_G","Survivor","Neutralize+1","Acrobatics+1","PiercingWail+1","Dash+1","Phantasmal Killer+1","All Out Attack","Noxious Fumes","Terror+1","Cloak And Dagger+1","Adrenaline+1","Prepared+1","Backflip+1","Concentrate+1","Blade Dance+1","Acrobatics+1","Footwork+1","Calculated Gamble+1","Venomology+1","Bullet Time+1","Backflip+1","Tactician+1","Accuracy+1","Backflip+1","PiercingWail+1","Dodge and Roll+1","Reflex+1","Acrobatics+1","Acrobatics+1","Footwork","Flash of Steel","PiercingWail+1","Concentrate+1"],"relics":["Ring of the Snake","NeowsBlessing","Art of War","Lantern","War Paint","Omamori","Toxic Egg 2","WristBlade","Paper Crane","MawBank","Regal Pillow","Runic Pyramid","Ninja Scroll","Centennial Puzzle","Pear","Tough Bandages","Membership Card","Bag of Preparation","Orichalcum"],"acts_visited":["Exordium","TheCity","TheBeyond","TheEnding"],"potions_floor_usage":[23,27,30,30,33,35,39,39,44,44,47,50,50,55,55,55],"damage_taken":[{"damage":0.0,"enemies":"Cultist","floor":1.0,"turns":1.0},{"damage":0.0,"enemies":"Small Slimes","floor":2.0,"turns":1.0},{"damage":0.0,"enemies":"2 Louse","floor":3.0,"turns":1.0},{"damage":0.0,"enemies":"Large Slime","floor":4.0,"turns":6.0},{"damage":11.0,"enemies":"Exordium Wildlife","floor":5.0,"turns":6.0},{"damage":7.0,"enemies":"Lagavulin","floor":7.0,"turns":9.0},{"damage":26.0,"enemies":"3 Sentries","floor":11.0,"turns":9.0},{"damage":1.0,"enemies":"Blue Slaver","floor":12.0,"turns":3.0},{"damage":12.0,"enemies":"Lagavulin","floor":13.0,"turns":6.0},{"damage":6,"enemies":"Hexaghost","floor":16,"turns":11},{"damage":0,"enemies":"Chosen","floor":18,"turns":2},{"damage":12,"enemies":"3 Byrds","floor":20,"turns":5},{"damage":0,"enemies":"3 Cultists","floor":21,"turns":4},{"damage":0,"enemies":"Book of Stabbing","floor":23,"turns":3},{"damage":3,"enemies":"Slavers","floor":27,"turns":5},{"damage":0,"enemies":"Centurion and Healer","floor":29,"turns":5},{"damage":1,"enemies":"Book of Stabbing","floor":30,"turns":3},{"damage":0,"enemies":"Shelled Parasite and Fungi","floor":31,"turns":2},{"damage":32,"enemies":"Automaton","floor":33,"turns":9},{"damage":15,"enemies":"3 Shapes","floor":35,"turns":5},{"damage":0,"enemies":"3 Darklings","floor":37,"turns":5},{"damage":0,"enemies":"Spire Growth","floor":38,"turns":4},{"damage":0,"enemies":"4 Shapes","floor":39,"turns":4},{"damage":0,"enemies":"Transient","floor":41,"turns":5},{"damage":2,"enemies":"Writhing Mass","floor":44,"turns":6},{"damage":0,"enemies":"Giant Head","floor":45,"turns":5},{"damage":0,"enemies":"2 Orb Walkers","floor":47,"turns":3},{"damage":0,"enemies":"Sphere and 2 Shapes","floor":48,"turns":2},{"damage":62,"enemies":"Time Eater","floor":50,"turns":10},{"damage":0,"enemies":"Shield and Spear","floor":54,"turns":6},{"damage":42,"enemies":"The Heart","floor":55,"turns":8}],"seed_played":"1935029200840404831","potions_obtained":[{"floor":2.0,"key":"Strength Potion"},{"floor":3.0,"key":"ColorlessPotion"},{"floor":4.0,"key":"Block Potion"},{"floor":13.0,"key":"GamblersBrew"},{"floor":16,"key":"FearPotion"},{"floor":21,"key":"SkillPotion"},{"floor":23,"key":"Energy Potion"},{"floor":29,"key":"Dexterity Potion"},{"floor":31,"key":"FearPotion"},{"floor":38,"key":"Dexterity Potion"}],"is_trial":false,"path_per_floor":["M","M","M","M","M","R","E","R","T","R","E","M","E","$","R","B",null,"M","?","M","M","?","E","?","$","T","E","R","M","E","M","R","B",null,"M","$","M","M","M","R","M","?","T","M","E","T","?","M","R","B",null,"R","$","E","B",null],"character_chosen":"THE_SILENT","items_purchased":["Toxic Egg 2","Acrobatics+1","Footwork","SteroidPotion","Tactician+1","Accuracy","Membership Card","Bag of Preparation","Footwork","Flash of Steel","PiercingWail+1"],"campfire_rested":0,"item_purchase_floors":[14,25,25,25,36,36,53,53,53,53,53],"current_hp_per_floor":[70,70,70,70,59,59,52,52,52,52,26,25,13,13,13,7,70,70,70,58,58,58,58,58,58,58,55,55,55,54,54,54,22,70,55,55,55,55,55,55,55,55,55,53,53,63,63,63,63,1,80,80,80,80,38],"gold":140,"neow_bonus":"THREE_ENEMY_KILL","is_daily":false,"chose_seed":false,"campfire_upgraded":8,"win_rate":0.0,"timestamp":1613284102,"path_taken":["M","M","?","?","M","R","E","R","T","R","E","M","E","$","R","BOSS","M","?","M","M","?","E","?","$","T","E","R","M","E","M","R","BOSS","M","$","M","M","M","R","M","?","T","M","E","?","?","M","R","BOSS","R","$","E","BOSS"],"items_purchased_type":["Relic","Card","Card","Potion","Card","Card","Relic","Relic","Card","Card","Card"],"build_version":"2020-12-22","purchased_purges":3,"victory":true,"max_hp_per_floor":[70,70,70,70,70,70,70,70,70,70,70,70,70,70,70,70,70,70,70,70,70,70,70,70,70,70,70,70,70,70,70,70,70,70,70,70,70,70,70,70,70,70,70,70,70,80,80,80,80,80,80,80,80,80,80],"card_choices":[{"not_picked":["Dagger Spray","Prepared"],"picked":"Acrobatics","floor":1.0},{"not_picked":["Quick Slash","Accuracy"],"picked":"PiercingWail","floor":2.0},{"not_picked":["Cloak And Dagger","Outmaneuver"],"picked":"Dash","floor":3.0},{"not_picked":["Heel Hook","Flying Knee"],"picked":"Phantasmal Killer","floor":4.0},{"not_picked":["Eviscerate","Dagger Spray","Sucker Punch"],"picked":"SKIP","floor":5.0},{"not_picked":["Bouncing Flask","Flying Knee"],"picked":"All Out Attack","floor":7.0},{"not_picked":["Masterful Stab","Riddle With Holes"],"picked":"Noxious Fumes","floor":11.0},{"not_picked":["Expertise","Underhanded Strike"],"picked":"Terror","floor":12.0},{"not_picked":["Expertise","Acrobatics"],"picked":"Cloak And Dagger","floor":13.0},{"not_picked":["Wraith Form v2","A Thousand Cuts"],"picked":"Adrenaline+1","floor":16},{"not_picked":["Acrobatics+1","Sucker Punch+1"],"picked":"Prepared+1","floor":18},{"not_picked":["Deadly Poison+1","Dagger Spray+1"],"picked":"Backflip+1","floor":20},{"not_picked":["Flying Knee+1","Prepared+1"],"picked":"Concentrate+1","floor":21},{"not_picked":["Deadly Poison+1","Blade Dance+1","Noxious Fumes"],"picked":"SKIP","floor":23},{"not_picked":["Tools of the Trade","Backstab","Dash+1"],"picked":"SKIP","floor":27},{"not_picked":["Tools of the Trade","Backstab","Dash+1"],"picked":"SKIP","floor":27},{"not_picked":["Prepared+1","Underhanded Strike","Quick Slash+1"],"picked":"SKIP","floor":29},{"not_picked":["Well Laid Plans","Cloak And Dagger+1"],"picked":"Calculated Gamble+1","floor":30},{"not_picked":["Calculated Gamble+1","PiercingWail+1"],"picked":"Venomology+1","floor":31},{"not_picked":["Tools of the Trade","Corpse Explosion+1"],"picked":"Bullet Time+1","floor":33},{"not_picked":["Blade Dance+1","Bane+1"],"picked":"Backflip+1","floor":35},{"not_picked":["Poisoned Stab+1","Slice+1"],"picked":"Backflip+1","floor":37},{"not_picked":["Doppelganger+1","Flechettes+1","Sucker Punch"],"picked":"SKIP","floor":38},{"not_picked":["Bane+1","Poisoned Stab"],"picked":"PiercingWail+1","floor":39},{"not_picked":["Flechettes","Predator","Sucker Punch+1"],"picked":"SKIP","floor":41},{"not_picked":["Masterful Stab+1","Dagger Spray+1"],"picked":"Dodge and Roll+1","floor":44},{"not_picked":["Envenom","Flechettes+1"],"picked":"Reflex+1","floor":45},{"not_picked":["Accuracy","Skewer"],"picked":"Acrobatics+1","floor":47},{"not_picked":["Outmaneuver+1","Eviscerate"],"picked":"Acrobatics+1","floor":48},{"not_picked":["Deadly Poison+1","Die Die Die"],"picked":"Concentrate+1","floor":54}],"player_experience":362387,"relics_obtained":[{"floor":7.0,"key":"Art of War"},{"floor":9.0,"key":"Lantern"},{"floor":11.0,"key":"War Paint"},{"floor":13.0,"key":"Omamori"},{"floor":23,"key":"Paper Crane"},{"floor":27,"key":"MawBank"},{"floor":30,"key":"Regal Pillow"},{"floor":43,"key":"Ninja Scroll"},{"floor":45,"key":"Centennial Puzzle"},{"floor":46,"key":"Pear"},{"floor":47,"key":"Tough Bandages"},{"floor":54,"key":"Orichalcum"}],"event_choices":[{"cards_removed":["Strike_G"],"damage_healed":0,"gold_gain":0,"player_choice":"Gave Gold","damage_taken":0,"max_hp_gain":0,"max_hp_loss":0,"event_name":"Beggar","floor":19,"gold_loss":75},{"damage_healed":0,"gold_gain":0,"player_choice":"Read","damage_taken":0,"max_hp_gain":0,"max_hp_loss":0,"event_name":"The Library","floor":22,"gold_loss":0,"cards_obtained":["Blade Dance"]},{"damage_healed":0,"gold_gain":99,"player_choice":"Stole From Cult","damage_taken":0,"max_hp_gain":0,"max_hp_loss":0,"event_name":"Nest","floor":24,"gold_loss":0},{"damage_healed":0,"gold_gain":0,"player_choice":"Ignored","damage_taken":0,"max_hp_gain":0,"max_hp_loss":0,"event_name":"Tomb of Lord Red Mask","floor":42,"gold_loss":0},{"damage_healed":0,"gold_gain":0,"player_choice":"Fight","damage_taken":0,"max_hp_gain":0,"max_hp_loss":0,"event_name":"Mysterious Sphere","floor":47,"gold_loss":0}],"is_beta":false,"boss_relics":[{"not_picked":["Fusion Hammer","Tiny House"],"picked":"WristBlade"},{"not_picked":["Snecko Eye","Astrolabe"],"picked":"Runic Pyramid"}],"items_purged_floors":[25,36,53],"is_endless":false,"potions_floor_spawned":[2,3,4,13,16,21,23,29,31,37,38,45,47,54],"ascension_level":4}}