{"host":"1v3mnj67s3trvm6y","time":1613313971,"event":{"mods":["BaseMod","Challenge The Spire","Downfall","Minty Spire (QoL Compilation)","StSLib"],"gold_per_floor":[0,12,27,177,177,213,236,261,301,324,351,392,420,97,117,229,229,229,256,141,169,190,211,286,328,328,228,287,287,187,246,312,418,418,318,339,400,402,462,129,129,147,147,147,227,287,287,348,411,451,451,533,83,83,83,83,83,83],"floor_reached":56,"language":"ENG","playtime":4784,"items_purged":["champ:Defend","champ:Strike","champ:Strike","champ:Strike+1"],"score":824,"play_id":"54b04e72-6fbb-4cfc-a160-38deba35232a","local_time":"20210214234611","is_ascension_mode":false,"campfire_choices":[{"data":"champ:Taunt","floor":1,"key":"SMITH"},{"data":"champ:GladiatorForm","floor":18,"key":"SMITH"},{"floor":27,"key":"REST"},{"floor":30,"key":"RECALL"},{"data":"champ:DancingMaster","floor":35,"key":"SMITH"},{"floor":54,"key":"REST"}],"circlet_count":0,"master_deck":["champ:Strike+1","champ:Defend+1","champ:Defend+1","champ:Defend+1","champ:Execute+1","champ:Taunt+1","champ:FancyFootwork+1","champ:StanceDance+1","champ:GladiatorForm+1","champ:Shatter+1","champ:EnragedBash+1","champ:GutPunch+1","champ:RisingSlash+1","champ:RageSigil+1","champ:GutPunch+1","champ:SwordThrow+1","champ:VampiricStrike+1","champ:StanceDance+1","champ:VampiricStrike+1","champ:FanOfKnives+1","champ:RageSigil+1","champ:GutPunch+1","champ:EnchantSword+1","champ:GutPunch+1","champ:DefensiveShout+1","champ:DancingMaster+1","champ:DefensiveShout+1","champ:EnGarde+1","champ:Shatter+1","expansioncontent:Chronoboost+1","expansioncontent:PrepareCrush+1","champ:BerserkersShout+1","champ:StanceDance+1","champ:EnchantShield+1","champ:AdrenalArmor+1","champ:BladeFlurry+1"],"relics":["champ:ChampionCrown","Spirit Poop","CeramicFish","PreservedInsect","InkBottle","Orichalcum","Molten Egg 2","champ:PowerArmor","Happy Flower","downfall:KnowingSkull","Thread and Needle","Sozu","Toxic Egg 2","Bronze Scales","Unceasing Top","Boot","Mummified Hand","Nunchaku","Strange Spoon"],"acts_visited":["Exordium","TheCity","TheBeyond","TheEnding"],"potions_floor_usage":[16,22,33,36,56,56],"damage_taken":[{"damage":10,"enemies":"2 Louse","floor":2,"turns":4},{"damage":20,"enemies":"Small Slimes","floor":3,"turns":5},{"damage":38,"enemies":"3 Sentries","floor":6,"turns":7},{"damage":10,"enemies":"Cultist","floor":8,"turns":3},{"damage":30,"enemies":"Lagavulin","floor":9,"turns":5},{"damage":6,"enemies":"Red Slaver","floor":10,"turns":4},{"damage":13,"enemies":"2 Fungi Beasts","floor":11,"turns":4},{"damage":45,"enemies":"3 Sentries","floor":12,"turns":6},{"damage":15,"enemies":"Lots of Slimes","floor":13,"turns":4},{"damage":30,"enemies":"downfall:FleeingMerchant","floor":14,"turns":4},{"damage":10,"enemies":"Exordium Wildlife","floor":15,"turns":3},{"damage":69,"enemies":"DF_ARCHETYPE_STREAMLINE","floor":16,"turns":6},{"damage":25,"enemies":"3 Byrds","floor":19,"turns":5},{"damage":35,"enemies":"downfall:FleeingMerchant","floor":20,"turns":4},{"damage":26,"enemies":"Shell Parasite","floor":21,"turns":3},{"damage":36,"enemies":"Snake Plant","floor":22,"turns":4},{"damage":23,"enemies":"Snecko","floor":23,"turns":5},{"damage":44,"enemies":"Gremlin Leader","floor":25,"turns":4},{"damage":23,"enemies":"3 Cultists","floor":28,"turns":3},{"damage":33,"enemies":"Centurion and Healer","floor":31,"turns":4},{"damage":18,"enemies":"Snake Plant","floor":32,"turns":3},{"damage":37,"enemies":"SI_MIRROR_ARCHETYPE","floor":33,"turns":7},{"damage":48,"enemies":"3 Darklings","floor":36,"turns":6},{"damage":52,"enemies":"3 Shapes","floor":37,"turns":3},{"damage":43,"enemies":"downfall:FleeingMerchant","floor":38,"turns":3},{"damage":23,"enemies":"3 Darklings","floor":39,"turns":3},{"damage":32,"enemies":"Nemesis","floor":45,"turns":5},{"damage":35,"enemies":"Transient","floor":46,"turns":5},{"damage":27,"enemies":"Spire Growth","floor":48,"turns":4},{"damage":28,"enemies":"3 Darklings","floor":49,"turns":3},{"damage":136,"enemies":"WA_ARCHETYPE_DIVINITY","floor":50,"turns":13},{"damage":31,"enemies":"downfall:CharBossMerchant","floor":52,"turns":5},{"damage":122,"enemies":"downfall:NeowBoss","floor":55,"turns":16},{"damage":83,"enemies":"downfall:NeowBossFinal","floor":56,"turns":5}],"seed_played":"6619984956002667565","potions_obtained":[{"floor":6,"key":"PowerPotion"},{"floor":8,"key":"LiquidMemories"},{"floor":9,"key":"GamblersBrew"},{"floor":11,"key":"BlessingOfTheForge"},{"floor":21,"key":"Slimebound:ThreeZeroPotion"},{"floor":22,"key":"SneckoOil"},{"floor":25,"key":"Strength Potion"}],"is_trial":false,"path_per_floor":["R","M","M","?","?","E","T","M","E","M","M","E","M","$","M","B",null,"R","M","$","M","M","M","T","E","?","R","M","?","R","M","M","B",null,"R","M","M","$","M","?","T","?","T","?","E","M","?","M","M","B",null,"E","$","R","B","B"],"character_chosen":"THE_CHAMP","items_purchased":["Molten Egg 2","Toxic Egg 2","Nunchaku","Strange Spoon"],"campfire_rested":2,"item_purchase_floors":[14,38,53,53],"current_hp_per_floor":[108,108,108,108,108,95,95,95,85,79,76,56,56,51,51,37,108,108,108,103,97,81,78,78,59,50,95,92,92,92,89,86,69,118,118,105,83,70,67,133,133,128,128,128,116,101,101,94,91,30,123,112,112,123,81,0,0,0],"gold":83,"neow_bonus":"TWENTY_PERCENT_HP_BONUS","is_daily":false,"chose_seed":false,"campfire_upgraded":3,"win_rate":0.0,"timestamp":1613313971,"path_taken":["R","M","M","?","?","E","T","?","E","M","M","E","M","?","M","BOSS","R","M","$","M","M","M","T","E","?","R","?","?","R","M","M","BOSS","R","M","M","$","M","?","T","?","?","?","E","M","?","M","M","BOSS","E","$","R","BOSS","BOSS"],"items_purchased_type":["Relic","Relic","Relic","Relic"],"build_version":"2020-12-22","purchased_purges":4,"victory":false,"max_hp_per_floor":[108,108,108,108,108,108,108,108,108,108,108,108,108,108,108,108,108,108,108,108,108,108,108,108,108,108,118,118,118,118,118,118,118,118,118,118,118,118,118,133,133,133,133,133,133,133,123,123,123,123,123,123,123,123,123,123,123,123],"card_choices":[{"not_picked":["champ:BerserkerStyle","champ:Circumvent"],"picked":"champ:FancyFootwork","floor":2},{"not_picked":["champ:BladeFlurry","champ:TornadoPunch"],"picked":"champ:StanceDance","floor":3},{"not_picked":["champ:EnragedBash","champ:BerserkersShout"],"picked":"champ:GladiatorForm","floor":6},{"not_picked":["champ:EndlessRage","champ:BladeFlurry"],"picked":"champ:Shatter","floor":8},{"not_picked":["champ:EnGarde","champ:AdrenalArmor"],"picked":"champ:EnragedBash","floor":9},{"not_picked":["champ:CrownThrow","champ:PerfectedStrike"],"picked":"champ:GutPunch","floor":10},{"not_picked":["champ:Endure","champ:TornadoPunch"],"picked":"champ:RisingSlash","floor":11},{"not_picked":["champ:EndlessRage","champ:PerfectedStrike"],"picked":"champ:RageSigil","floor":12},{"not_picked":["champ:EnGarde","champ:CrownThrow"],"picked":"champ:GutPunch","floor":13},{"not_picked":["champ:BerserkersShout","champ:ShieldSigil"],"picked":"champ:SwordThrow","floor":14},{"not_picked":["champ:RapidStrikes+1","champ:IronFortress","champ:ShieldSigil"],"picked":"SKIP","floor":15},{"not_picked":["champ:CheapShot+1","champ:ShieldThrow+1"],"picked":"champ:VampiricStrike+1","floor":16},{"not_picked":["champ:Shatter+1","champ:Circumvent"],"picked":"champ:StanceDance","floor":19},{"not_picked":["champ:Circumvent","champ:BerserkersShout","champ:ViciousMockery"],"picked":"SKIP","floor":20},{"not_picked":["champ:ShieldSigil+1","champ:PreemptiveStrike+1"],"picked":"champ:VampiricStrike+1","floor":21},{"not_picked":["champ:Haymaker+1","champ:ShieldWall+1"],"picked":"champ:FanOfKnives+1","floor":22},{"not_picked":["champ:EnGarde","champ:BerserkersShout+1"],"picked":"champ:RageSigil","floor":23},{"not_picked":["champ:Haymaker+1","champ:EnGarde"],"picked":"champ:GutPunch+1","floor":25},{"not_picked":["champ:Endure","champ:BringItOn"],"picked":"champ:EnchantSword","floor":28},{"not_picked":["champ:DefensiveShout","champ:FalseCounter+1"],"picked":"champ:GutPunch+1","floor":31},{"not_picked":["champ:CrownThrow+1","champ:EnGarde+1"],"picked":"champ:DefensiveShout+1","floor":32},{"not_picked":["champ:IgnorePain","champ:Devastate+1"],"picked":"champ:DancingMaster","floor":33},{"not_picked":["champ:PerfectedStrike+1","champ:ShieldSigil+1"],"picked":"champ:AdrenalArmor","floor":36},{"not_picked":["champ:BladeFlurry+1","champ:ShieldSigil"],"picked":"champ:DefensiveShout+1","floor":37},{"not_picked":["champ:Parry","champ:BerserkersShout+1"],"picked":"champ:EnGarde+1","floor":38},{"not_picked":["champ:BerserkersShout+1","champ:BladeFlurry+1"],"picked":"champ:Shatter+1","floor":39},{"not_picked":["expansioncontent:InvincibleStrength","expansioncontent:GuardianWhirl"],"picked":"expansioncontent:Chronoboost","floor":42},{"not_picked":["expansioncontent:YouAreMine","expansioncontent:PolyBeam"],"picked":"expansioncontent:PrepareCrush","floor":42},{"not_picked":["champ:Circumvent+1","champ:Shatter+1"],"picked":"champ:BerserkersShout+1","floor":45},{"not_picked":["champ:TornadoPunch+1","champ:Encircle+1"],"picked":"champ:StanceDance+1","floor":46},{"not_picked":["champ:PreemptiveStrike+1","champ:CrookedStrike+1"],"picked":"champ:EnchantShield+1","floor":48},{"not_picked":["champ:ShieldSigil+1","champ:Shatter+1"],"picked":"champ:AdrenalArmor+1","floor":49},{"not_picked":["champ:SwordSigil+1","champ:ShieldSigil+1"],"picked":"champ:BladeFlurry+1","floor":52}],"player_experience":1806986,"relics_obtained":[{"floor":6,"key":"CeramicFish"},{"floor":7,"key":"PreservedInsect"},{"floor":9,"key":"InkBottle"},{"floor":12,"key":"Orichalcum"},{"floor":25,"key":"Happy Flower"},{"floor":41,"key":"Bronze Scales"},{"floor":43,"key":"Unceasing Top"},{"floor":45,"key":"Boot"},{"floor":52,"key":"Mummified Hand"}],"event_choices":[{"cards_removed":["downfall:Icky"],"damage_healed":0,"gold_gain":0,"player_choice":"Offered Curse","damage_taken":0,"relics_obtained":["Spirit Poop"],"max_hp_gain":0,"max_hp_loss":0,"event_name":"Bonfire Elementals","floor":5,"gold_loss":0},{"cards_removed":["champ:AdrenalArmor"],"damage_healed":0,"gold_gain":0,"player_choice":"Removed Skill","damage_taken":0,"max_hp_gain":0,"max_hp_loss":0,"event_name":"Falling","floor":44,"gold_loss":0}],"is_beta":false,"boss_relics":[{"not_picked":["bronze:MakeshiftBattery","Velvet Choker"],"picked":"champ:PowerArmor"},{"not_picked":["SlaversCollar","Fusion Hammer"],"picked":"Sozu"}],"items_purged_floors":[14,20,38,53],"is_endless":false,"potions_floor_spawned":[6,8,9,11,12,21,22,25,33,37,46,48,52],"killed_by":"downfall:NeowBossFinal","ascension_level":0}}