{"host":"kmq7aw60w430zvtx","time":1613264376,"event":{"mods":["BaseMod","Downfall","GifTheSpireLib","Hermit","Hubris","Infinite Spire","Minty Spire (QoL Compilation)","Reliquary","Replay The Spire","Spire Arcade","StSLib","The Construct","The Cursed","The Hierophant","The Jungle","The Necromancer","The Runesmith"],"gold_per_floor":[118,88,100,118,118,69,103,119,192,210,210,62,97,113,113,209,209,224,224,384,397,101,128,128,138,138,138,74,74,117,126,126,240,299,324,324,347,204,213,243,243,267,336,359,359,359],"floor_reached":45,"language":"ENG","playtime":2379,"items_purged":[],"score":567,"play_id":"432d4a8a-c3fa-4f3d-9b7d-e5797135b4c5","local_time":"20210214015936","is_ascension_mode":true,"campfire_choices":[{"floor":11,"key":"REST"},{"floor":24,"key":"RECALL"},{"data":"hermit:ShadowCloak","floor":29,"key":"SMITH"},{"floor":32,"key":"REST"},{"floor":41,"key":"REST"}],"circlet_count":0,"master_deck":["hermit:Strike_Hermit","hermit:Strike_Hermit+1","hermit:Strike_Hermit","hermit:Strike_Hermit+1","hermit:Defend_Hermit+1","hermit:Defend_Hermit+1","hermit:Defend_Hermit+1","hermit:Defend_Hermit+1","hermit:Snapshot","hermit:Covet","hermit:Malice","hermit:WideOpen","hermit:Midnight+1","hermit:LowProfile+1","hermit:LowProfile","hermit:Misfire","hermit:Determination","hermit:Dissolve","hermit:Misfire+1","hermit:Spite","hermit:FinalCanter","hermit:SprayPray","hermit:Manifest","hermit:Reprieve","hermit:WideOpen+1","hermit:Cheat","hermit:ShadowCloak+1","hermit:Grudge","Good Instincts","hermit:FatalDesire","hermit:LowProfile","hermit:Misfire","hermit:Showdown+1","hermit:Reprieve","hermit:Manifest+1","Parasite"],"relics":["hermit:Momento","Orichalcum","Question Card","Whetstone","Runesmith:UraniumAnvil","Lee\u0027s Waffle","PreservedInsect","infinitespire:Golems Mask","CeramicFish","hubris:Icosahedron","Replay:Towering Pillar of Hats","Tiny House","ReplayTheSpireMod:TigerMarble","Replay:Bottled Eggs","infinitespire:BottledMercury"],"acts_visited":["Exordium","TheCity","TheBeyond"],"potions_floor_usage":[7,16,18,18,23,25,33,35,40,44],"damage_taken":[{"damage":3,"enemies":"Jaw Worm","floor":1,"turns":3},{"damage":0,"enemies":"Cultist","floor":3,"turns":3},{"damage":6,"enemies":"2 Louse","floor":4,"turns":3},{"damage":19,"enemies":"Lagavulin","floor":7,"turns":6},{"damage":15,"enemies":"Exordium Thugs","floor":8,"turns":5},{"damage":0,"enemies":"Exordium Wildlife","floor":10,"turns":2},{"damage":16,"enemies":"3 Sentries","floor":13,"turns":9},{"damage":1,"enemies":"3 Louse","floor":14,"turns":3},{"damage":6,"enemies":"Slime Boss","floor":16,"turns":8},{"damage":29,"enemies":"3 Byrds","floor":18,"turns":6},{"damage":1,"enemies":"Spheric Guardian","floor":21,"turns":3},{"damage":0,"enemies":"Gremlin Leader","floor":23,"turns":5},{"damage":4,"enemies":"Centurion and Healer","floor":25,"turns":5},{"damage":29,"enemies":"Slavers","floor":30,"turns":5},{"damage":62,"enemies":"hubris:MusketHawk","floor":33,"turns":10},{"damage":14,"enemies":"Orb Walker","floor":35,"turns":4},{"damage":33,"enemies":"3 Darklings","floor":37,"turns":6},{"damage":71,"enemies":"Giant Head","floor":40,"turns":8},{"damage":6,"enemies":"4 Shapes","floor":42,"turns":3},{"damage":16,"enemies":"Writhing Mass","floor":44,"turns":6},{"damage":32,"enemies":"Maw","floor":45,"turns":7}],"seed_played":"-2262037247781379451","potions_obtained":[{"floor":2,"key":"AttackPotion"},{"floor":2,"key":"construct:ShiftPotion"},{"floor":3,"key":"Reflective Coating"},{"floor":7,"key":"Explosive Potion"},{"floor":14,"key":"Guardian:BlockOnCardUsePotion"},{"floor":18,"key":"champ:CounterPotion"},{"floor":21,"key":"LiquidMemories"},{"floor":25,"key":"Venom Potion"},{"floor":33,"key":"SkillPotion"},{"floor":34,"key":"hexamod:SoulburnPotion"},{"floor":37,"key":"SpeedPotion"},{"floor":42,"key":"Dexterity Potion"}],"is_trial":false,"path_per_floor":["M","?","M","M","?","$","E","M","T","M","R","$","E","M","R","B",null,"M","AVR","?","M","$","E","R","M","T","?","$","R","E","?","R","B",null,"M","?","M","$","?","E","R","M","T","M","M"],"character_chosen":"HERMIT","items_purchased":["hermit:LowProfile","hermit:Dissolve","PreservedInsect","hermit:Reprieve","hermit:ShadowCloak","ReplayTheSpireMod:TigerMarble"],"campfire_rested":3,"item_purchase_floors":[6,12,22,22,28,38],"current_hp_per_floor":[72,72,72,66,66,66,47,32,32,32,54,54,38,37,59,53,75,46,82,82,81,81,82,82,78,78,78,78,78,49,37,61,33,87,73,73,64,64,64,13,39,33,33,17,0,0],"gold":359,"neow_bonus":"RANDOM_COMMON_RELIC","is_daily":false,"chose_seed":false,"campfire_upgraded":1,"win_rate":0.0,"timestamp":1613264376,"path_taken":["M","?","M","?","?","$","E","M","T","M","R","?","E","M","R","BOSS","M","AVR","?","M","$","E","R","M","T","?","?","R","E","?","R","BOSS","M","?","?","?","?","E","R","M","T","M","?"],"items_purchased_type":["Card","Card","Relic","Card","Card","Relic"],"build_version":"2020-12-22","purchased_purges":0,"victory":false,"max_hp_per_floor":[75,75,75,75,75,75,75,75,75,75,75,75,75,75,75,75,75,75,82,82,82,82,82,82,82,82,82,82,82,82,82,82,82,87,87,87,87,87,87,87,87,87,87,87,87,87],"card_choices":[{"not_picked":["hermit:Deadeye","hermit:Desperado"],"picked":"hermit:Malice","floor":1},{"not_picked":["hermit:Combo","hermit:Headshot"],"picked":"hermit:WideOpen","floor":3},{"not_picked":["hermit:CalledShot","hermit:Deadeye"],"picked":"hermit:Midnight","floor":4},{"not_picked":["hermit:Gestalt","hermit:DeadMansHand"],"picked":"hermit:LowProfile","floor":7},{"not_picked":["hermit:EternalForm","hermit:Horror","hermit:EyeOfTheStorm"],"picked":"hermit:Misfire","floor":8},{"not_picked":["hermit:Shortfuse","hermit:TrackingShot","hermit:HighCaliber"],"picked":"hermit:Determination","floor":10},{"not_picked":["hermit:Roulette","hermit:Showdown","hermit:TakeAim"],"picked":"hermit:Misfire","floor":13},{"not_picked":["hermit:Grudge","hermit:Gestalt","hermit:Snipe"],"picked":"hermit:Spite","floor":14},{"not_picked":["hermit:Reprieve","hermit:Purgatory","hermit:Adapt"],"picked":"hermit:FinalCanter","floor":16},{"not_picked":["hermit:FullyLoaded","hermit:BodyArmor+1","hermit:Gestalt"],"picked":"hermit:SprayPray","floor":18},{"not_picked":["hermit:Headshot","hermit:Gestalt","hermit:Determination"],"picked":"hermit:Manifest","floor":21},{"not_picked":["hermit:DeadOrAlive","hermit:Feint","hermit:HighCaliber+1"],"picked":"hermit:WideOpen+1","floor":23},{"not_picked":["hermit:Malice","hermit:CalledShot+1","hermit:Dive"],"picked":"hermit:Cheat","floor":25},{"not_picked":["hermit:Reprieve","hermit:LoneWolf+1","hermit:Roulette+1"],"picked":"hermit:Grudge","floor":30},{"not_picked":["hermit:Roughhouse","hermit:HeroicBravado","hermit:Magnum"],"picked":"hermit:FatalDesire","floor":33},{"not_picked":["hermit:EyeOfTheStorm","hermit:WideOpen+1","hermit:Enervate"],"picked":"hermit:LowProfile","floor":34},{"not_picked":["hermit:LoneWolf","hermit:BigShot","hermit:HoleUp"],"picked":"hermit:Misfire","floor":35},{"not_picked":["hermit:WideOpen+1","hermit:Gambit","hermit:HoleUp+1"],"picked":"hermit:Showdown+1","floor":37},{"not_picked":["hermit:Dive","hermit:Enervate","hermit:Headshot+1","hermit:Snipe+1"],"picked":"SKIP","floor":40},{"not_picked":["hermit:TakeCover+1","hermit:HoleUp+1","hermit:Vantage+1"],"picked":"hermit:Manifest+1","floor":42},{"not_picked":["hermit:NoHoldsBarred+1","hermit:ItchyTrigger","hermit:Snipe+1","hermit:Ricochet"],"picked":"SKIP","floor":44}],"player_experience":367047,"relics_obtained":[{"floor":7,"key":"Question Card"},{"floor":13,"key":"Whetstone"},{"floor":23,"key":"infinitespire:Golems Mask"},{"floor":26,"key":"CeramicFish"},{"floor":30,"key":"Replay:Towering Pillar of Hats"},{"floor":40,"key":"Replay:Bottled Eggs"},{"floor":43,"key":"infinitespire:BottledMercury"}],"event_choices":[{"damage_healed":0,"gold_gain":0,"player_choice":"Bought 2 Potions","damage_taken":0,"max_hp_gain":0,"max_hp_loss":0,"event_name":"The Woman in Blue","floor":2,"gold_loss":0},{"damage_healed":0,"gold_gain":0,"player_choice":"Forge","damage_taken":0,"max_hp_gain":0,"max_hp_loss":0,"event_name":"Accursed Blacksmith","floor":5,"gold_loss":0,"cards_upgraded":["hermit:Midnight"]},{"damage_healed":0,"gold_gain":0,"player_choice":"CARD ","damage_taken":12,"max_hp_gain":0,"max_hp_loss":0,"event_name":"Knowing Skull","floor":31,"potions_obtained":[],"gold_loss":0,"cards_obtained":["Good Instincts"]},{"damage_healed":0,"gold_gain":0,"player_choice":"Ignored","damage_taken":0,"max_hp_gain":0,"max_hp_loss":0,"event_name":"SecretPortal","floor":36,"gold_loss":0},{"damage_healed":0,"gold_gain":0,"player_choice":"1 cards matched","damage_taken":0,"max_hp_gain":0,"max_hp_loss":0,"event_name":"Match and Keep!","floor":39,"gold_loss":0,"cards_obtained":["hermit:Reprieve"]}],"is_beta":false,"boss_relics":[{"not_picked":["hubris:GrandSneckoEye","hermit:DentedPlate"],"picked":"Runesmith:UraniumAnvil"},{"not_picked":["Snecko Eye","Empty Cage"],"picked":"Tiny House"}],"items_purged_floors":[],"is_endless":false,"potions_floor_spawned":[3,7,14,18,21,25,33,37,42],"killed_by":"Maw","ascension_level":1}}