{"host":"7qoz5gmva6til3yp","time":1613312338,"event":{"mods":["2.2 Compatiblity","Astrologer","BaseMod","Minty Spire (QoL Compilation)","StSLib","SuperFastMode"],"gold_per_floor":[115,126,144,155,171,171,181,214,238,251,251,46,11,11,11,11,11],"floor_reached":16,"language":"KOR","playtime":344,"items_purged":["Strike_R"],"score":208,"play_id":"1a68e3b3-95a7-4bf5-bdae-ed6b558e7a1b","local_time":"20210214231858","is_ascension_mode":true,"campfire_choices":[{"data":"Perfected Strike","floor":6,"key":"SMITH"},{"data":"Limit Break","floor":11,"key":"SMITH"},{"data":"Demon Form","floor":15,"key":"SMITH"}],"circlet_count":0,"master_deck":["AscendersBane","Strike_R","Strike_R","Strike_R","Strike_R","Defend_R","Defend_R","Defend_R","Defend_R","Bash","Dropkick","Perfected Strike+1","Demon Form+1","Limit Break+1"],"relics":["Burning Blood","Orichalcum","Lantern","Membership Card","Nunchaku"],"acts_visited":["Exordium"],"potions_floor_usage":[4,8,16],"damage_taken":[{"damage":8,"enemies":"Cultist","floor":1,"turns":5},{"damage":12,"enemies":"Small Slimes","floor":2,"turns":4},{"damage":9,"enemies":"Jaw Worm","floor":3,"turns":3},{"damage":5,"enemies":"Gremlin Gang","floor":4,"turns":3},{"damage":18,"enemies":"Large Slime","floor":5,"turns":5},{"damage":11,"enemies":"3 Louse","floor":7,"turns":3},{"damage":40,"enemies":"3 Sentries","floor":8,"turns":7},{"damage":14,"enemies":"Exordium Wildlife","floor":10,"turns":3},{"damage":24,"enemies":"The Guardian","floor":16,"turns":4}],"seed_played":"4349139820369846786","potions_obtained":[{"floor":1,"key":"Explosive Potion"},{"floor":4,"key":"BloodPotion"},{"floor":7,"key":"BlessingOfTheForge"},{"floor":8,"key":"SkillPotion"}],"is_trial":false,"path_per_floor":["M","M","M","M","M","R","M","E","T","M","R","$","?","?","R","B"],"character_chosen":"IRONCLAD","items_purchased":["Membership Card"],"campfire_rested":0,"item_purchase_floors":[12],"current_hp_per_floor":[73,67,64,65,53,53,48,30,30,22,22,22,42,24,24,0,0],"gold":11,"neow_bonus":"TEN_PERCENT_HP_BONUS","is_daily":false,"chose_seed":false,"campfire_upgraded":3,"win_rate":0.0,"timestamp":1613312338,"path_taken":["M","?","M","M","M","R","M","E","T","M","R","$","?","?","R","BOSS"],"items_purchased_type":["Relic"],"build_version":"2020-12-22","purchased_purges":1,"victory":false,"max_hp_per_floor":[82,82,82,82,82,82,82,82,82,82,82,82,82,82,82,82,82],"card_choices":[{"not_picked":["Warcry","Rampage","Thunderclap"],"picked":"SKIP","floor":1},{"not_picked":["Sever Soul","Rampage"],"picked":"Dropkick","floor":2},{"not_picked":["Clash","True Grit","Cleave"],"picked":"SKIP","floor":3},{"not_picked":["True Grit","Iron Wave","Bloodletting"],"picked":"SKIP","floor":4},{"not_picked":["Dropkick","Iron Wave"],"picked":"Perfected Strike","floor":5},{"not_picked":["Iron Wave","Thunderclap"],"picked":"Demon Form","floor":7},{"not_picked":["Clash","Headbutt","Sword Boomerang"],"picked":"SKIP","floor":8},{"not_picked":["Clothesline","Flex"],"picked":"Limit Break","floor":10}],"player_experience":502210,"relics_obtained":[{"floor":8,"key":"Orichalcum"},{"floor":9,"key":"Lantern"}],"event_choices":[{"damage_healed":20,"gold_gain":0,"player_choice":"Healed","damage_taken":0,"max_hp_gain":0,"max_hp_loss":0,"event_name":"The Cleric","floor":13,"gold_loss":35},{"damage_healed":0,"gold_gain":0,"player_choice":"Success","damage_taken":18,"relics_obtained":["Nunchaku"],"max_hp_gain":0,"max_hp_loss":0,"event_name":"Scrap Ooze","floor":14,"gold_loss":0}],"is_beta":false,"boss_relics":[],"items_purged_floors":[12],"is_endless":false,"potions_floor_spawned":[1,4,7,8],"killed_by":"The Guardian","ascension_level":20}}