{"host":"6xsbn6ynqlzwllfm","time":1613337810,"event":{"mods":["2.2 Compatiblity","BaseMod","Bestiary","Colored Map","Colored Powertips","Curses Come First","Downfall","Highlight Path","Keyboard Shortcuts","Minty Spire (QoL Compilation)","Relic Stats","Slay the Relics Exporter","StSLib","SuperFastMode"],"gold_per_floor":[99,99,99,119,130,163,163,173,73,23,34,49,49,61,76,76,76,76],"floor_reached":16,"language":"ENG","playtime":897,"items_purged":[],"score":161,"play_id":"30134478-4dd9-4b86-a0a1-ce63a81fd536","local_time":"20210214162330","is_ascension_mode":true,"campfire_choices":[{"data":"bronze:Goto","floor":1,"key":"SMITH"},{"data":"downfall:Icky","floor":9,"key":"PURGE"},{"data":"bronze:MaxOutput","floor":13,"key":"SMITH"}],"circlet_count":0,"master_deck":["AscendersBane","bronze:Strike+1","bronze:Defend+1","bronze:Defend+1","bronze:Defend","bronze:Defend","bronze:Replicate","bronze:Goto+1","downfall:Malfunctioning","bronze:CleanCode","bronze:ItsAFeature","bronze:Turbo","bronze:DelayedGuard","bronze:OilSpill","bronze:BronzeArmor","bronze:Shield","bronze:BronzeArmor","bronze:MaxOutput+1","bronze:Shell","bronze:Fortify","bronze:WhirlingStrike","bronze:BuggyMess"],"relics":["SacredBark","Peace Pipe","downfall:HeartBlessingBlue"],"acts_visited":["Exordium"],"potions_floor_usage":[11,16,16],"damage_taken":[{"damage":10,"enemies":"2 Louse","floor":4,"turns":4},{"damage":4,"enemies":"Jaw Worm","floor":5,"turns":6},{"damage":5,"enemies":"Lagavulin","floor":6,"turns":8},{"damage":6,"enemies":"Cultist","floor":8,"turns":4},{"damage":0,"enemies":"downfall:FleeingMerchant","floor":10,"turns":4},{"damage":10,"enemies":"Lots of Slimes","floor":11,"turns":7},{"damage":11,"enemies":"Red Slaver","floor":12,"turns":4},{"damage":0,"enemies":"Blue Slaver","floor":14,"turns":6},{"damage":0,"enemies":"Large Slime","floor":15,"turns":5},{"damage":28,"enemies":"DF_ARCHETYPE_STREAMLINE","floor":16,"turns":14}],"seed_played":"2932718470291372225","potions_obtained":[{"floor":6,"key":"DuplicationPotion"},{"floor":12,"key":"LiquidMemories"},{"floor":14,"key":"Dexterity Potion"},{"floor":15,"key":"Fire Potion"}],"is_trial":false,"path_per_floor":["R","?","?","M","M","E","T","M","R","$","M","M","R","M","M","B"],"character_chosen":"THE_AUTOMATON","items_purchased":["bronze:MaxOutput"],"campfire_rested":0,"item_purchase_floors":[10],"current_hp_per_floor":[63,63,63,53,49,44,44,38,48,48,38,27,27,27,27,0,0,0],"gold":76,"neow_bonus":"BOSS_RELIC","is_daily":false,"chose_seed":false,"campfire_upgraded":2,"win_rate":0.0,"timestamp":1613337810,"path_taken":["R","?","?","M","?","E","T","M","R","$","M","M","R","M","M","BOSS"],"items_purchased_type":["Card"],"build_version":"2020-12-22","purchased_purges":0,"victory":false,"max_hp_per_floor":[70,70,70,70,70,70,70,70,80,80,80,80,80,80,80,80,80,80],"relic_stats":{"Peace Pipe":1,"counters":[10,62],"obtain_stats":[{"Peace Pipe":6,"bronze:BronzeCore":0,"downfall:HeartBlessingBlue":9,"SacredBark":0},{"Peace Pipe":3,"bronze:BronzeCore":0,"downfall:HeartBlessingBlue":4,"SacredBark":0},{"Peace Pipe":18,"bronze:BronzeCore":0,"downfall:HeartBlessingBlue":22,"SacredBark":0}]},"card_choices":[{"not_picked":["bronze:OilSpill","bronze:Deprecate"],"picked":"bronze:DelayedGuard","floor":4},{"not_picked":["bronze:Deprecate","bronze:FineTuning"],"picked":"bronze:OilSpill","floor":5},{"not_picked":["bronze:Branch","bronze:CutThrough"],"picked":"bronze:BronzeArmor","floor":6},{"not_picked":["bronze:BitShift","bronze:Backtrace"],"picked":"bronze:Shield","floor":8},{"not_picked":["bronze:DelayedSlice","bronze:Backtrace"],"picked":"bronze:BronzeArmor","floor":10},{"not_picked":["bronze:Frontload","bronze:CutThrough"],"picked":"bronze:Shell","floor":11},{"not_picked":["bronze:Branch","bronze:Overheat"],"picked":"bronze:Fortify","floor":12},{"not_picked":["bronze:Mutator","bronze:BitShift"],"picked":"bronze:WhirlingStrike","floor":14},{"not_picked":["bronze:Overheat","bronze:NullPointer"],"picked":"bronze:BuggyMess","floor":15}],"player_experience":1783373,"relics_obtained":[{"floor":6,"key":"Peace Pipe"}],"event_choices":[],"is_beta":false,"boss_relics":[],"items_purged_floors":[],"is_endless":false,"potions_floor_spawned":[6,12,14,15],"killed_by":"DF_ARCHETYPE_STREAMLINE","ascension_level":11}}