{"host":"favrcuc0pmi4z15q","time":1613304865,"event":{"mods":["Act Like it!","BaseMod","Bestiary","Colored Powertips","Minty Spire (QoL Compilation)","Reliquary","Replay The Spire","Shop Mod","StSLib","The Animator"],"gold_per_floor":[111,63,63,63,27,66,66,95,95,95,170,199,219,235,235,336,336,354,354,378,378,394,446,446,446,494,494,245,282,309,330,330,432,432,451,468,504,518,518,555,555,578,602,602,602,211,211,231,231,243,243,243,371,441,449,449],"floor_reached":55,"language":"ENG","playtime":6109,"items_purged":["animator:Defend","animator:Defend"],"score":897,"play_id":"90085ad4-b513-4b69-9652-51e33f989bcf","local_time":"20210214131425","is_ascension_mode":false,"campfire_choices":[{"data":"animator:Demiurge","floor":7.0,"key":"SMITH"},{"data":"animator:AcuraAkari","floor":10.0,"key":"SMITH"},{"data":"animator:HigakiRinne","floor":15.0,"key":"SMITH"},{"data":"animator:Kuroyukihime","floor":24.0,"key":"SMITH"},{"data":"animator:Saber","floor":32.0,"key":"SMITH"},{"floor":41.0,"key":"RECALL"},{"data":"animator:GazelDwargon","floor":44.0,"key":"SMITH"},{"data":"animator:ItamiYouji","floor":47.0,"key":"SMITH"},{"data":"animator:Chris","floor":52.0,"key":"SMITH"}],"circlet_count":0,"master_deck":["animator:Strike_AccelWorld","animator:Defend_AccelWorld","animator:Kuroyukihime","animator:LimeBell","animator:Shuna","animator:Kazuma","animator:HigakiRinne","animator:Viivi","animator:Viivi","animator:Demiurge","animator:AcuraAkari","animator:Emonzaemon","animator:Mitsuba","animator:HiiragiShinya","animator:Saber","animator:Fredrika","animator:GuildGirl","animator:Verdia","animator:PandorasActor","animator:Shuna","animator:GazelDwargon","animator:Benimaru","animator:Cocytus","animator:Vanir","animator:Ainz","animator:Fredrika","animator:Azekura","animator:Sebas","animator:Priestess","animator:Shuna","animator:Chris","animator:LizardPriest","animator:ItamiYouji","animator:Canti","animator:Kaijin","animator:Yuuichirou","animator:Evileye"],"relics":["animator:TheEgnaroPiece","animator:LivingPicture","animator:TheMissingPiece"],"acts_visited":["Exordium","TheCity","TheBeyond","TheEnding","EYB:TheUnnamedReign"],"potions_floor_usage":[55],"damage_taken":[{"damage":0.0,"enemies":"2 Louse","floor":1.0,"turns":3.0},{"damage":0.0,"enemies":"Lagavulin","floor":6.0,"turns":11.0},{"damage":9.0,"enemies":"3 Sentries","floor":8.0,"turns":9.0},{"damage":0.0,"enemies":"Jaw Worm","floor":12.0,"turns":2.0},{"damage":0.0,"enemies":"Small Slimes","floor":13.0,"turns":3.0},{"damage":0.0,"enemies":"Exordium Thugs","floor":14.0,"turns":3.0},{"damage":0.0,"enemies":"The Guardian","floor":16.0,"turns":8.0},{"damage":0.0,"enemies":"Spheric Guardian","floor":18.0,"turns":3.0},{"damage":0.0,"enemies":"Chosen","floor":20.0,"turns":4.0},{"damage":0.0,"enemies":"Sentry and Sphere","floor":22.0,"turns":4.0},{"damage":43.0,"enemies":"animator:HornedBat","floor":23.0,"turns":9.0},{"damage":0.0,"enemies":"Gremlin Leader","floor":29.0,"turns":6.0},{"damage":0.0,"enemies":"Shelled Parasite and Fungi","floor":30.0,"turns":4.0},{"damage":0.0,"enemies":"Chosen and Byrds","floor":31.0,"turns":4.0},{"damage":12.0,"enemies":"Automaton","floor":33.0,"turns":9.0},{"damage":0.0,"enemies":"Orb Walker","floor":35.0,"turns":3.0},{"damage":0.0,"enemies":"3 Shapes","floor":36.0,"turns":4.0},{"damage":19.0,"enemies":"Jaw Worm Horde","floor":37.0,"turns":7.0},{"damage":5.0,"enemies":"3 Darklings","floor":38.0,"turns":7.0},{"damage":29.0,"enemies":"Nemesis","floor":40.0,"turns":11.0},{"damage":0.0,"enemies":"Transient","floor":42.0,"turns":5.0},{"damage":0.0,"enemies":"Maw","floor":48.0,"turns":7.0},{"damage":25.0,"enemies":"Time Eater","floor":50.0,"turns":13.0},{"damage":0.0,"enemies":"animator:UNNAMED_CULTIST_1","floor":54.0,"turns":10.0},{"damage":90,"enemies":"animator:TRIPLE_SHAPES_WEAK","floor":55,"turns":10}],"seed_played":"-429415893385034928","potions_obtained":[{"floor":1.0,"key":"Ancient Potion"},{"floor":8.0,"key":"Strength Potion"},{"floor":13.0,"key":"AttackPotion"},{"floor":18.0,"key":"DistilledChaos"},{"floor":23.0,"key":"ColorlessPotion"},{"floor":29.0,"key":"DuplicationPotion"},{"floor":42.0,"key":"Swift Potion"},{"floor":54.0,"key":"animator:FalseLifePotion"}],"is_trial":false,"path_per_floor":["M","$","?","?","$","E","R","E","T","R","?","M","M","M","R","B",null,"M","?","M","?","M","E","R","?","T","?","$","E","M","M","R","B",null,"M","M","M","M","?","E","R","M","T","R","T","$","R","M","R","B",null,"R","??","M","M"],"character_chosen":"THE_ANIMATOR","items_purchased":["animator:Kazuma","animator:Viivi","animator:Shuna","animator:GazelDwargon","ColorlessPotion","animator:LizardPriest","animator:ItamiYouji","animator:Canti"],"campfire_rested":0,"item_purchase_floors":[2,5,28,28,28,46,46,46],"current_hp_per_floor":[66,66,66,59,59,59,59,50,50,50,39,39,39,39,39,39,66,66,66,66,66,66,24,24,24,24,24,24,24,24,24,24,13,76,78,81,64,62,62,33,33,35,35,35,35,35,35,37,37,39,89,89,86,88,0,0],"gold":449,"neow_bonus":"RANDOM_COMMON_RELIC","is_daily":false,"chose_seed":false,"campfire_upgraded":8,"win_rate":0.0,"timestamp":1613304865,"path_taken":["M","$","?","?","?","E","R","E","T","R","?","?","M","M","R","BOSS","M","?","?","?","?","E","R","?","T","?","?","E","M","M","R","BOSS","M","?","M","M","?","E","R","M","T","R","?","$","R","?","R","BOSS","R","??","M","M"],"items_purchased_type":["Card","Card","Card","Card","Potion","Card","Card","Card"],"build_version":"2020-12-22","purchased_purges":2,"victory":false,"max_hp_per_floor":[66,66,66,66,66,66,66,66,66,66,66,66,66,66,66,66,66,66,66,66,66,66,67,67,67,67,67,67,67,67,67,67,68,76,78,81,83,86,86,83,83,85,85,85,85,85,85,87,87,89,89,89,86,88,88,88],"card_choices":[{"not_picked":["animator:Archer","animator:Shinoa"],"picked":"animator:Shuna","floor":1.0},{"not_picked":["animator:TukaLunaMarceau","animator:Tyuule"],"picked":"animator:Demiurge","floor":6.0},{"not_picked":["animator:Darkness","animator:Illya"],"picked":"animator:AcuraAkari","floor":8.0},{"not_picked":["animator:Nanami","animator:ZankiKiguchi"],"picked":"animator:Emonzaemon","floor":12.0},{"not_picked":["animator:Shigure","animator:Emonzaemon"],"picked":"animator:Mitsuba","floor":13.0},{"not_picked":["animator:Guy","animator:Vanir"],"picked":"animator:HiiragiShinya","floor":14.0},{"not_picked":["animator:PinaCoLada","animator:Gilgamesh"],"picked":"animator:Saber","floor":16.0},{"not_picked":["animator:Archer","animator:Souei"],"picked":"animator:Fredrika","floor":18.0},{"not_picked":["animator:Priestess","animator:SwordMaiden"],"picked":"animator:GuildGirl","floor":20.0},{"not_picked":["animator:HigakiRinne","animator:Caster"],"picked":"animator:Verdia","floor":22.0},{"not_picked":["animator:Verdia","animator:Yuuichirou"],"picked":"animator:PandorasActor+1","floor":23.0},{"not_picked":["animator:Lancer+1","animator:ChaikaBohdan"],"picked":"animator:Benimaru","floor":29.0},{"not_picked":["animator:PandorasActor","animator:Shalltear"],"picked":"animator:Cocytus","floor":30.0},{"not_picked":["animator:Kaijin","animator:Benimaru"],"picked":"animator:Vanir","floor":31.0},{"not_picked":["animator:ItamiYouji","animator:Biyorigo"],"picked":"animator:Ainz","floor":33.0},{"not_picked":["animator:GazelDwargon","animator:Cocytus+1"],"picked":"animator:Fredrika","floor":35.0},{"not_picked":["animator:Viivi","animator:Guy"],"picked":"animator:Azekura+1","floor":36.0},{"not_picked":["animator:Evileye","animator:Shalltear"],"picked":"animator:Sebas","floor":37.0},{"not_picked":["animator:KrulTepes","animator:Kazuma"],"picked":"animator:Priestess","floor":38.0},{"not_picked":["animator:Evileye","animator:Guy"],"picked":"animator:Shuna+1","floor":40.0},{"not_picked":["animator:RoryMercury","animator:Tyuule"],"picked":"animator:Chris","floor":42.0},{"not_picked":["animator:Benimaru","animator:GazelDwargon"],"picked":"animator:Kaijin","floor":48.0},{"not_picked":["animator:Demiurge","animator:Gillette+1"],"picked":"animator:Evileye","floor":54.0}],"player_experience":1218933,"relics_obtained":[{"floor":6.0,"key":"ReplayFunnel"},{"floor":8.0,"key":"reliquary:Buckler"},{"floor":9.0,"key":"Divine Protection"},{"floor":23.0,"key":"Vajra"},{"floor":29.0,"key":"reliquary:Aerogel"},{"floor":40.0,"key":"Regal Pillow"},{"floor":43.0,"key":"reliquary:Boomerang"},{"floor":45.0,"key":"Pantograph"},{"floor":53.0,"key":"animator:TheEgnaroPiece"}],"event_choices":[{"damage_healed":0.0,"max_hp_gain":0.0,"max_hp_loss":0.0,"gold_gain":0.0,"cards_transformed":["animator:Defend"],"event_name":"Living Wall","player_choice":"Change","floor":3.0,"gold_loss":0.0,"damage_taken":0.0,"cards_obtained":["animator:HigakiRinne"]},{"cards_removed":["animator:Strike"],"damage_healed":0.0,"max_hp_gain":0.0,"max_hp_loss":0.0,"gold_gain":0.0,"event_name":"Golden Wing","player_choice":"Card Removal","floor":4.0,"gold_loss":0.0,"damage_taken":7.0},{"damage_healed":0.0,"max_hp_gain":0.0,"max_hp_loss":0.0,"gold_gain":75.0,"event_name":"World of Goop","player_choice":"Gather Gold","floor":11.0,"gold_loss":0.0,"damage_taken":11.0},{"damage_healed":0.0,"max_hp_gain":0.0,"max_hp_loss":0.0,"gold_gain":0.0,"event_name":"Wheel of Change","player_choice":"Full Heal","floor":19.0,"gold_loss":0.0,"damage_taken":0.0},{"damage_healed":0.0,"max_hp_gain":0.0,"max_hp_loss":0.0,"gold_gain":0.0,"event_name":"NoteForYourself","player_choice":"Ignored","floor":21.0,"gold_loss":0.0,"damage_taken":0.0},{"cards_removed":["animator:Strike"],"damage_healed":0.0,"max_hp_gain":0.0,"max_hp_loss":0.0,"gold_gain":0.0,"event_name":"Back to Basics","player_choice":"Elegance","floor":25.0,"gold_loss":0.0,"damage_taken":0.0},{"damage_healed":0.0,"max_hp_gain":0.0,"max_hp_loss":0.0,"gold_gain":0.0,"event_name":"Mysterious Sphere","player_choice":"Ignored","floor":39.0,"gold_loss":0.0,"damage_taken":0.0}],"is_beta":false,"boss_relics":[{"not_picked":["ChewingGum","reliquary:WritOfMandamus"],"picked":"Coffee Dripper"},{"not_picked":["Sozu","Kintsugi"],"picked":"animator:HolyGrailRelic"}],"items_purged_floors":[28,46],"is_endless":false,"potions_floor_spawned":[1,8,13,18,23,29,33,36,37,42],"killed_by":"animator:TRIPLE_SHAPES_WEAK","ascension_level":0}}