{"host":"htqwg582tjjtn9p7","time":1613330125,"event":{"mods":["2.2 Compatiblity","AchievementEnabler","Act Like it!","Aspiration","BaseMod","Better Third Choice","Colored Map","Conspire","Curses Come First","Displayed Cursed Tome","Energized Spire","Force Act Four","Fox Events","GifTheSpireLib","Hermit","Highlight Path","JesterMod","Mad Scientist","Minty Spire (QoL Compilation)","Pale of the Ancients","Permanent Neow","Random Character Button","Relic Stats","Reliquary","Replay The Spire","Robot Space Explorer","Somnambulant","Spicy Shops","Spikes Relics","StSLib","Stuff the Spire","The Blue Laboratory","The Bug Knight","The Forsaken","The Gatherer","The Judge","The Jungle","The Marked","The Runesmith","The Servant 0.9.4","Uncapped"],"gold_per_floor":[114,64,64,82,92,92,123,138,138,169,185,185,205,230,230,330,330,342,342,46,65,65,65,65,92,166,201,126,139,152,152,152,254,354,373,392,392,392],"floor_reached":37,"language":"ENG","playtime":1782,"items_purged":["Pain"],"score":725,"play_id":"841c2bfd-df67-4b8c-a68a-4da3f4196307","local_time":"20210214201525","is_ascension_mode":true,"campfire_choices":[{"data":"theMarked:ComboAttacks","floor":6,"key":"SMITH"},{"data":"theMarked:EmpowerWeapon","floor":12,"key":"SMITH"},{"floor":15,"key":"REST"},{"floor":23,"key":"REST"}],"circlet_count":0,"master_deck":["theMarked:Strike","theMarked:Strike","theMarked:Strike","theMarked:Defend","theMarked:Defend","theMarked:Defend","theMarked:Defend","theMarked:SoldierOfQuellstein","theMarked:ChainLightning","theMarked:ResourceFulStrike","theMarked:ComboAttacks+1","theMarked:Defy","theMarked:StartUp","theMarked:EmpowerWeapon+1","theMarked:ChainLightning","theMarked:Improvise","theMarked:Defy","ShatteredReality","theMarked:Indomitable","SpecialFormula+1","theMarked:ComboAttacks+1","FastForward","theMarked:Improvise","MoonPhase","J.A.X.","theMarked:MysticalArsenal","theMarked:Toughness+1","Defy"],"relics":["theMarked:ArtifactOfAir","StuffTheSpire:PointBlank","LugNut","reliquary:PurpleTingedLeaf","reliquary:Knoch","reliquary:OuijaBoard","aspiration:ServantSkillbook","Nunchaku","Orrery","WarpedTongs","Omamori","Replay:Accelerometer","Golden Egg","Replay:Wanted Poster"],"acts_visited":["Exordium","TheCity","TheBeyond"],"potions_floor_usage":[10,10,14,14,33,33,33,36],"damage_taken":[{"damage":3,"enemies":"Jaw Worm","floor":1,"turns":4},{"damage":0,"enemies":"conspire:RoseBush","floor":4,"turns":3},{"damage":0,"enemies":"Cultist","floor":5,"turns":3},{"damage":3,"enemies":"Replay:BlueRogue","floor":7,"turns":6},{"damage":2,"enemies":"Looter","floor":8,"turns":3},{"damage":20,"enemies":"Lagavulin","floor":10,"turns":6},{"damage":0,"enemies":"3 Louse","floor":11,"turns":2},{"damage":11,"enemies":"Lots of Slimes","floor":13,"turns":2},{"damage":0,"enemies":"Gremlin Nob","floor":14,"turns":3},{"damage":22,"enemies":"Fading Forest","floor":16,"turns":11},{"damage":0,"enemies":"Spheric Guardian","floor":18,"turns":3},{"damage":34,"enemies":"Snake Plant","floor":21,"turns":5},{"damage":8,"enemies":"HollowMod:Nosk","floor":25,"turns":6},{"damage":7,"enemies":"conspire:SneckoGhost","floor":27,"turns":6},{"damage":0,"enemies":"Sentry and Sphere","floor":29,"turns":3},{"damage":0,"enemies":"conspire:HollyBat","floor":30,"turns":6},{"damage":43,"enemies":"Pondfish","floor":33,"turns":6},{"damage":17,"enemies":"3 Shapes","floor":35,"turns":4},{"damage":51,"enemies":"3 Darklings","floor":36,"turns":3},{"damage":0,"enemies":"4 Shapes","floor":37,"turns":1}],"seed_played":"2959154371604011081","potions_obtained":[{"floor":0,"key":"blueLaboratory:BubblePotion"},{"floor":0,"key":"Flashbang"},{"floor":0,"key":"blueLaboratory:RecallPotion"},{"floor":4,"key":"theMarked:ChargePotion"},{"floor":8,"key":"theMarked:ChargePotion"},{"floor":13,"key":"blueLaboratory:ImpenetrablePotion"},{"floor":16,"key":"FearPotion"},{"floor":25,"key":"blueLaboratory:BottledHope"},{"floor":27,"key":"Regen Potion"},{"floor":30,"key":"blueLaboratory:FruitPunch"},{"floor":35,"key":"DistilledChaos"}],"is_trial":false,"path_per_floor":["M","?","?","M","M","R","E","M","T","E","M","R","M","E","R","B",null,"M","?","$","M","?","R","$","E","T","E","$","M","M","?","R_BF","B",null,"M","M","M"],"character_chosen":"THE_DEFAULT","items_purchased":["Nunchaku","Orrery"],"campfire_rested":2,"item_purchase_floors":[20,20],"current_hp_per_floor":[67,67,67,67,67,67,64,62,62,43,43,43,32,33,54,43,70,70,70,70,46,46,67,67,60,60,63,63,70,70,70,70,52,72,57,21,21,21],"gold":392,"neow_bonus":"THREE_SMALL_POTIONS","is_daily":false,"chose_seed":false,"campfire_upgraded":2,"win_rate":0.0,"timestamp":1613330125,"path_taken":["M","?","?","M","M","R","E","M","T","E","M","R","?","E","R","BOSS","M","?","$","M","?","R","$","E","T","E","$","M","?","?","R_BF","BOSS","M","M","M"],"items_purchased_type":["Relic","Relic"],"build_version":"2020-12-22","purchased_purges":1,"victory":false,"max_hp_per_floor":[70,70,70,70,70,70,70,70,70,70,70,70,70,70,70,70,70,70,70,70,70,70,70,70,70,70,70,70,70,70,70,70,72,72,72,72,72,72],"relic_stats":{"Nunchaku":[9],"counters":[20,86],"obtain_stats":[{"reliquary:OuijaBoard":14,"Replay:Accelerometer":26,"Golden Egg":27,"Omamori":25,"WarpedTongs":22,"Replay:Wanted Poster":34,"theMarked:ArtifactOfAir":0,"Nunchaku":20,"aspiration:ServantSkillbook":17,"Orrery":20,"StuffTheSpire:PointBlank":3,"reliquary:Knoch":10,"LugNut":7,"reliquary:PurpleTingedLeaf":9},{"reliquary:OuijaBoard":9,"Replay:Accelerometer":13,"Golden Egg":14,"Omamori":13,"WarpedTongs":12,"Replay:Wanted Poster":17,"theMarked:ArtifactOfAir":0,"Nunchaku":11,"aspiration:ServantSkillbook":10,"Orrery":11,"StuffTheSpire:PointBlank":1,"reliquary:Knoch":6,"LugNut":4,"reliquary:PurpleTingedLeaf":5},{"reliquary:OuijaBoard":32,"Replay:Accelerometer":57,"Golden Egg":63,"Omamori":57,"WarpedTongs":51,"Replay:Wanted Poster":78,"theMarked:ArtifactOfAir":0,"Nunchaku":46,"aspiration:ServantSkillbook":43,"Orrery":46,"StuffTheSpire:PointBlank":4,"reliquary:Knoch":25,"LugNut":16,"reliquary:PurpleTingedLeaf":19}],"WarpedTongs":[35]},"card_choices":[{"not_picked":["theMarked:TwofoldDefense","theMarked:SwordAndMagic"],"picked":"theMarked:ChainLightning","floor":1},{"not_picked":["theMarked:Memento","theMarked:Frustration"],"picked":"theMarked:ResourceFulStrike","floor":4},{"not_picked":["theMarked:ChainLightning","theMarked:Memento"],"picked":"theMarked:ComboAttacks","floor":5},{"not_picked":["theMarked:MagusForm","theMarked:Electrify"],"picked":"theMarked:Defy","floor":7},{"not_picked":["theMarked:Heritage","theMarked:BanishingStrike","theMarked:MuscleMemory"],"picked":"SKIP","floor":8},{"not_picked":["theMarked:Memento","theMarked:SwordAndMagic"],"picked":"theMarked:StartUp","floor":10},{"not_picked":["theMarked:Convert","theMarked:RepellingDischarge"],"picked":"theMarked:EmpowerWeapon","floor":11},{"not_picked":["theMarked:Friction","theMarked:BindingBlade"],"picked":"theMarked:ChainLightning","floor":13},{"not_picked":["theMarked:Electrocute","theMarked:Parry"],"picked":"theMarked:Improvise","floor":14},{"not_picked":["theMarked:MagusForm","theMarked:BindingBlade"],"picked":"theMarked:Defy","floor":16},{"not_picked":["SurpressingFire","Unruled","Foresight+1","Moondial"],"picked":"SKIP","floor":18},{"not_picked":["theMarked:ElectricStrings","Orbit","theMarked:TakeCover+1"],"picked":"ShatteredReality","floor":20},{"not_picked":["theMarked:Electrify+1","theMarked:ResourceFulStrike","theMarked:Frustration+1"],"picked":"theMarked:Indomitable","floor":20},{"not_picked":["Spin+1","theMarked:Memento","theMarked:TunnelVision"],"picked":"SpecialFormula+1","floor":20},{"not_picked":["Ricochet","theMarked:WastefulAttack","Defy"],"picked":"theMarked:ComboAttacks+1","floor":20},{"not_picked":["theMarked:Challenge","theMarked:SwordAndMagic","Rewind"],"picked":"FastForward","floor":20},{"not_picked":["Ricochet+1","Replace","theMarked:Parkour"],"picked":"theMarked:Improvise","floor":21},{"not_picked":["Snipe+1","ForgedInTime","Spin","DancingSilver+1"],"picked":"SKIP","floor":25},{"not_picked":["theMarked:Electrify","Alleviate","Revamp"],"picked":"MoonPhase","floor":27},{"not_picked":["TimeTheft+1","theMarked:WastefulAttack","Manipulate","theMarked:Parkour"],"picked":"SKIP","floor":29},{"not_picked":["FastForward","Manipulate","theMarked:Opportunist","theMarked:RogueSparks"],"picked":"SKIP","floor":30},{"not_picked":["theMarked:EternalStudent","LightFlow","Embodiment"],"picked":"theMarked:Toughness","floor":33},{"not_picked":["theMarked:CreepingChasm+1","theMarked:ChainLightning","Replace+1","theMarked:Memento+1"],"picked":"SKIP","floor":35},{"not_picked":["LightFlow","Sabotage+1","theMarked:PowerFlow"],"picked":"Defy","floor":36}],"player_experience":2031693,"relics_obtained":[{"floor":7,"key":"LugNut"},{"floor":9,"key":"reliquary:PurpleTingedLeaf"},{"floor":10,"key":"reliquary:Knoch"},{"floor":14,"key":"reliquary:OuijaBoard"},{"floor":25,"key":"Omamori"},{"floor":26,"key":"Replay:Accelerometer"},{"floor":27,"key":"Golden Egg"}],"event_choices":[{"cards_removed":["theMarked:Strike"],"damage_healed":0,"gold_gain":0,"player_choice":"Card Removal","damage_taken":0,"max_hp_gain":0,"max_hp_loss":0,"event_name":"The Cleric","floor":2,"gold_loss":50},{"damage_healed":0,"gold_gain":0,"player_choice":"Gave Potion","damage_taken":0,"relics_obtained":["StuffTheSpire:PointBlank"],"max_hp_gain":0,"max_hp_loss":0,"event_name":"WeMeetAgain","floor":3,"gold_loss":0},{"damage_healed":0,"gold_gain":0,"player_choice":"Ignored","damage_taken":0,"max_hp_gain":0,"max_hp_loss":0,"event_name":"Ghosts","floor":19,"gold_loss":0},{"damage_healed":0,"gold_gain":0,"player_choice":"Rummage","damage_taken":0,"relics_obtained":["WarpedTongs"],"max_hp_gain":0,"max_hp_loss":0,"event_name":"Accursed Blacksmith","floor":22,"gold_loss":0,"cards_obtained":["Pain"]},{"damage_healed":0,"gold_gain":0,"player_choice":"Obtain J.A.X.","damage_taken":0,"max_hp_gain":0,"max_hp_loss":0,"event_name":"Drug Dealer","floor":31,"gold_loss":0,"cards_obtained":["J.A.X."]}],"is_beta":false,"boss_relics":[{"not_picked":["theForsaken:PaleLantern","conspire:SeveredTorchhead"],"picked":"aspiration:ServantSkillbook"},{"not_picked":["energizedSpire:EnergizedDie","Abe\u0027s Treasure"],"picked":"Replay:Wanted Poster"}],"items_purged_floors":[28],"is_endless":false,"potions_floor_spawned":[4,8,13,16,25,27,30,35],"killed_by":"4 Shapes","ascension_level":4}}