{"host":"fkpiy6brc0jk9mxy","time":1613283830,"event":{"mods":["BaseMod","Hermit","Keyboard Shortcuts","Minty Spire (QoL Compilation)","Permanent Neow","StSLib","SuperFastMode","The Servant 0.9.4","everything is the same but u backflip on backflip"],"gold_per_floor":[165,165,143,143,93,93,120,120,147,161,161,180,180,190,190,293,293,309,323,238,250,35,35,53,65,65,78,96,96,106,106,106],"floor_reached":31,"language":"KOR","playtime":1176,"items_purged":["hermit:BlackWind"],"score":262,"play_id":"be257a05-2496-426e-b452-82ffd39cd7ba","local_time":"20210214152350","is_ascension_mode":false,"campfire_choices":[{"data":"hermit:HighCaliber","floor":6.0,"key":"SMITH"},{"floor":8.0,"key":"REST"},{"data":"hermit:BlackWind","floor":15.0,"key":"SMITH"},{"data":"hermit:FullyLoaded","floor":23.0,"key":"SMITH"},{"data":"hermit:FlashPowder","floor":29.0,"key":"SMITH"}],"circlet_count":0,"master_deck":["hermit:Strike_Hermit","hermit:Strike_Hermit","hermit:Strike_Hermit","hermit:Strike_Hermit+1","hermit:Defend_Hermit","hermit:Defend_Hermit","hermit:Defend_Hermit","hermit:Defend_Hermit+1","hermit:Snapshot","hermit:Covet+1","hermit:HighCaliber+1","hermit:Deadeye","hermit:Midnight","hermit:FlashPowder+1","hermit:BlackWind+1","hermit:Snipe+1","hermit:FullyLoaded+1","hermit:GhostlyPresence","hermit:HighCaliber"],"relics":["Tiny House","Mummified Hand","Art of War","Bag of Marbles","Dream Catcher","Runic Pyramid","MawBank","Lantern","Ornamental Fan"],"acts_visited":["Exordium","TheCity"],"potions_floor_usage":[30,30,30],"damage_taken":[{"damage":5.0,"enemies":"2 Louse","floor":1.0,"turns":4.0},{"damage":41.0,"enemies":"Gremlin Nob","floor":7.0,"turns":5.0},{"damage":6.0,"enemies":"Jaw Worm","floor":10.0,"turns":2.0},{"damage":0.0,"enemies":"Small Slimes","floor":12.0,"turns":2.0},{"damage":3.0,"enemies":"Exordium Wildlife","floor":14.0,"turns":3.0},{"damage":11.0,"enemies":"Hexaghost","floor":16.0,"turns":7.0},{"damage":8.0,"enemies":"Spheric Guardian","floor":18.0,"turns":4.0},{"damage":17.0,"enemies":"3 Byrds","floor":19.0,"turns":4.0},{"damage":48.0,"enemies":"Snecko","floor":24.0,"turns":6.0},{"damage":0.0,"enemies":"Snake Plant","floor":25.0,"turns":2.0},{"damage":4.0,"enemies":"3 Cultists","floor":27.0,"turns":4.0},{"damage":0.0,"enemies":"Centurion and Healer","floor":28.0,"turns":3.0},{"damage":0,"enemies":"Snake Plant","floor":30,"turns":1},{"damage":8,"enemies":"Slavers","floor":31,"turns":1}],"seed_played":"-2999063764427341465","potions_obtained":[{"floor":0.0,"key":"SkillPotion"},{"floor":7.0,"key":"SteroidPotion"},{"floor":10.0,"key":"EssenceOfSteel"},{"floor":18.0,"key":"PowerPotion"},{"floor":25.0,"key":"SteroidPotion"},{"floor":28.0,"key":"Dexterity Potion"}],"is_trial":false,"path_per_floor":["M","?","?","?","?","R","E","R","T","M","?","M","?","M","R","B",null,"M","M","?","?","$","R","M","M","T","M","M","R","M","E"],"character_chosen":"HERMIT","items_purchased":["Lantern"],"campfire_rested":1,"item_purchase_floors":[22],"current_hp_per_floor":[75,63,63,63,63,63,22,46,46,40,24,24,24,21,21,10,80,72,55,55,55,55,55,7,7,7,3,3,3,3,0,0],"gold":106,"neow_bonus":"BOSS_RELIC","is_daily":false,"chose_seed":false,"campfire_upgraded":4,"win_rate":0.0,"timestamp":1613283830,"path_taken":["M","?","?","?","?","R","E","R","T","M","?","?","?","M","R","BOSS","M","M","?","?","$","R","?","M","T","M","M","R","M","E"],"items_purchased_type":["Relic"],"build_version":"2020-12-22","purchased_purges":1,"victory":false,"max_hp_per_floor":[80,80,80,80,80,80,80,80,80,80,80,80,80,80,80,80,80,80,80,80,80,80,80,80,80,80,80,80,80,80,80,80],"card_choices":[{"not_picked":["hermit:Horror","hermit:Shortfuse"],"picked":"hermit:HighCaliber","floor":0.0},{"not_picked":["hermit:Glare","hermit:TakeCover","hermit:Coalescence"],"picked":"SKIP","floor":1.0},{"not_picked":["hermit:HoleUp","hermit:SprayPray"],"picked":"hermit:Deadeye","floor":7.0},{"not_picked":["hermit:Ricochet","hermit:BodyArmor"],"picked":"hermit:Midnight","floor":10.0},{"not_picked":["hermit:Desperado","hermit:ShadowCloak"],"picked":"hermit:FlashPowder","floor":12.0},{"not_picked":["hermit:Glare","hermit:LowProfile"],"picked":"hermit:BlackWind","floor":14.0},{"not_picked":["hermit:Magnum","hermit:Adapt"],"picked":"hermit:BlackWind","floor":16.0},{"not_picked":["hermit:BigShot","hermit:Desperado"],"picked":"hermit:Snipe+1","floor":18.0},{"not_picked":["hermit:Desperado","hermit:CalledShot","hermit:Horror"],"picked":"SKIP","floor":19.0},{"not_picked":["hermit:Misfire","hermit:Snipe","hermit:TakeCover"],"picked":"SKIP","floor":24.0},{"not_picked":["hermit:Brawl","hermit:Gestalt","hermit:CalledShot"],"picked":"SKIP","floor":25.0},{"not_picked":["hermit:Snipe","hermit:SprayPray"],"picked":"hermit:GhostlyPresence","floor":27.0},{"not_picked":["hermit:FatalDesire","hermit:Quickdraw"],"picked":"hermit:HighCaliber","floor":28.0},{"not_picked":["hermit:SprayPray+1","hermit:Gestalt+1","hermit:PistolWhip"],"picked":"SKIP","floor":30}],"player_experience":355282,"relics_obtained":[{"floor":7.0,"key":"Bag of Marbles"},{"floor":9.0,"key":"Dream Catcher"},{"floor":26.0,"key":"Ornamental Fan"}],"event_choices":[{"damage_healed":0.0,"max_hp_gain":0.0,"max_hp_loss":0.0,"gold_gain":0.0,"event_name":"Scrap Ooze","player_choice":"Success","floor":2.0,"gold_loss":0.0,"damage_taken":12.0,"relics_obtained":["Mummified Hand"]},{"damage_healed":0.0,"max_hp_gain":0.0,"max_hp_loss":0.0,"gold_gain":0.0,"event_name":"World of Goop","player_choice":"Left Gold","floor":3.0,"gold_loss":22.0,"damage_taken":0.0},{"damage_healed":0.0,"max_hp_gain":0.0,"max_hp_loss":0.0,"gold_gain":0.0,"event_name":"Big Fish","player_choice":"Box","floor":4.0,"gold_loss":0.0,"damage_taken":0.0,"relics_obtained":["Art of War"],"cards_obtained":["Regret"]},{"cards_removed":["Regret"],"damage_healed":0.0,"max_hp_gain":0.0,"max_hp_loss":0.0,"gold_gain":0.0,"event_name":"The Cleric","player_choice":"Card Removal","floor":5.0,"gold_loss":50.0,"damage_taken":0.0},{"damage_healed":0.0,"max_hp_gain":0.0,"max_hp_loss":0.0,"gold_gain":0.0,"event_name":"Shining Light","player_choice":"Entered Light","floor":11.0,"gold_loss":0.0,"damage_taken":16.0,"cards_upgraded":["hermit:Defend_Hermit","hermit:Strike_Hermit"]},{"damage_healed":0.0,"max_hp_gain":0.0,"max_hp_loss":0.0,"gold_gain":0.0,"event_name":"Liars Game","player_choice":"Ignored","floor":13.0,"gold_loss":0.0,"damage_taken":0.0},{"damage_healed":0.0,"max_hp_gain":0.0,"max_hp_loss":0.0,"gold_gain":0.0,"event_name":"Addict","player_choice":"Obtained Relic","floor":20.0,"gold_loss":85.0,"damage_taken":0.0,"relics_obtained":["MawBank"]},{"damage_healed":0.0,"max_hp_gain":0.0,"max_hp_loss":0.0,"gold_gain":0.0,"event_name":"The Library","player_choice":"Read","floor":21.0,"gold_loss":0.0,"damage_taken":0.0,"cards_obtained":["hermit:FullyLoaded"]}],"is_beta":false,"boss_relics":[{"not_picked":["Coffee Dripper","Pandora\u0027s Box"],"picked":"Runic Pyramid"}],"items_purged_floors":[22],"is_endless":false,"potions_floor_spawned":[7,10,18,25,28],"killed_by":"Slavers","ascension_level":0}}