{"host":"u1aszu5qu1q3zw6m","time":1613294191,"event":{"mods":["Act Like it!","BaseMod","BetterRewards","Colored Map","Colored Powertips","Downfall","Hermit","Infinite Spire","Jorbs\u0027s Wanderer Trilogy","Marisa????????","Minty Spire (QoL Compilation)","Quick Restart","Replay The Spire","StSLib","The Cursed","The Necromancer"],"gold_per_floor":[99,156,156,156,156,249,249,149,233,263,263,8,89,25,118,415,515,515,554,554,593,35,137,137,137,221,221,221,221,221,221,260,575,575,575,632,932,1031,1091,1169,1169,1244,1244,918,993,491,491,566,626,926,926,926,926,603,778,425,425,475,475,535,535,535,619,619,694,694,997,997,997,1057,1102,1402,1477,1561,1636,1636,1636,1636,781,644,644,944,992,1368,1368,1268,1268,1488,1661,1865,2076,2355,1578,1735,1735,1980,1980,1980,1253,1379,1784,1784,1784,1784],"floor_reached":102,"language":"ENG","playtime":8687,"items_purged":["Normality","Pain","Doubt"],"score":2715,"play_id":"29448c73-4cdb-45ed-827d-f7fdb6b650e5","local_time":"20210214041631","daily_mods":["Allstar","Heirloom","Time Dilation","Flight","DeadlyEvents","Midas"],"is_ascension_mode":true,"campfire_choices":[{"floor":1,"key":"DIG"},{"floor":8,"key":"DIG"},{"floor":11,"key":"REST"},{"floor":28,"key":"DIG"},{"floor":43,"key":"REST"},{"floor":47,"key":"DIG"},{"floor":59,"key":"DIG"},{"floor":61,"key":"DIG"},{"floor":64,"key":"DIG"},{"floor":76,"key":"DIG"},{"floor":81,"key":"RECALL"},{"floor":86,"key":"DIG"},{"floor":95,"key":"DIG"},{"floor":98,"key":"DIG"}],"circlet_count":0,"master_deck":["hexamod:Sear","hexamod:Float","Metamorphosis","Blind","ReplayTheSpireMod:Uncanny Aura","ReplayTheSpireMod:Trickstab","Midas Touch","hexamod:SearingWound","hexamod:RecurringNightmare","hexamod:Firestarter","hexamod:GhostLash","hexamod:PhantomFireball","hexamod:ThermalTransfer","hexamod:TimeOfNeed","hexamod:Hexaguard","hexamod:GhostflameInferno","hexamod:Hexaguard","hexamod:ParanormalForm","hexamod:EmpoweredFlame+1","hexamod:HeatMetal+1","expansioncontent:InvincibleStrength","expansioncontent:QuickStudy+1","hexamod:Incineration","hexamod:GhostShield","hexamod:EtherealExpedition","hexamod:HeatShield","hexamod:Again","hexamod:TimeOfNeed+1","hexamod:Haunt","hexamod:ThirdSeal","hexamod:NightmareStrike","hexamod:HexaLevel+1","hexamod:HeatCrush","hexamod:NecessarySacrifice","hexamod:ForkedFlame+1","hexamod:BurningTouch","hexamod:Sear","hexamod:AdvancingGuard","hexamod:FirstSeal","Discovery","Replay:Sluggish","hexamod:GhostShield","hexamod:EmpoweredFlame+1","hexamod:NecessarySacrifice","hexamod:SoulSteal","hexamod:Again","hexamod:HeatCrush","hexamod:EtherealExpedition+1","hexamod:EmpoweredFlame+1","expansioncontent:QuickStudy+1","hexamod:HauntingEcho+1","hexamod:RecurringNightmare","hexamod:StepThrough+1","hexamod:ForkedFlame+1","hexamod:EmpoweredFlame+1","Secret Weapon+1","hexamod:RadiantFlame+1","hexamod:ExtraCrispy+1","hexamod:GhostflameInferno+1","hexamod:FourthSeal","hexamod:SkipABeat+1","infinitespire:NeuralNetwork+1","hexamod:RecurringNightmare","hexamod:EtherealExpedition","hexamod:HeatShield","hexamod:SpectralAdrenaline+1","ReplayTheSpireMod:Echoes of Time","hexamod:GhostShield","hexamod:FourthSeal","hexamod:TimeWarp+1","infinitespire:Punishment","stsjorbsmod:PollutedStrike","hexamod:Hexaguard","hexamod:Firestarter","hexamod:Incineration","hexamod:SoulSteal","hexamod:WildfireWeapon+1","hexamod:SoulSteal","expansioncontent:QuickStudy+1","hexamod:UnlimitedPower+1","hexamod:WildfireWeapon+1","hexamod:GhostflameBarrier","J.A.X.","hexamod:GhostOfSpireFuture+1","hexamod:GhostOfSpireFuture+1","hexamod:GhostOfSpirePast+1","hexamod:WildfireWeapon+1","Spreading Infection","hexamod:EtherealExpedition","hexamod:InspiringFlames+1","hexamod:SkipABeat+1","hexamod:Incineration+1","hexamod:EtherealExpedition","hexamod:FourthSeal","hexamod:TimeWarp+1","Pray","hexamod:VolcanoVisage+1","hermit:Midnight+1","Amplify+1","hexamod:PhantomFireball"],"relics":["replay:Trail_Library","Shovel","hexamod:SoulConsumer","m_DevilBlood","WarpedTongs","Replay:Wax Seal","downfall:HeartBlessingBlue","Iron Hammer","Regal Pillow","Replay:Ringing Soul","Chameleon Ring","Smiling Mask","Replay:Grab Bag","Fusion Hammer","Replay:Wanted Poster","sneckomod:SneckoTalon","ReplayTheSpireMod:CursedCoin","Lizard Tail","Golden Egg","Bottled Tornado","Turnip","Matryoshka","Pandora\u0027s Box","Philosopher\u0027s Stone","downfall:GremlinSack","Mirror","StrikeDummy","Vajra","Replay:Bottled Steam","Torii","Pet Ghost","Nunchaku","Frozen Egg 2","Cauldron","Bronze Scales","Art of War","Blue Candle","Bag of Marbles","SacredBark","replay:Trail_Library","Orrery","Omamori","ClockworkSouvenir","Bag of Preparation","Centennial Puzzle","ReplayTheSpireMod:Lightbulb","Darkstone Periapt","Girya","hexamod:Sixitude","Replay:Ancient Bell","infinitespire:PuzzleCube","Mercury Hourglass","Mango","Replay:Arrowhead","White Beast Statue","Replay:Rubber Ducky","Replay:Baseball","Replay:Bottled Snecko","Strange Spoon","MutagenicStrength","infinitespire:EvilPickle","Honey Jar","downfall:HeartBlessingRed","Guardian:PocketSentry","ReplayTheSpireMod:Ring of Collecting","ReplayTheSpireMod:Ring of Challenge","champ:DeflectingBracers","PrismaticShard","Replay:Accelerometer","War Paint","Runic Pyramid","Bird Faced Urn","Garlic","Pear","Chemical X","Replay:Drink Me"],"acts_visited":["Exordium","TheCity","TheBeyond","Exordium","TheCity","TheBeyond"],"potions_floor_usage":[6,13,15,19,22,22,26,26,29,29,29,32,33,33,33,36,37,39,40,44,45,45,45,48,50,50,50,50,63,63,65,67,67,72,72,75,75,75,75,82,82,82,82,82,82,83,84,84,84,84,89,90,90,91,92,100,100,101,101,101,101],"damage_taken":[{"damage":7,"enemies":"2 Louse","floor":2,"turns":3},{"damage":25,"enemies":"Gremlin Nob","floor":6,"turns":2},{"damage":20,"enemies":"Lagavulin","floor":9,"turns":4},{"damage":10,"enemies":"Jaw Worm","floor":10,"turns":4},{"damage":11,"enemies":"downfall:FleeingMerchant","floor":12,"turns":4},{"damage":31,"enemies":"Replay:BlueRogue","floor":13,"turns":4},{"damage":17,"enemies":"downfall:FleeingMerchant","floor":14,"turns":4},{"damage":9,"enemies":"Lagavulin","floor":15,"turns":4},{"damage":8,"enemies":"WA_ARCHETYPE_RETAIN","floor":16,"turns":4},{"damage":20,"enemies":"3 Byrds","floor":19,"turns":3},{"damage":13,"enemies":"Shell Parasite","floor":21,"turns":5},{"damage":4,"enemies":"downfall:FleeingMerchant","floor":22,"turns":4},{"damage":36,"enemies":"Nightmare","floor":23,"turns":8},{"damage":15,"enemies":"Gremlin Leader","floor":26,"turns":3},{"damage":0,"enemies":"Slavers","floor":29,"turns":1},{"damage":0,"enemies":"Snake Plant","floor":32,"turns":2},{"damage":64,"enemies":"SI_MIRROR_ARCHETYPE","floor":33,"turns":9},{"damage":0,"enemies":"Orb Walker","floor":36,"turns":1},{"damage":0,"enemies":"Orb Walker","floor":37,"turns":3},{"damage":29,"enemies":"R_Hoarder","floor":38,"turns":5},{"damage":10,"enemies":"3 Darklings","floor":39,"turns":3},{"damage":77,"enemies":"Reptomancer","floor":40,"turns":5},{"damage":6,"enemies":"R_Hoarder","floor":42,"turns":3},{"damage":19,"enemies":"downfall:FleeingMerchant","floor":44,"turns":4},{"damage":4,"enemies":"Nightmare","floor":45,"turns":4},{"damage":8,"enemies":"R_Hoarder","floor":48,"turns":4},{"damage":20,"enemies":"4 Shapes","floor":49,"turns":3},{"damage":28,"enemies":"IC_BLOCK_ARCHETYPE","floor":50,"turns":4},{"damage":11,"enemies":"2 Louse","floor":60,"turns":1},{"damage":2,"enemies":"3 Sentries","floor":63,"turns":3},{"damage":1,"enemies":"Nightmare","floor":65,"turns":5},{"damage":10,"enemies":"The Guardian","floor":67,"turns":2},{"damage":0,"enemies":"Spheric Guardian","floor":70,"turns":3},{"damage":0,"enemies":"Chosen","floor":71,"turns":1},{"damage":0,"enemies":"Colosseum Nobs","floor":72,"turns":1},{"damage":0,"enemies":"Slavers","floor":74,"turns":1},{"damage":63,"enemies":"Nightmare","floor":75,"turns":5},{"damage":0,"enemies":"downfall:Augmenter","floor":82,"turns":2},{"damage":0,"enemies":"Centurion and Healer","floor":83,"turns":2},{"damage":8,"enemies":"Pondfish","floor":84,"turns":5},{"damage":0,"enemies":"R_Hoarder","floor":88,"turns":1},{"damage":0,"enemies":"3 Darklings","floor":89,"turns":2},{"damage":0,"enemies":"Giant Head","floor":90,"turns":3},{"damage":0,"enemies":"R_Hoarder","floor":91,"turns":1},{"damage":0,"enemies":"Reptomancer","floor":92,"turns":2},{"damage":0,"enemies":"3 Shapes","floor":94,"turns":2},{"damage":3,"enemies":"Nemesis","floor":96,"turns":1},{"damage":0,"enemies":"Writhing Mass","floor":100,"turns":2},{"damage":72,"enemies":"Awakened One","floor":101,"turns":4}],"seed_played":"-3175838581444734317","potions_obtained":[{"floor":2,"key":"champ:CounterPotion"},{"floor":10,"key":"Ancient Potion"},{"floor":15,"key":"AttackPotion"},{"floor":18,"key":"bronze:BurnAndBuffPotion"},{"floor":18,"key":"BlessingOfTheForge"},{"floor":19,"key":"SmokeBomb"},{"floor":23,"key":"CultistPotion"},{"floor":25,"key":"SneckoOil"},{"floor":25,"key":"Swift Potion"},{"floor":27,"key":"Explosive Potion"},{"floor":27,"key":"champ:CounterPotion"},{"floor":30,"key":"Dexterity Potion"},{"floor":30,"key":"hexamod:DoubleChargePotion"},{"floor":32,"key":"Dexterity Potion"},{"floor":35,"key":"SneckoOil"},{"floor":35,"key":"GamblersBrew"},{"floor":36,"key":"PowerPotion"},{"floor":39,"key":"SkillPotion"},{"floor":42,"key":"LiquidMemories"},{"floor":45,"key":"DuplicationPotion"},{"floor":46,"key":"Death Potion"},{"floor":46,"key":"FearPotion"},{"floor":46,"key":"Venom Potion"},{"floor":49,"key":"champ:CounterPotion"},{"floor":50,"key":"EssenceOfSteel"},{"floor":52,"key":"ColorlessPotion"},{"floor":52,"key":"Guardian:BlockOnCardUsePotion"},{"floor":60,"key":"Strength Potion"},{"floor":63,"key":"bronze:BurnAndBuffPotion"},{"floor":65,"key":"Death Potion"},{"floor":65,"key":"Block Potion"},{"floor":67,"key":"DuplicationPotion"},{"floor":69,"key":"hexamod:EctoCoolerPotion"},{"floor":69,"key":"GamblersBrew"},{"floor":71,"key":"BlessingOfTheForge"},{"floor":73,"key":"downfall:CursedFountainPotion"},{"floor":74,"key":"FearPotion"},{"floor":75,"key":"Reflective Coating"},{"floor":77,"key":"Fire Potion"},{"floor":77,"key":"SteroidPotion"},{"floor":78,"key":"Toxic Potion"},{"floor":78,"key":"sneckomod:MuddlingPotion"},{"floor":82,"key":"hexamod:InfernoChargePotion"},{"floor":82,"key":"ColorlessPotion"},{"floor":83,"key":"Strength Potion"},{"floor":84,"key":"Languid Potion"},{"floor":88,"key":"Block Potion"},{"floor":89,"key":"ColorlessPotion"},{"floor":90,"key":"SteroidPotion"},{"floor":90,"key":"champ:CounterPotion"},{"floor":91,"key":"PowerPotion"},{"floor":92,"key":"Weak Potion"},{"floor":94,"key":"LifebloodPotion"},{"floor":96,"key":"Elixir"},{"floor":100,"key":"Weak Potion"},{"floor":101,"key":"DistilledChaos"},{"floor":101,"key":"Block Potion"}],"is_trial":true,"path_per_floor":["R","M","?","?","?","E","T","R","E","M","R","$","E","$","E","B",null,"R_BF","M","?","M","$","NM","T","R","E","R","R","E","R","AVR","M","B",null,"R","M","?","E","M","E","T","E","R","$","NM","$","R","E","M","B",null,"R_BF","?","$","?","$","AVR","T","R","M","R","$","E","R","NM","?","B",null,"R","M","M","?","?","E","NM","R","R","R","$","$","R","?","M","B",null,"R","?","E","M","E","E","E","$","M","R","E","AVR","R","$","M","B",null],"character_chosen":"THE_SPIRIT","items_purchased":["Replay:Ringing Soul","Adrenaline Potion","ReplayTheSpireMod:CursedCoin","expansioncontent:InvincibleStrength","expansioncontent:QuickStudy","Lizard Tail","hexamod:Incineration","Pet Ghost","Nunchaku","expansioncontent:QuickStudy","hexamod:EctoCoolerPotion","SteroidPotion","champ:CounterPotion","Cauldron","SkillPotion","Bronze Scales","Art of War","Secret Weapon","Orrery","Omamori","ClockworkSouvenir","Replay:Baseball","Replay:Bottled Snecko","Strange Spoon","expansioncontent:QuickStudy+1","EntropicBrew","hexamod:UnlimitedPower","champ:DeflectingBracers","PrismaticShard","hexamod:FourthSeal","hexamod:TimeWarp","Energy Potion","sneckomod:MuddlingPotion","Milkshake","Garlic","Pear","Chemical X","DuplicationPotion"],"campfire_rested":2,"item_purchase_floors":[12,14,22,22,22,22,22,44,44,44,44,44,44,46,46,46,46,54,54,56,56,79,79,79,79,79,80,93,93,93,93,93,93,93,99,99,99,99],"current_hp_per_floor":[70,63,63,63,63,42,42,52,38,34,73,70,52,46,50,59,92,92,83,86,88,93,76,76,76,76,76,76,76,76,79,84,39,119,119,122,125,120,115,58,58,63,119,120,125,125,125,130,119,106,152,152,155,158,161,161,164,164,167,161,161,161,172,172,176,179,176,199,199,202,205,208,208,211,165,165,165,165,168,171,171,180,185,194,229,229,238,241,244,247,250,253,256,259,259,262,265,265,275,278,229,214,214,214],"gold":1784,"neow_bonus":"","is_daily":false,"chose_seed":false,"campfire_upgraded":0,"win_rate":0.0,"timestamp":1613294191,"path_taken":["R","M","?","?","?","E","T","R","?","?","R","$","E","?","?","BOSS","R_BF","M","?","?","$","NM","T","R","E","R","R","E","R","AVR","M","BOSS","R","M","?","?","?","E","T","E","R","$","NM","$","R","?","M","BOSS","R_BF","?","?","?","$","AVR","T","R","?","R","?","?","R","NM","?","BOSS","R","M","M","?","?","?","NM","R","R","R","$","$","R","?","M","BOSS","R","?","?","?","?","?","E","$","M","R","?","AVR","R","$","M","BOSS"],"items_purchased_type":["Relic","Potion","Relic","Card","Card","Relic","Card","Relic","Relic","Card","Potion","Potion","Potion","Relic","Potion","Relic","Relic","Card","Relic","Relic","Relic","Relic","Relic","Relic","Card","Potion","Card","Relic","Relic","Card","Card","Potion","Potion","Potion","Relic","Relic","Relic","Potion"],"build_version":"2020-12-22","purchased_purges":3,"victory":false,"max_hp_per_floor":[70,70,70,70,70,70,70,80,80,80,80,80,83,86,89,92,92,92,95,98,101,104,107,107,107,110,110,110,110,110,113,116,119,119,119,122,125,128,131,134,134,137,137,140,143,143,143,146,149,152,152,152,155,158,161,161,164,164,167,170,170,170,173,173,176,179,182,199,199,202,205,208,208,211,214,214,214,214,217,220,220,223,226,229,229,229,238,241,244,247,250,253,256,259,259,262,265,265,275,278,281,214,214,214],"card_choices":[{"not_picked":["hexamod:NightmareStrike","hexamod:GhostOfSpireFuture"],"picked":"hexamod:BurningTouch","floor":2},{"not_picked":["hexamod:PhantomFireball","hexamod:GhostflameBarrier"],"picked":"hexamod:SearingWound","floor":6},{"not_picked":["hexamod:RadiantFlame","hexamod:SwordOfDarkness"],"picked":"hexamod:Firestarter","floor":9},{"not_picked":["Warcry","hexamod:ChargedBarrage"],"picked":"hexamod:GhostLash","floor":10},{"not_picked":["Abandon","hexamod:BacktrackSmack"],"picked":"hexamod:PhantomFireball","floor":12},{"not_picked":["hexamod:NightmareGuise","hexamod:SwordOfDarkness"],"picked":"hexamod:ThermalTransfer","floor":13},{"not_picked":["hexamod:StepThrough","hexamod:InspiringFlames"],"picked":"hexamod:TimeOfNeed","floor":14},{"not_picked":["hexamod:PhantomCloak","hexamod:BacktrackSmack"],"picked":"hexamod:Hexaguard","floor":15},{"not_picked":["hexamod:ParanormalForm","hexamod:GhostOfSpirePresent"],"picked":"hexamod:GhostflameInferno","floor":16},{"not_picked":["hexamod:GhostLash+1","hexamod:SwordOfDarkness+1"],"picked":"hexamod:Hexaguard","floor":19},{"not_picked":["hexamod:SpectralAdrenaline","hexamod:AdvancingGuard+1"],"picked":"hexamod:EmpoweredFlame+1","floor":21},{"not_picked":["hexamod:NightmareStrike","hexamod:HauntingEcho"],"picked":"hexamod:HeatMetal+1","floor":22},{"not_picked":["hexamod:DynamicBlow","hexamod:AdvancingGuard"],"picked":"hexamod:GhostShield","floor":23},{"not_picked":["hexamod:FirstSeal","hexamod:ShieldOfDarkness+1"],"picked":"hexamod:EtherealExpedition","floor":26},{"not_picked":["hexamod:GhostShield+1","hexamod:HeatCrush"],"picked":"hexamod:NecessarySacrifice","floor":32},{"not_picked":["hexamod:UnleashSpirits","hexamod:TimeWarp"],"picked":"hexamod:ForkedFlame","floor":33},{"not_picked":["hexamod:AdvancingGuard+1","hexamod:NightmareGuise"],"picked":"hexamod:BurningTouch","floor":36},{"not_picked":["hexamod:SwordOfDarkness+1","hexamod:HeatMetal"],"picked":"hexamod:GhostShield","floor":37},{"not_picked":["hexamod:UnleashSpirits","hexamod:Hexaguard+1"],"picked":"hexamod:EmpoweredFlame+1","floor":38},{"not_picked":["hexamod:GhostLash+1","hexamod:ThermalTransfer+1"],"picked":"hexamod:NecessarySacrifice","floor":39},{"not_picked":["hexamod:InspiringFlames","hexamod:AdvancingGuard"],"picked":"hexamod:SoulSteal","floor":39},{"not_picked":["hexamod:ShieldOfDarkness+1","hexamod:RetreatToShadows"],"picked":"hexamod:Again","floor":40},{"not_picked":["hexamod:AdvancingGuard","hexamod:FirstSeal"],"picked":"hexamod:HeatCrush","floor":40},{"not_picked":["hexamod:UnleashSpirits","hexamod:Firestarter"],"picked":"hexamod:FastForward","floor":42},{"not_picked":["hexamod:HeatMetal","hexamod:Firestarter+1"],"picked":"hexamod:EtherealExpedition+1","floor":44},{"not_picked":["hexamod:ShieldOfDarkness+1","hexamod:TurnItUp"],"picked":"hexamod:EmpoweredFlame+1","floor":44},{"not_picked":["hexamod:RainOfEmbers+1","hexamod:SecondSeal"],"picked":"hexamod:HauntingEcho+1","floor":45},{"not_picked":["hexamod:FastForward+1","hexamod:ThermalTransfer+1"],"picked":"hexamod:RecurringNightmare","floor":48},{"not_picked":["hexamod:HeatMetal","hexamod:ShieldOfDarkness+1"],"picked":"hexamod:StepThrough+1","floor":49},{"not_picked":["hexamod:TimeWarp","hexamod:SixthSeal"],"picked":"hexamod:ForkedFlame","floor":50},{"not_picked":["hexamod:ChargedBarrage","hexamod:InspiringFlames"],"picked":"hexamod:RadiantFlame+1","floor":54},{"not_picked":["hexamod:NightmareGuise","hexamod:Again"],"picked":"hexamod:ExtraCrispy+1","floor":54},{"not_picked":["hexamod:ThermalTransfer","hexamod:InspiringFlames"],"picked":"hexamod:GhostflameInferno","floor":54},{"not_picked":["hexamod:Hexaguard","hexamod:BurningTouch"],"picked":"hexamod:FourthSeal","floor":54},{"not_picked":["hexamod:PhantomFireball","hexamod:FastForward"],"picked":"hexamod:SkipABeat","floor":54},{"not_picked":["hexamod:AdvancingGuard","hexamod:ShieldOfDarkness"],"picked":"hexamod:EtherealExpedition","floor":60},{"not_picked":["hexamod:BurningTouch","hexamod:HexaLevel+1"],"picked":"hexamod:HeatShield","floor":63},{"not_picked":["hexamod:Again","hexamod:GhostLash"],"picked":"hexamod:SpectralAdrenaline","floor":65},{"not_picked":["infinitespire:SevenWalls","infinitespire:FutureSight"],"picked":"ReplayTheSpireMod:Echoes of Time","floor":65},{"not_picked":["hexamod:GhostOfSpirePresent+1","hexamod:FirstSeal"],"picked":"hexamod:GhostShield","floor":65},{"not_picked":["hexamod:ParanormalForm+1","hexamod:HexaLevel+1"],"picked":"hexamod:TimeWarp","floor":67},{"not_picked":["infinitespire:FutureSight","ReplayTheSpireMod:??????????????????????"],"picked":"infinitespire:Punishment","floor":68},{"not_picked":["Writhe","ReplayTheSpireMod:Splinters"],"picked":"Shame","floor":68},{"not_picked":["ReplayTheSpireMod:Restless Dread","downfall:Icky"],"picked":"stsjorbsmod:Amnesia","floor":68},{"not_picked":["Parasite","Decay"],"picked":"stsjorbsmod:PollutedStrike","floor":68},{"not_picked":["hexamod:GhostLash+1","hexamod:BacktrackSmack"],"picked":"hexamod:Hexaguard","floor":70},{"not_picked":["hexamod:NightmareGuise","hexamod:DynamicBlow"],"picked":"hexamod:Firestarter","floor":71},{"not_picked":["hexamod:BurningTouch+1","hexamod:SpectersWail"],"picked":"hexamod:Incineration","floor":72},{"not_picked":["hexamod:HeatMetal","hexamod:GhostLash"],"picked":"hexamod:SoulSteal","floor":74},{"not_picked":["hexamod:HeatShield","hexamod:GhostLash+1"],"picked":"hexamod:WildfireWeapon+1","floor":75},{"not_picked":["infinitespire:NeuralNetwork","infinitespire:Execution"],"picked":"infinitespire:SealOfDarkness+","floor":75},{"not_picked":["hexamod:AdvancingGuard+1","hexamod:Rewind"],"picked":"hexamod:SoulSteal","floor":75},{"not_picked":[],"picked":"J.A.X.","floor":82},{"not_picked":["hexamod:Again","hexamod:NightmareGuise"],"picked":"hexamod:GhostOfSpireFuture+1","floor":82},{"not_picked":["hexamod:SpectersWail+1","hexamod:ThermalTransfer+1"],"picked":"hexamod:GhostOfSpireFuture+1","floor":82},{"not_picked":["hexamod:PhantomCloak+1","hexamod:BurningTouch"],"picked":"hexamod:GhostOfSpirePast+1","floor":83},{"not_picked":["hexamod:UnlimitedPower","hexamod:ParanormalForm+1"],"picked":"hexamod:WildfireWeapon+1","floor":84},{"not_picked":["hexamod:FourthSeal","hexamod:BacktrackSmack+1","hexamod:GhostLash+1"],"picked":"hexamod:EtherealExpedition","floor":88},{"not_picked":["hexamod:ThermalTransfer+1","hexamod:HauntingEcho","hexamod:ShieldOfDarkness+1"],"picked":"hexamod:InspiringFlames+1","floor":89},{"not_picked":["hexamod:NightmareGuise","hexamod:InspiringFlames","hexamod:ThermalTransfer"],"picked":"hexamod:SkipABeat","floor":90},{"not_picked":["hexamod:Firestarter","hexamod:UnlimitedPower","hexamod:HeatShield"],"picked":"hexamod:Incineration+1","floor":91},{"not_picked":["hexamod:ThirdSeal","hexamod:SwordOfDarkness+1","hexamod:GhostLash+1"],"picked":"hexamod:EtherealExpedition","floor":92},{"not_picked":["bronze:OilSpill+1","Slimebound:PressTheAttack+1","Slimebound:SlimeBarrage+1"],"picked":"Pray","floor":94},{"not_picked":["TheCursedMod:Stigma+1","stsjorbsmod:LoseGrip+1","bronze:Constructor"],"picked":"hexamod:VolcanoVisage+1","floor":96},{"not_picked":["WitchLeyline+1","champ:DefensiveShout+1","stsjorbsmod:Miracle_Cull"],"picked":"hermit:Midnight+1","floor":100},{"not_picked":["stsjorbsmod:Intervention","Slimebound:MassRepurpose","Fiend Fire"],"picked":"Amplify","floor":101}],"player_experience":181437,"relics_obtained":[{"floor":1,"key":"hexamod:SoulConsumer"},{"floor":6,"key":"Replay:Wax Seal"},{"floor":8,"key":"Iron Hammer"},{"floor":9,"key":"Regal Pillow"},{"floor":13,"key":"Chameleon Ring"},{"floor":15,"key":"Smiling Mask"},{"floor":23,"key":"Golden Egg"},{"floor":24,"key":"Bottled Tornado"},{"floor":26,"key":"Turnip"},{"floor":28,"key":"Matryoshka"},{"floor":37,"key":"downfall:GremlinSack"},{"floor":38,"key":"Mirror"},{"floor":40,"key":"StrikeDummy"},{"floor":41,"key":"Vajra"},{"floor":41,"key":"Replay:Bottled Steam"},{"floor":42,"key":"Torii"},{"floor":45,"key":"Frozen Egg 2"},{"floor":47,"key":"Blue Candle"},{"floor":48,"key":"Bag of Marbles"},{"floor":58,"key":"Centennial Puzzle"},{"floor":58,"key":"ReplayTheSpireMod:Lightbulb"},{"floor":59,"key":"Darkstone Periapt"},{"floor":61,"key":"Girya"},{"floor":64,"key":"hexamod:Sixitude"},{"floor":72,"key":"Replay:Arrowhead"},{"floor":72,"key":"White Beast Statue"},{"floor":76,"key":"Replay:Rubber Ducky"},{"floor":82,"key":"MutagenicStrength"},{"floor":86,"key":"Guardian:PocketSentry"},{"floor":87,"key":"ReplayTheSpireMod:Ring of Collecting"},{"floor":87,"key":"ReplayTheSpireMod:Ring of Challenge"},{"floor":95,"key":"Replay:Accelerometer"},{"floor":96,"key":"War Paint"},{"floor":98,"key":"Bird Faced Urn"}],"event_choices":[{"damage_healed":0,"gold_gain":0,"player_choice":"Leave","damage_taken":0,"max_hp_gain":0,"max_hp_loss":0,"event_name":"The Cleric","floor":4,"gold_loss":0},{"damage_healed":0,"gold_gain":0,"player_choice":"Rummage","damage_taken":0,"relics_obtained":["WarpedTongs"],"max_hp_gain":0,"max_hp_loss":0,"event_name":"Accursed Blacksmith","floor":5,"gold_loss":0,"cards_obtained":["Pain"]},{"damage_healed":0,"gold_gain":0,"player_choice":"Read","damage_taken":0,"max_hp_gain":0,"max_hp_loss":0,"event_name":"The Library","floor":20,"gold_loss":0,"cards_obtained":["hexamod:ParanormalForm"]}],"is_beta":false,"boss_relics":[{"not_picked":["Coffee Dripper","bronze:MakeshiftBattery"],"picked":"Replay:Grab Bag"},{"not_picked":["Cursed Key","Replay:Bronze Core"],"picked":"Fusion Hammer"},{"not_picked":["Velvet Choker","ReplayTheSpireMod:Onyx Gauntlets"],"picked":"Replay:Wanted Poster"},{"not_picked":["SlaversCollar","expansioncontent:StudyCardRelic"],"picked":"sneckomod:SneckoTalon"},{"not_picked":["Kintsugi","Abe\u0027s Treasure"],"picked":"Philosopher\u0027s Stone"},{"not_picked":["ChewingGum","ReplayTheSpireMod:DimensionalGlitch"],"picked":"SacredBark"},{"not_picked":["ChewingGum","Empty Cage"],"picked":"Replay:Ancient Bell"},{"not_picked":["Tiny Chest","Replay:Mystery Machine"],"picked":"infinitespire:PuzzleCube"},{"not_picked":["infinitespire:Midas Blood","Divine Protection"],"picked":"Mercury Hourglass"},{"not_picked":["champ:DuelingGlove","infinitespire:Lychee Nut"],"picked":"Mango"},{"not_picked":["Painkiller Herb","Abe\u0027s Treasure"],"picked":"Honey Jar"},{"not_picked":["hexamod:IceCube","Sozu"],"picked":"Replay:Drink Me"}],"items_purged_floors":[22,44,56],"is_endless":true,"potions_floor_spawned":[2,10,15,19,23,29,32,36,39,42,45,49,50,60,63,65,67,71,74,75,82,83,84,88,89,90,91,92,94,96,100,101],"ascension_level":1}}