{"host":"6jrnojxwearbrjzo","time":1613327097,"event":{"mods":["BaseMod","Conspire","Minty Spire (QoL Compilation)","MostiFishMod","Quick Restart","Random Character Button","Spicy Shops","StSLib","TestMod","The Servant 0.9.4","[功能]功能增强和修复MOD","篝火指南"],"gold_per_floor":[111,386,405,9,21,21,49,63,63,95,110,110,30,58,58,160,160,170,182,216,54,73,99,99,99,124,124,135,164,164,164,16,111,111,131,131,131,38,38,38,70,70,94,143,166,188,11,27,27,30],"floor_reached":51,"language":"ZHS","playtime":1492,"items_purged":["conspire:Blindness","Regret","Shame","Parasite","Defend_B","Defend_B","Strike_B","Strike_B","Strike_B","Strike_B","Defend_B","Defend_B","Dualcast","Writhe","Writhe","Zap+1","Amplify+1","Streamline","Pride","MostiFishMod:GatherIntelligence+1","Capacitor+1","Gash","testmod-Recap"],"score":1847,"play_id":"85e2a0b5-a41d-409c-80d1-c5987fdd0f1d","local_time":"20210215022457","is_ascension_mode":true,"campfire_choices":[{"data":"Zap","floor":6,"key":"SMITH"},{"data":"Double Energy","floor":15,"key":"SMITH"},{"data":"MostiFishMod:GatherIntelligence","floor":24,"key":"SMITH"},{"data":"Amplify","floor":27,"key":"SMITH"},{"data":"testmod-Collector","floor":40,"key":"SMITH"},{"floor":49,"key":"REST"}],"circlet_count":0,"master_deck":["Double Energy+1","MostiFishMod:InterfaceCompatibility+1","MostiFishMod:ReadyAimFire","testmod-Collector+1"],"relics":["testmod-TestBox","testmod-Laevatain","ChiXiaoBlade","testmod-Prudence","SynthV:TestCard","BirthdayGift-Tetrahedron","testmod-AssaultLearning","Potion Belt","DataDisk","Toy Ornithopter","Mummified Hand","Mercury Hourglass","Blood Vial","ChiLing","Chi","Ling","White Beast Statue","Question Card","FeatherPendant","Red Mask","Emotion Chip","Blue Candle","Dream Catcher","Nunchaku","Lantern","Du-Vu Doll","Juzu Bracelet","Matryoshka","Vajra","Technique","Anchor","Chemical X","RhineSuit","testmod-Acrobat","MostiFishMod:AdaptiveDefenses","testmod-Brilliant","Potion Belt","MawBank","Regal Pillow","PreservedInsect","testmod-HeartOfStrike","Shuriken","testmod-ObsoleteBoomerang","DiscerningMonocle","Bronze Scales","Dodecahedron"],"acts_visited":["Exordium","TheCity","TheBeyond"],"potions_floor_usage":[8,10,11,29,35],"damage_taken":[{"damage":12,"enemies":"Small Slimes","floor":1,"turns":3},{"damage":0,"enemies":"Cultist","floor":3,"turns":3},{"damage":1,"enemies":"Jaw Worm","floor":5,"turns":1},{"damage":2,"enemies":"Gremlin Nob","floor":7,"turns":2},{"damage":0,"enemies":"Gremlin Gang","floor":8,"turns":1},{"damage":2,"enemies":"3 Sentries","floor":10,"turns":2},{"damage":1,"enemies":"Exordium Wildlife","floor":11,"turns":1},{"damage":3,"enemies":"Gremlin Nob","floor":14,"turns":1},{"damage":5,"enemies":"The Guardian","floor":16,"turns":2},{"damage":3,"enemies":"2 Thieves","floor":18,"turns":1},{"damage":2,"enemies":"Spheric Guardian","floor":19,"turns":1},{"damage":2,"enemies":"Masked Bandits","floor":20,"turns":1},{"damage":3,"enemies":"Cultist and Chosen","floor":22,"turns":1},{"damage":3,"enemies":"Book of Stabbing","floor":23,"turns":1},{"damage":3,"enemies":"Snake Plant","floor":28,"turns":1},{"damage":3,"enemies":"Gremlin Leader","floor":29,"turns":1},{"damage":3,"enemies":"Automaton","floor":33,"turns":1},{"damage":3,"enemies":"Orb Walker","floor":35,"turns":1},{"damage":3,"enemies":"Reptomancer","floor":41,"turns":1},{"damage":3,"enemies":"Nemesis","floor":44,"turns":1},{"damage":3,"enemies":"3 Darklings","floor":45,"turns":1},{"damage":2,"enemies":"Jaw Worm Horde","floor":46,"turns":1},{"damage":3,"enemies":"Maw","floor":48,"turns":1},{"damage":3,"enemies":"Time Eater","floor":50,"turns":1}],"seed_played":"-6748281853820716918","potions_obtained":[{"floor":1,"key":"EssenceOfSteel"},{"floor":5,"key":"AttackPotion"},{"floor":5,"key":"Explosive Potion"},{"floor":7,"key":"FocusPotion"},{"floor":8,"key":"Strength Potion"},{"floor":8,"key":"FocusPotion"},{"floor":10,"key":"DistilledChaos"},{"floor":10,"key":"LiquidMemories"},{"floor":11,"key":"testmod-SpacePotion"},{"floor":11,"key":"DuplicationPotion"},{"floor":14,"key":"EntropicBrew"},{"floor":16,"key":"EntropicBrew"},{"floor":23,"key":"testmod-TestPotion"},{"floor":28,"key":"testmod-TimePotion"},{"floor":29,"key":"testmod-SpacePotion"},{"floor":35,"key":"testmod-SpacePotion"},{"floor":35,"key":"Weak Potion"},{"floor":35,"key":"AttackPotion"},{"floor":41,"key":"DistilledChaos"},{"floor":41,"key":"Swift Potion"},{"floor":44,"key":"EntropicBrew"},{"floor":45,"key":"PotionOfCapacity"}],"is_trial":false,"path_per_floor":["M","?","M","$","M","R","E","M","T","E","M","?","$","E","R","B",null,"M","M","?","$","M","E","R","?","T","R","M","E","?","?","R","B",null,"M","?","?","$","?","R","E","?","T","E","M","M","$","M","R","B",null],"character_chosen":"DEFECT","items_purchased":["BirthdayGift-Tetrahedron","testmod-AssaultLearning","Potion Belt","DataDisk","Toy Ornithopter","ChiLing","White Beast Statue","Emotion Chip","Blue Candle","Dream Catcher","Matryoshka","Vajra","Technique","Anchor","Chemical X","testmod-Acrobat","MostiFishMod:AdaptiveDefenses","testmod-Collector","testmod-HeartOfStrike","Shuriken","testmod-ObsoleteBoomerang","DiscerningMonocle","Bronze Scales","Dodecahedron"],"campfire_rested":1,"item_purchase_floors":[4,4,4,4,4,13,13,21,21,21,32,32,32,32,32,38,38,38,47,47,47,47,47,47],"current_hp_per_floor":[56,56,56,56,55,55,53,58,58,61,67,72,72,69,69,66,71,69,69,69,69,68,67,67,67,67,67,66,70,70,70,70,69,71,72,68,68,68,68,68,65,65,65,64,63,63,63,62,68,65],"gold":30,"neow_bonus":"BOSS_RELIC","is_daily":false,"chose_seed":false,"campfire_upgraded":5,"win_rate":0.0,"timestamp":1613327097,"path_taken":["M","?","?","$","M","R","E","?","T","E","M","?","$","E","R","BOSS","M","M","?","$","M","E","R","?","T","R","?","E","?","?","R","BOSS","M","?","?","?","?","R","E","?","T","E","M","M","$","M","R","BOSS"],"items_purchased_type":["Relic","Relic","Relic","Relic","Relic","Relic","Relic","Relic","Relic","Relic","Relic","Relic","Relic","Relic","Relic","Relic","Relic","Card","Relic","Relic","Relic","Relic","Relic","Relic"],"build_version":"2020-12-22","purchased_purges":23,"victory":true,"max_hp_per_floor":[75,75,75,72,72,72,72,72,72,72,72,72,72,72,72,72,72,72,72,72,72,72,72,72,72,72,72,72,72,72,72,72,72,72,72,68,68,68,68,68,68,68,68,68,68,68,68,68,68,68],"card_choices":[{"not_picked":["Rebound","Steam"],"picked":"Double Energy","floor":1},{"not_picked":["Double Energy","Hello World","Rebound","Tempest"],"picked":"Streamline","floor":3},{"not_picked":["Scrape","MostiFishMod:SeaWaves","Steam","Lockon"],"picked":"Rip and Tear","floor":5},{"not_picked":["Ball Lightning","Auto Shields","Turbo","Aggregate"],"picked":"Gash","floor":7},{"not_picked":["Leap","MostiFishMod:PushDownKick","Consume","Gash"],"picked":"MostiFishMod:GatherIntelligence","floor":8},{"not_picked":["Beam Cell","Reinforced Body","Cold Snap","Coolheaded"],"picked":"Capacitor","floor":10},{"not_picked":["Stack","Coolheaded","Barrage","Go for the Eyes","Beam Cell"],"picked":"SKIP","floor":11},{"not_picked":["Force Field","Turbo","Cold Snap","Glacier"],"picked":"MostiFishMod:InterfaceCompatibility","floor":14},{"not_picked":["Hyperbeam","MostiFishMod:Nova","MostiFishMod:StarOceanB","Echo Form","Meteor Strike"],"picked":"Amplify","floor":16},{"not_picked":["Rip and Tear","Cold Snap+1","Barrage+1","Leap","Turbo+1","Streamline"],"picked":"SKIP","floor":18},{"not_picked":["Steam","Turbo","Cold Snap","Beam Cell+1","Go for the Eyes","MostiFishMod:GatherIntelligence"],"picked":"SKIP","floor":19},{"not_picked":["Barrage","MostiFishMod:Prepare","conspire:SharedLibrary+1","MostiFishMod:PushDownKick","Compile Driver","Turbo"],"picked":"SKIP","floor":22},{"not_picked":["Cold Snap","Genetic Algorithm+1","Beam Cell+1","Turbo","MostiFishMod:PushDownKick","Hologram"],"picked":"SKIP","floor":23},{"not_picked":["MostiFishMod:PushDownKick","Gash","Chill","Hologram","Sunder","Undo"],"picked":"SKIP","floor":28},{"not_picked":["Doom and Gloom+1","Gash","Conserve Battery","Glacier+1","Consume","Turbo"],"picked":"SKIP","floor":29},{"not_picked":["MostiFishMod:DeathFromBelow","MostiFishMod:Exploitation","MostiFishMod:Overload","Fission","Thunder Strike"],"picked":"MostiFishMod:ReadyAimFire","floor":33},{"not_picked":["MostiFishMod:Impulse+1","MostiFishMod:PushDownKick+1","Turbo+1","Streamline","Aggregate+1","Coolheaded"],"picked":"SKIP","floor":35},{"not_picked":["Good Instincts","Madness","Jack Of All Trades","testmod-Illusory","testmod-PocketStoneCalender"],"picked":"testmod-Recap","floor":37},{"not_picked":["Streamline+1","Cold Snap+1","Steam Power","Reinforced Body+1","conspire:Rain","Compile Driver+1"],"picked":"SKIP","floor":41},{"not_picked":["Fission","Chill","Stack","Rebound","Loop","Force Field+1"],"picked":"SKIP","floor":44},{"not_picked":["Double Energy+1","Sweeping Beam+1","Streamline+1","conspire:Rain+1","Fusion","Go for the Eyes+1"],"picked":"SKIP","floor":45},{"not_picked":["Ball Lightning","Darkness+1","Leap","Rebound","Conserve Battery","MostiFishMod:Nova"],"picked":"SKIP","floor":46},{"not_picked":["Redo+1","Beam Cell","Reprogram","Steam+1","Undo+1","Skim+1"],"picked":"SKIP","floor":48}],"player_experience":145238,"relics_obtained":[{"floor":1,"key":"SynthV:TestCard"},{"floor":7,"key":"Mummified Hand"},{"floor":9,"key":"Mercury Hourglass"},{"floor":10,"key":"Blood Vial"},{"floor":14,"key":"Question Card"},{"floor":20,"key":"Red Mask"},{"floor":23,"key":"Nunchaku"},{"floor":26,"key":"Lantern"},{"floor":29,"key":"Du-Vu Doll"},{"floor":41,"key":"testmod-Brilliant"},{"floor":43,"key":"MawBank"},{"floor":43,"key":"Regal Pillow"},{"floor":44,"key":"PreservedInsect"}],"event_choices":[{"damage_healed":0,"gold_gain":275,"player_choice":"Desecrate","damage_taken":0,"max_hp_gain":0,"max_hp_loss":0,"event_name":"Golden Shrine","floor":2,"gold_loss":0,"cards_obtained":["Regret"]},{"cards_removed":["Rip and Tear"],"damage_healed":5,"gold_gain":0,"player_choice":"Offered Uncommon","damage_taken":0,"max_hp_gain":0,"max_hp_loss":0,"event_name":"Bonfire Elementals","floor":12,"gold_loss":0},{"damage_healed":0,"gold_gain":0,"player_choice":"Fought Bandits","damage_taken":0,"max_hp_gain":0,"max_hp_loss":0,"event_name":"Masked Bandits","floor":20,"gold_loss":0},{"damage_healed":0,"gold_gain":0,"player_choice":"Ignored","damage_taken":0,"max_hp_gain":0,"max_hp_loss":0,"event_name":"Duplicator","floor":25,"gold_loss":0},{"damage_healed":0,"gold_gain":0,"player_choice":"Opened","damage_taken":0,"relics_obtained":["Juzu Bracelet"],"max_hp_gain":0,"max_hp_loss":0,"event_name":"The Mausoleum","floor":31,"gold_loss":0,"cards_obtained":["Writhe"]},{"damage_healed":0,"gold_gain":0,"player_choice":"Max HP","damage_taken":0,"max_hp_gain":0,"max_hp_loss":4,"event_name":"Winding Halls","floor":36,"gold_loss":0},{"damage_healed":0,"gold_gain":0,"player_choice":"Memory 1","damage_taken":0,"max_hp_gain":0,"max_hp_loss":0,"event_name":"SensoryStone","floor":37,"gold_loss":0},{"damage_healed":0,"gold_gain":0,"player_choice":"Leave","damage_taken":0,"max_hp_gain":0,"max_hp_loss":0,"event_name":"conspire:Investor","floor":39,"gold_loss":0},{"damage_healed":0,"gold_gain":0,"player_choice":"Swap Relic","damage_taken":0,"relics_obtained":["Potion Belt"],"max_hp_gain":0,"max_hp_loss":0,"event_name":"给自己的盒子","floor":42,"relics_lost":["DaveBox"],"gold_loss":0}],"is_beta":false,"boss_relics":[{"not_picked":["testmod-Fanaticism","EctoplasmExtend"],"picked":"FeatherPendant"},{"not_picked":["Pandora\u0027s Box","Coffee Dripper"],"picked":"RhineSuit"}],"items_purged_floors":[4,4,4,4,4,4,4,4,21,21,21,21,21,32,32,38,38,38,47,47,47,47,47],"is_endless":false,"potions_floor_spawned":[1,5,5,7,8,8,10,10,11,11,14,14,16,16,16,18,18,19,19,19,20,22,22,23,23,23,23,28,28,28,29,29,29,29,33,33,35,35,35,41,41,41,41,44,44,44,44,45,46,48,48,48],"ascension_level":9}}