{"host":"q8mjpf3krl0t4p3x","time":1613276621,"event":{"mods":["BaseMod","Colored Map","Colored Powertips","Googly Eyes","Minty Spire (QoL Compilation)","Quick Restart","StSLib","everything is the same but u backflip on backflip","slay the spire mod where everything is the same but ironclad has a cowboy hat"],"gold_per_floor":[212,232,245,263,263,18,18,29,29,56,74,92,118,135,135,212,212,226,226,226,242,252,252,252],"floor_reached":23,"language":"ENG","playtime":1156,"items_purged":[],"score":420,"play_id":"66cbbf09-fb12-42a3-b9ba-eb8ca3fc3921","local_time":"20210213202341","is_ascension_mode":true,"campfire_choices":[{"data":"Uppercut","floor":7.0,"key":"SMITH"},{"data":"Wild Strike","floor":15.0,"key":"SMITH"}],"circlet_count":0,"master_deck":["AscendersBane","Strike_R","Strike_R","Strike_R","Strike_R","Strike_R","Defend_R","Defend_R","Defend_R","Defend_R","Thunderclap","Uppercut+1","Headbutt","Reckless Charge","Battle Trance","Anger","Flame Barrier","Wild Strike+1","Shrug It Off","Pommel Strike","True Grit","Demon Form","Inflame","Necronomicurse"],"relics":["Black Blood","Vajra","Meat on the Bone","Odd Mushroom","Pear","Necronomicon"],"acts_visited":["Exordium","TheCity"],"potions_floor_usage":[],"damage_taken":[{"damage":14.0,"enemies":"2 Louse","floor":1.0,"turns":3.0},{"damage":10.0,"enemies":"Cultist","floor":2.0,"turns":5.0},{"damage":3.0,"enemies":"Small Slimes","floor":3.0,"turns":4.0},{"damage":18.0,"enemies":"Red Slaver","floor":4.0,"turns":4.0},{"damage":8.0,"enemies":"2 Fungi Beasts","floor":8.0,"turns":3.0},{"damage":6.0,"enemies":"The Mushroom Lair","floor":10.0,"turns":3.0},{"damage":1.0,"enemies":"Blue Slaver","floor":11.0,"turns":2.0},{"damage":19.0,"enemies":"Gremlin Gang","floor":12.0,"turns":4.0},{"damage":17.0,"enemies":"3 Sentries","floor":13.0,"turns":6.0},{"damage":0.0,"enemies":"Exordium Wildlife","floor":14.0,"turns":3.0},{"damage":0.0,"enemies":"Slime Boss","floor":16.0,"turns":5.0},{"damage":19.0,"enemies":"Chosen","floor":18.0,"turns":4.0},{"damage":16,"enemies":"Spheric Guardian","floor":21,"turns":4},{"damage":25,"enemies":"Cultist and Chosen","floor":22,"turns":7},{"damage":54,"enemies":"Slavers","floor":23,"turns":4}],"seed_played":"-520007047375818192","potions_obtained":[{"floor":1.0,"key":"PowerPotion"},{"floor":3.0,"key":"Regen Potion"},{"floor":10.0,"key":"Dexterity Potion"},{"floor":13.0,"key":"Strength Potion"},{"floor":21,"key":"Weak Potion"}],"is_trial":false,"path_per_floor":["M","M","M","M","?","$","R","M","T","?","M","M","E","M","R","B",null,"M","?","?","M","M","E"],"character_chosen":"IRONCLAD","items_purchased":["Vajra","Fruit Juice"],"campfire_rested":0,"item_purchase_floors":[6,6],"current_hp_per_floor":[60,56,59,47,47,52,52,50,50,50,55,54,65,71,71,77,87,80,80,64,60,59,5,5],"gold":252,"neow_bonus":"HUNDRED_GOLD","is_daily":false,"chose_seed":false,"campfire_upgraded":2,"win_rate":0.0,"timestamp":1613276621,"path_taken":["M","M","M","M","?","$","R","?","T","?","M","M","E","M","R","BOSS","M","?","?","M","M","E"],"items_purchased_type":["Relic","Potion"],"build_version":"2020-12-22","purchased_purges":0,"victory":false,"max_hp_per_floor":[75,75,75,75,75,80,80,80,80,80,80,80,90,90,90,90,90,90,90,90,90,90,90,90],"card_choices":[{"not_picked":["Carnage","Entrench"],"picked":"Thunderclap","floor":1.0},{"not_picked":["Clothesline","Intimidate"],"picked":"Uppercut","floor":2.0},{"not_picked":["Body Slam","Blood for Blood"],"picked":"Headbutt","floor":3.0},{"not_picked":["Evolve","Uppercut"],"picked":"Reckless Charge","floor":4.0},{"not_picked":["Headbutt","Searing Blow"],"picked":"Anger","floor":8.0},{"not_picked":["Rupture","Body Slam"],"picked":"Flame Barrier","floor":10.0},{"not_picked":["Iron Wave","Power Through"],"picked":"Wild Strike","floor":11.0},{"not_picked":["Headbutt","Ghostly Armor"],"picked":"Shrug It Off","floor":12.0},{"not_picked":["Bludgeon","Cleave"],"picked":"Pommel Strike","floor":13.0},{"not_picked":["Headbutt","Perfected Strike"],"picked":"True Grit","floor":14.0},{"not_picked":["Juggernaut","Offering"],"picked":"Demon Form","floor":16.0},{"not_picked":["Sword Boomerang","Wild Strike"],"picked":"Inflame","floor":18.0},{"not_picked":["Reckless Charge","Headbutt","Clothesline"],"picked":"SKIP","floor":21},{"not_picked":["Clash","Pummel","Warcry"],"picked":"SKIP","floor":22}],"player_experience":348689,"relics_obtained":[{"floor":9.0,"key":"Meat on the Bone"},{"floor":10.0,"key":"Odd Mushroom"},{"floor":13.0,"key":"Pear"},{"floor":20.0,"key":"Necronomicon"}],"event_choices":[{"damage_healed":0.0,"max_hp_gain":0.0,"max_hp_loss":0.0,"gold_gain":0.0,"cards_transformed":["Bash"],"event_name":"Transmorgrifier","player_choice":"Transformed","floor":5.0,"gold_loss":0.0,"damage_taken":0.0,"cards_obtained":["Battle Trance"]},{"damage_healed":0.0,"max_hp_gain":0.0,"max_hp_loss":0.0,"gold_gain":0.0,"event_name":"Mushrooms","player_choice":"Fought Mushrooms","floor":10.0,"gold_loss":0.0,"damage_taken":0.0},{"damage_healed":0.0,"max_hp_gain":0.0,"max_hp_loss":0.0,"gold_gain":0.0,"event_name":"Vampires","player_choice":"Ignored","floor":19.0,"gold_loss":0.0,"damage_taken":0.0},{"damage_healed":0.0,"max_hp_gain":0.0,"max_hp_loss":0.0,"gold_gain":0.0,"event_name":"Cursed Tome","player_choice":"Obtained Book","floor":20.0,"gold_loss":0.0,"damage_taken":16.0}],"is_beta":false,"boss_relics":[{"not_picked":["Tiny House","Calling Bell"],"picked":"Black Blood"}],"items_purged_floors":[],"is_endless":false,"potions_floor_spawned":[1,3,10,12,13,21],"killed_by":"Slavers","ascension_level":14}}