{"host":"2dp3t1i5s6bd92af","time":1613332089,"event":{"mods":["BaseMod","Colored Powertips","Minty Spire (QoL Compilation)","StSLib","The Animator","TheSwordswoman"],"gold_per_floor":[110,110,14,46,46,46,84,94,94,126,140,140,140],"floor_reached":12,"language":"ZHS","playtime":881,"items_purged":[],"score":92,"play_id":"9008461c-fe39-4015-9b2f-ec374caadd72","local_time":"20210215034809","is_ascension_mode":true,"campfire_choices":[{"data":"animator:Cocytus","floor":6.0,"key":"SMITH"}],"circlet_count":0,"master_deck":["animator:Strike_GATE","animator:Defend_GATE","animator:TukaLunaMarceau","animator:Kuribayashi","animator:Boros","animator:Cocytus+1","animator:Strike_Fate+1","animator:Strike_GATE","animator:Strike_FullmetalAlchemist+1","animator:Defend_Kancolle","animator:Defend_GATE","animator:Fredrika+1","animator:Cocytus","animator:YunYun","animator:Entoma"],"relics":["animator:LivingPicture","animator:TheMissingPiece","Red Skull","Eternal Feather","Bronze Scales"],"acts_visited":["Exordium"],"potions_floor_usage":[12],"damage_taken":[{"damage":0.0,"enemies":"Small Slimes","floor":1.0,"turns":3.0},{"damage":0.0,"enemies":"2 Louse","floor":4.0,"turns":4.0},{"damage":20.0,"enemies":"Lagavulin","floor":7.0,"turns":7.0},{"damage":5.0,"enemies":"Cultist","floor":8.0,"turns":2.0},{"damage":15.0,"enemies":"Gremlin Nob","floor":10.0,"turns":4.0},{"damage":10,"enemies":"Blue Slaver","floor":11,"turns":1},{"damage":15,"enemies":"Lagavulin","floor":12,"turns":3}],"seed_played":"8185064887595258505","potions_obtained":[{"floor":4.0,"key":"FearPotion"},{"floor":11,"key":"animator:GrowthPotion"}],"is_trial":false,"path_per_floor":["M","?","?","M","?","R","E","M","T","E","M","E"],"character_chosen":"THE_ANIMATOR","items_purchased":[],"campfire_rested":0,"item_purchase_floors":[],"current_hp_per_floor":[66,53,53,58,58,58,44,39,39,29,19,7,7],"gold":140,"neow_bonus":"TRANSFORM_CARD","is_daily":false,"chose_seed":false,"campfire_upgraded":1,"win_rate":0.0,"timestamp":1613332089,"path_taken":["M","?","?","M","?","R","E","?","T","E","M","E"],"items_purchased_type":[],"build_version":"2020-12-22","purchased_purges":0,"victory":false,"max_hp_per_floor":[66,66,66,66,66,66,66,66,66,66,66,66,66],"card_choices":[{"not_picked":["animator:Elsword","animator:Vanir"],"picked":"animator:Cocytus","floor":1.0},{"not_picked":["animator:Ciel","animator:TukaLunaMarceau"],"picked":"animator:Fredrika","floor":4.0},{"not_picked":["animator:TukaLunaMarceau","animator:Viivi"],"picked":"animator:Cocytus","floor":7.0},{"not_picked":["animator:TukaLunaMarceau","animator:Bozes"],"picked":"animator:YunYun","floor":10.0},{"not_picked":["animator:Sloth","animator:Geryuganshoop"],"picked":"animator:Entoma","floor":11}],"player_experience":451733,"relics_obtained":[{"floor":7.0,"key":"Red Skull"},{"floor":9.0,"key":"Eternal Feather"},{"floor":10.0,"key":"Bronze Scales"}],"event_choices":[{"damage_healed":0.0,"max_hp_gain":0.0,"max_hp_loss":0.0,"gold_gain":0.0,"event_name":"Shining Light","player_choice":"Entered Light","floor":2.0,"gold_loss":0.0,"damage_taken":13.0,"cards_upgraded":["animator:Strike","animator:Strike"]},{"damage_healed":0.0,"max_hp_gain":0.0,"max_hp_loss":0.0,"gold_gain":0.0,"event_name":"Upgrade Shrine","player_choice":"Upgraded","floor":5.0,"gold_loss":0.0,"damage_taken":0.0,"cards_upgraded":["animator:Fredrika"]}],"is_beta":false,"boss_relics":[],"items_purged_floors":[],"is_endless":false,"potions_floor_spawned":[4,11],"killed_by":"Lagavulin","ascension_level":1}}