{"host":"g907ck67u7c3hrs6","time":1613265885,"event":{"mods":["BaseMod","Colored Map","DeckTracker","Force Act Four","Highlight Path","Keyboard Shortcuts","Minty Spire (QoL Compilation)","Permanent Neow","Say the Spire","SuperFastMode"],"gold_per_floor":[144,189,189,189,189,189,279,324,324,414,459,504,549,594,594,894,894,939,468,668,713,288,333,378,468,518,428,473,518,563,608,608,908,908,953,715,715,220,265,355,400,445,520,667,712,712,802,847,847,847,847,847,306,396,396],"floor_reached":56,"language":"KOR","playtime":3064,"items_purged":["Go for the Eyes","Dodge and Roll","Cloak And Dagger","Stack","SashWhip"],"score":1547,"play_id":"6de5f3b0-cad2-4c04-b986-a95041323cbe","local_time":"20210214102445","daily_mods":["Draft","Diverse","Midas"],"is_ascension_mode":false,"campfire_choices":[{"floor":6.0,"key":"REST"},{"floor":15.0,"key":"RECALL"},{"floor":32,"key":"REST"},{"floor":49,"key":"REST"},{"floor":52,"key":"REST"}],"circlet_count":0,"master_deck":["Terror","WindmillStrike","White Noise","Study+1","BattleHymn+1","Leap","Escape Plan+1","Turbo","CutThroughFate","Conclude","BootSequence","Scrawl","Seeing Red","Blur","Metallicize","Shrug It Off","Demon Form","Corpse Explosion","Apotheosis","Turbo+1","Venomology","Shrug It Off+1","Steam Power","Warcry+1","Brutality","Rip and Tear+1","Reboot","Thinking Ahead","White Noise+1","Burning Pact+1","EmptyMind+1","Secret Technique","Flash of Steel","Flash of Steel","DevaForm","Magnetism","Steam Power","Apotheosis"],"relics":["Burning Blood","Red Skull","Pear","Bottled Tornado","Philosopher\u0027s Stone","Membership Card","Anchor","Shuriken","Dead Branch","TungstenRod","Orrery","Art of War","Orichalcum","SlaversCollar","Paper Frog","Sling","White Beast Statue","Singing Bowl","Matryoshka","Centennial Puzzle","Thread and Needle","Smiling Mask","Mercury Hourglass","StoneCalendar","DollysMirror","Bag of Preparation"],"acts_visited":["Exordium","TheCity","TheBeyond","TheEnding"],"potions_floor_usage":[23,24,25,29,30,31,33,35,36,39,42,44,47,48,50,55,55],"damage_taken":[{"damage":9.0,"enemies":"Jaw Worm","floor":1.0,"turns":4.0},{"damage":0.0,"enemies":"Cultist","floor":2.0,"turns":3.0},{"damage":0.0,"enemies":"Lagavulin","floor":7.0,"turns":6.0},{"damage":0.0,"enemies":"2 Louse","floor":8.0,"turns":2.0},{"damage":18.0,"enemies":"3 Sentries","floor":10.0,"turns":5.0},{"damage":0.0,"enemies":"Red Slaver","floor":11.0,"turns":5.0},{"damage":8.0,"enemies":"Large Slime","floor":12.0,"turns":6.0},{"damage":0.0,"enemies":"Exordium Wildlife","floor":13.0,"turns":3.0},{"damage":5.0,"enemies":"Exordium Thugs","floor":14.0,"turns":5.0},{"damage":43.0,"enemies":"Hexaghost","floor":16.0,"turns":8.0},{"damage":9.0,"enemies":"2 Thieves","floor":18.0,"turns":3.0},{"damage":7,"enemies":"3 Byrds","floor":21,"turns":3},{"damage":0,"enemies":"Cultist and Chosen","floor":23,"turns":3},{"damage":2,"enemies":"Shelled Parasite and Fungi","floor":24,"turns":4},{"damage":2,"enemies":"Book of Stabbing","floor":25,"turns":4},{"damage":3,"enemies":"Centurion and Healer","floor":28,"turns":2},{"damage":0,"enemies":"Snecko","floor":29,"turns":4},{"damage":0,"enemies":"Shelled Parasite and Fungi","floor":30,"turns":2},{"damage":0,"enemies":"Cultist and Chosen","floor":31,"turns":4},{"damage":7,"enemies":"Automaton","floor":33,"turns":8},{"damage":27,"enemies":"3 Darklings","floor":35,"turns":4},{"damage":7,"enemies":"Orb Walker","floor":39,"turns":3},{"damage":0,"enemies":"Giant Head","floor":40,"turns":4},{"damage":1,"enemies":"Writhing Mass","floor":41,"turns":5},{"damage":9,"enemies":"4 Shapes","floor":42,"turns":3},{"damage":18,"enemies":"2 Orb Walkers","floor":44,"turns":3},{"damage":1,"enemies":"Jaw Worm Horde","floor":45,"turns":2},{"damage":12,"enemies":"Reptomancer","floor":47,"turns":3},{"damage":0,"enemies":"Sphere and 2 Shapes","floor":48,"turns":4},{"damage":0,"enemies":"Donu and Deca","floor":50,"turns":4},{"damage":32,"enemies":"Shield and Spear","floor":54,"turns":3},{"damage":69,"enemies":"The Heart","floor":55,"turns":6}],"seed_played":"-463004689936713651","potions_obtained":[{"floor":1.0,"key":"Ancient Potion"},{"floor":2.0,"key":"Weak Potion"},{"floor":8.0,"key":"PowerPotion"},{"floor":39,"key":"Fruit Juice"},{"floor":44,"key":"AttackPotion"},{"floor":48,"key":"BlessingOfTheForge"}],"is_trial":false,"path_per_floor":["M","M","?","?","?","R","E","M","T","E","M","M","M","M","R","B",null,"M","$","?","M","$","M","M","E","T","?","M","M","M","M","R","B",null,"M","$","?","$","M","E","M","M","T","?","M","?","E","M","R","B",null,"R","$","E","B",null],"character_chosen":"IRONCLAD","items_purchased":["Membership Card","Anchor","Shuriken","Apotheosis","Dead Branch","TungstenRod","Orrery","Paper Frog","Fruit Juice","Sling","White Beast Statue","Singing Bowl","Thinking Ahead","Mercury Hourglass","Swift Potion","StoneCalendar","Magnetism","Steam Power","DollysMirror"],"campfire_rested":4,"item_purchase_floors":[19,19,19,19,22,22,22,36,36,38,38,38,38,53,53,53,53,53,53],"current_hp_per_floor":[77,80,80,64,69,85,85,85,95,83,89,87,93,94,94,57,95,92,92,92,91,91,95,95,95,95,95,95,95,95,95,95,94,95,74,79,79,79,83,89,94,93,93,83,90,81,75,83,108,108,108,108,108,84,21],"gold":396,"neow_bonus":"","is_daily":true,"chose_seed":false,"campfire_upgraded":0,"win_rate":0.0,"timestamp":1613265885,"path_taken":["M","M","?","?","?","R","E","M","T","E","M","M","M","M","R","BOSS","M","$","?","M","$","M","?","E","T","?","M","M","M","M","R","BOSS","M","$","?","$","M","E","M","M","T","?","M","?","E","M","R","BOSS","R","$","E","BOSS"],"items_purchased_type":["Relic","Relic","Relic","Card","Relic","Relic","Relic","Relic","Potion","Relic","Relic","Relic","Card","Relic","Potion","Relic","Card","Card","Relic"],"build_version":"2020-12-22","purchased_purges":5,"victory":true,"max_hp_per_floor":[80,80,80,80,85,85,85,85,95,95,95,95,95,95,95,95,95,95,95,95,95,95,95,95,95,95,95,95,95,95,95,95,95,95,95,100,95,95,100,100,100,102,102,104,106,106,106,108,108,108,108,108,108,110,110],"card_choices":[{"not_picked":["Recycle","Consecrate"],"picked":"Go for the Eyes","floor":0.0},{"not_picked":["Shrug It Off","Conserve Battery"],"picked":"Terror","floor":0.0},{"not_picked":["Ball Lightning","SashWhip"],"picked":"Accuracy","floor":0.0},{"not_picked":["Dodge and Roll","Collect"],"picked":"WindmillStrike","floor":0.0},{"not_picked":["Cold Snap","Calculated Gamble"],"picked":"White Noise","floor":0.0},{"not_picked":["Capacitor","Acrobatics"],"picked":"Study","floor":0.0},{"not_picked":["Halt","CrushJoints"],"picked":"Stack","floor":0.0},{"not_picked":["Redo","Stack"],"picked":"BattleHymn","floor":0.0},{"not_picked":["CrushJoints","Clash"],"picked":"Leap","floor":0.0},{"not_picked":["Slice","Stack"],"picked":"Escape Plan","floor":0.0},{"not_picked":["Clothesline","ForeignInfluence"],"picked":"Dodge and Roll","floor":0.0},{"not_picked":["Hologram","Searing Blow"],"picked":"Turbo","floor":0.0},{"not_picked":["Searing Blow","BowlingBash"],"picked":"Cloak And Dagger","floor":0.0},{"not_picked":["Havoc","Thunderclap"],"picked":"CutThroughFate","floor":0.0},{"not_picked":["Warcry","Reflex"],"picked":"SashWhip","floor":0.0},{"not_picked":["Outmaneuver","BowlingBash"],"picked":"Conclude","floor":1.0},{"not_picked":["BowlingBash","Barrage"],"picked":"BootSequence","floor":2.0},{"not_picked":["Recycle","Bouncing Flask"],"picked":"Scrawl","floor":7.0},{"not_picked":["Leap","Deflect"],"picked":"Seeing Red","floor":8.0},{"not_picked":["White Noise","InnerPeace"],"picked":"Blur","floor":10.0},{"not_picked":["Pommel Strike","Ball Lightning"],"picked":"Metallicize","floor":11.0},{"not_picked":["Bane","True Grit"],"picked":"Shrug It Off","floor":12.0},{"not_picked":["Clothesline","Hello World","Conclude"],"picked":"SKIP","floor":13.0},{"not_picked":["Dagger Throw","Barrage"],"picked":"Demon Form","floor":14.0},{"not_picked":["LessonLearned","All For One"],"picked":"Corpse Explosion","floor":16.0},{"not_picked":["Deflect","Body Slam","Rebound"],"picked":"SKIP","floor":18.0},{"not_picked":["Capacitor+1","Underhanded Strike","Heatsinks"],"picked":"SKIP","floor":21},{"not_picked":["Steam","Thunderclap"],"picked":"Turbo+1","floor":22},{"not_picked":["Dagger Throw","Cleave"],"picked":"Venomology","floor":22},{"not_picked":["SignatureMove+1","Doom and Gloom"],"picked":"Shrug It Off+1","floor":22},{"not_picked":["Storm","Dodge and Roll"],"picked":"Steam Power","floor":22},{"not_picked":["Quick Slash","Clash"],"picked":"Warcry+1","floor":23},{"not_picked":["Gash+1","Ball Lightning","Fire Breathing"],"picked":"SKIP","floor":24},{"not_picked":["Setup+1","Darkness","Streamline+1"],"picked":"SKIP","floor":25},{"not_picked":["Beam Cell","Flex","Reckless Charge"],"picked":"SKIP","floor":28},{"not_picked":["Seeing Red","Shrug It Off"],"picked":"Brutality","floor":29},{"not_picked":["Ball Lightning","Weave"],"picked":"Rip and Tear+1","floor":30},{"not_picked":["FollowUp","Prepared","Iron Wave"],"picked":"SKIP","floor":31},{"not_picked":["Double Tap","ConjureBlade"],"picked":"Reboot","floor":33},{"not_picked":["Infinite Blades","Steam+1","Perfected Strike"],"picked":"SKIP","floor":35},{"not_picked":["Clash+1","Thunderclap+1"],"picked":"White Noise+1","floor":39},{"not_picked":["Capacitor+1","Prepared"],"picked":"Burning Pact+1","floor":40},{"not_picked":["SandsOfTime","Eviscerate+1"],"picked":"EmptyMind+1","floor":41},{"not_picked":["Sword Boomerang+1","Rampage","Dagger Spray+1"],"picked":"Singing Bowl","floor":42},{"not_picked":["Headbutt","MentalFortress","Doom and Gloom+1"],"picked":"Singing Bowl","floor":44},{"not_picked":["Reflex+1","Conserve Battery+1","True Grit+1"],"picked":"Singing Bowl","floor":45},{"not_picked":["Deep Breath","Mayhem"],"picked":"Secret Technique","floor":46},{"not_picked":["Madness","Forethought"],"picked":"Flash of Steel","floor":46},{"not_picked":["Panacea","Enlightenment"],"picked":"Flash of Steel","floor":46},{"not_picked":["Outmaneuver","Deflect+1"],"picked":"DevaForm","floor":47},{"not_picked":["Perfected Strike","Iron Wave+1","Wireheading"],"picked":"Singing Bowl","floor":48},{"not_picked":["Heatsinks+1","Acrobatics","PathToVictory+1"],"picked":"Singing Bowl","floor":54}],"player_experience":300277,"relics_obtained":[{"floor":7.0,"key":"Red Skull"},{"floor":9.0,"key":"Pear"},{"floor":10.0,"key":"Bottled Tornado"},{"floor":25,"key":"Art of War"},{"floor":26,"key":"Orichalcum"},{"floor":40,"key":"Matryoshka"},{"floor":43,"key":"Centennial Puzzle"},{"floor":44,"key":"Thread and Needle"},{"floor":47,"key":"Smiling Mask"},{"floor":54,"key":"Bag of Preparation"}],"event_choices":[{"damage_healed":0.0,"max_hp_gain":0.0,"max_hp_loss":0.0,"gold_gain":0.0,"event_name":"Liars Game","player_choice":"Ignored","floor":3.0,"gold_loss":0.0,"damage_taken":0.0},{"damage_healed":0.0,"max_hp_gain":0.0,"max_hp_loss":0.0,"gold_gain":0.0,"event_name":"Shining Light","player_choice":"Entered Light","floor":4.0,"gold_loss":0.0,"damage_taken":16.0,"cards_upgraded":["Study","Escape Plan"]},{"damage_healed":0.0,"max_hp_gain":5.0,"max_hp_loss":0.0,"gold_gain":0.0,"event_name":"Big Fish","player_choice":"Donut","floor":5.0,"gold_loss":0.0,"damage_taken":0.0},{"damage_healed":0,"gold_gain":200,"player_choice":"Gold","damage_taken":0,"max_hp_gain":0,"max_hp_loss":0,"event_name":"Wheel of Change","floor":20,"gold_loss":0},{"cards_removed":["Accuracy"],"damage_healed":0,"gold_gain":0,"player_choice":"Upgrade and Remove","damage_taken":0,"max_hp_gain":0,"max_hp_loss":0,"event_name":"Designer","floor":27,"gold_loss":90,"cards_upgraded":["BattleHymn"]},{"damage_healed":0,"gold_gain":0,"player_choice":"Max HP","damage_taken":0,"max_hp_gain":0,"max_hp_loss":5,"event_name":"Winding Halls","floor":37,"gold_loss":0},{"damage_healed":0,"gold_gain":0,"player_choice":"Fight","damage_taken":0,"max_hp_gain":0,"max_hp_loss":0,"event_name":"Mysterious Sphere","floor":44,"gold_loss":0},{"damage_healed":0,"gold_gain":0,"player_choice":"Memory 3","damage_taken":10,"max_hp_gain":0,"max_hp_loss":0,"event_name":"SensoryStone","floor":46,"gold_loss":0}],"is_beta":false,"boss_relics":[{"not_picked":["Calling Bell","Empty Cage"],"picked":"Philosopher\u0027s Stone"},{"not_picked":["Velvet Choker","Runic Pyramid"],"picked":"SlaversCollar"}],"items_purged_floors":[19,22,36,38,53],"is_endless":false,"potions_floor_spawned":[1,2,8,13,24,25,28,30,35,39,40,41,42,44,45,47,48,54],"ascension_level":0}}