{"host":"f8krwbl1oysf3v6f","time":1613309810,"event":{"mods":["AchievementEnabler","BaseMod","Colored Map","DeckTracker","Minty Spire (QoL Compilation)","Permanent Neow","READ ME - Snecko Mod","StSLib","SuperFastMode","Td1madao Mod"],"gold_per_floor":[119,19,39,39,52,82,82,82,82,101,1,33,33,64,64,161,161,176,195,70,90,108,142,142,176,176,26,26,26,26,36,36,137,137,151,161,55,105,177,205,217,241,253,297,319,331,354,379,391,403],"floor_reached":51,"language":"KOR","playtime":1619,"items_purged":["Strike_R","Strike_R","Defend_R","Defend_R"],"score":1163,"play_id":"54017d90-42a0-47c6-b3b7-1f76f483a1c9","local_time":"20210214223650","is_ascension_mode":true,"campfire_choices":[{"data":"Shrug It Off","floor":7.0,"key":"SMITH"},{"data":"Pommel Strike","floor":15.0,"key":"SMITH"},{"data":"Shrug It Off","floor":24.0,"key":"SMITH"},{"data":"Flame Barrier","floor":28.0,"key":"SMITH"},{"data":"Bash","floor":30.0,"key":"SMITH"},{"data":"Clash","floor":32.0,"key":"SMITH"},{"data":"Defend_R","floor":41.0,"key":"SMITH"},{"data":"Defend_R","floor":46,"key":"SMITH"},{"data":"Barricade","floor":49,"key":"SMITH"}],"circlet_count":0,"master_deck":["Defend_R+1","Defend_R+1","Bash+1","Pommel Strike+1","Clash+1","Shrug It Off+1","Flame Barrier+1","Pummel+1","Clash+1","Barricade+1","Clash+1","Shrug It Off+1","Shrug It Off+1","Entrench+1","Second Wind+1","Power Through+1"],"relics":["Burning Blood","WingedGreaves","Pantograph","Question Card","Orichalcum","Whetstone","Sozu","Regal Pillow","Toxic Egg 2","Frozen Egg 2","Black Star","StoneCalendar","InkBottle","MawBank","Gambling Chip","Meat on the Bone","Pen Nib","Potion Belt"],"acts_visited":["Exordium","TheCity","TheBeyond"],"potions_floor_usage":[],"damage_taken":[{"damage":3.0,"enemies":"2 Louse","floor":1.0,"turns":5.0},{"damage":0.0,"enemies":"Cultist","floor":3.0,"turns":4.0},{"damage":0.0,"enemies":"Jaw Worm","floor":5.0,"turns":4.0},{"damage":8.0,"enemies":"Gremlin Nob","floor":6.0,"turns":5.0},{"damage":0.0,"enemies":"Lots of Slimes","floor":10.0,"turns":6.0},{"damage":0.0,"enemies":"Lagavulin","floor":12.0,"turns":6.0},{"damage":15.0,"enemies":"Gremlin Nob","floor":14.0,"turns":6.0},{"damage":29.0,"enemies":"Hexaghost","floor":16.0,"turns":3.0},{"damage":0.0,"enemies":"Spheric Guardian","floor":18.0,"turns":5.0},{"damage":0.0,"enemies":"Chosen","floor":19.0,"turns":5.0},{"damage":0.0,"enemies":"Snake Plant","floor":21.0,"turns":5.0},{"damage":0.0,"enemies":"Snecko","floor":22.0,"turns":5.0},{"damage":32.0,"enemies":"Slavers","floor":23.0,"turns":10.0},{"damage":15.0,"enemies":"Gremlin Leader","floor":25.0,"turns":3.0},{"damage":0.0,"enemies":"Centurion and Healer","floor":31.0,"turns":5.0},{"damage":0.0,"enemies":"Collector","floor":33.0,"turns":6.0},{"damage":0.0,"enemies":"Orb Walker","floor":35.0,"turns":4.0},{"damage":0.0,"enemies":"3 Shapes","floor":36.0,"turns":5.0},{"damage":0.0,"enemies":"Mind Bloom Boss Battle","floor":38.0,"turns":6.0},{"damage":0.0,"enemies":"Nemesis","floor":40.0,"turns":5.0},{"damage":0.0,"enemies":"Jaw Worm Horde","floor":42.0,"turns":6.0},{"damage":0.0,"enemies":"Reptomancer","floor":44.0,"turns":8.0},{"damage":0,"enemies":"Transient","floor":45,"turns":5},{"damage":0,"enemies":"Maw","floor":47,"turns":9},{"damage":0,"enemies":"4 Shapes","floor":48,"turns":7},{"damage":0,"enemies":"Awakened One","floor":50,"turns":15}],"seed_played":"2002191486227574076","potions_obtained":[{"floor":3.0,"key":"LiquidMemories"},{"floor":6.0,"key":"LiquidMemories"},{"floor":12.0,"key":"Energy Potion"}],"is_trial":false,"path_per_floor":["M","$","M","?","M","E","R","?","T","M","$","E","?","E","R","B",null,"M","M","$","M","M","E","R","E","T","$","R","$","R","M","R","B",null,"M","M","$","?","T","E","R","M","T","E","M","R","M","M","R","B",null],"character_chosen":"IRONCLAD","items_purchased":["Clash","Entrench+1","Second Wind+1"],"campfire_rested":0,"item_purchase_floors":[2,37,37],"current_hp_per_floor":[59,59,65,65,71,69,69,69,69,75,75,80,80,71,71,57,74,80,80,80,80,80,54,54,45,45,45,45,45,45,51,51,80,80,80,80,80,80,80,80,80,80,80,80,80,80,80,80,80,80],"gold":415,"neow_bonus":"ONE_RARE_RELIC","is_daily":false,"chose_seed":false,"campfire_upgraded":9,"win_rate":0.0,"timestamp":1613309810,"path_taken":["M","$","M","?","?","E","R","?","T","?","$","E","?","E","R","BOSS","M","M","$","M","?","E","R","E","T","$","R","$","R","M","R","BOSS","M","M","$","?","?","E","R","M","T","E","M","R","M","M","R","BOSS"],"items_purchased_type":["Card","Card","Card"],"build_version":"2020-12-22","purchased_purges":4,"victory":true,"max_hp_per_floor":[80,80,80,80,80,80,80,80,80,80,80,80,80,80,80,80,80,80,80,80,80,80,80,80,80,80,80,80,80,80,80,80,80,80,80,80,80,80,80,80,80,80,80,80,80,80,80,80,80,80],"card_choices":[{"not_picked":["Sever Soul","Twin Strike"],"picked":"Pommel Strike","floor":1.0},{"not_picked":["Fire Breathing","Anger","Heavy Blade"],"picked":"SKIP","floor":3.0},{"not_picked":["Entrench","Cleave","Heavy Blade"],"picked":"SKIP","floor":5.0},{"not_picked":["Intimidate","Ghostly Armor"],"picked":"Shrug It Off","floor":6.0},{"not_picked":["Havoc","Armaments","Twin Strike","Anger"],"picked":"SKIP","floor":10.0},{"not_picked":["Reckless Charge","Heavy Blade","Clothesline"],"picked":"Flame Barrier","floor":12.0},{"not_picked":["Rage","Dark Embrace","Burning Pact"],"picked":"Clash","floor":14.0},{"not_picked":["Immolate","Corruption","Bludgeon"],"picked":"Barricade","floor":16.0},{"not_picked":["Inflame","Twin Strike","Pommel Strike","Anger"],"picked":"SKIP","floor":18.0},{"not_picked":["Sever Soul","Heavy Blade","Bludgeon","Perfected Strike"],"picked":"SKIP","floor":19.0},{"not_picked":["Clothesline","Headbutt","Cleave+1","Anger"],"picked":"SKIP","floor":21.0},{"not_picked":["Sword Boomerang","Body Slam+1","Infernal Blade"],"picked":"Clash+1","floor":22.0},{"not_picked":["Fiend Fire","Rage","Hemokinesis"],"picked":"Shrug It Off","floor":23.0},{"not_picked":["Uppercut","Thunderclap","Twin Strike+1","Headbutt"],"picked":"SKIP","floor":25.0},{"not_picked":["Flex+1","Rage+1","Shockwave+1"],"picked":"Shrug It Off+1","floor":31.0},{"not_picked":["Whirlwind","Iron Wave+1","Shrug It Off+1","Anger"],"picked":"SKIP","floor":35.0},{"not_picked":["Pummel+1","Havoc+1","Twin Strike+1","Reckless Charge+1"],"picked":"SKIP","floor":36.0},{"not_picked":["Rage+1","Cleave+1","Battle Trance+1","Sentinel+1"],"picked":"SKIP","floor":40.0},{"not_picked":["Headbutt","Heavy Blade+1","Anger+1"],"picked":"Power Through+1","floor":42.0},{"not_picked":["Flex+1","Thunderclap+1","Reaper","Clothesline"],"picked":"SKIP","floor":44.0},{"not_picked":["True Grit+1","Iron Wave+1","Headbutt","Flex+1"],"picked":"SKIP","floor":45},{"not_picked":["Entrench+1","Shrug It Off+1","Flex+1","Shockwave+1"],"picked":"SKIP","floor":47},{"not_picked":["Rage+1","Entrench+1","Barricade+1","Sword Boomerang+1"],"picked":"SKIP","floor":48}],"player_experience":217850,"relics_obtained":[{"floor":6.0,"key":"Pantograph"},{"floor":9.0,"key":"Question Card"},{"floor":12.0,"key":"Orichalcum"},{"floor":14.0,"key":"Whetstone"},{"floor":23.0,"key":"Regal Pillow"},{"floor":25.0,"key":"Toxic Egg 2"},{"floor":26.0,"key":"Frozen Egg 2"},{"floor":38.0,"key":"StoneCalendar"},{"floor":39.0,"key":"InkBottle"},{"floor":40.0,"key":"MawBank"},{"floor":40.0,"key":"Gambling Chip"},{"floor":43.0,"key":"Meat on the Bone"},{"floor":44.0,"key":"Pen Nib"},{"floor":44.0,"key":"Potion Belt"}],"event_choices":[{"cards_removed":["Strike_R"],"damage_healed":0.0,"max_hp_gain":0.0,"max_hp_loss":0.0,"gold_gain":0.0,"event_name":"Purifier","player_choice":"Purged","floor":4.0,"gold_loss":0.0,"damage_taken":0.0},{"cards_removed":["Strike_R"],"damage_healed":0.0,"max_hp_gain":0.0,"max_hp_loss":0.0,"gold_gain":0.0,"event_name":"Bonfire Elementals","player_choice":"Offered Basic","floor":8.0,"gold_loss":0.0,"damage_taken":0.0},{"damage_healed":0.0,"max_hp_gain":0.0,"max_hp_loss":0.0,"gold_gain":0.0,"cards_transformed":["Strike_R"],"event_name":"Transmorgrifier","player_choice":"Transformed","floor":13.0,"gold_loss":0.0,"damage_taken":0.0,"cards_obtained":["Pummel"]},{"damage_healed":0.0,"max_hp_gain":0.0,"max_hp_loss":0.0,"gold_gain":0.0,"event_name":"MindBloom","player_choice":"Fight","floor":38.0,"gold_loss":0.0,"damage_taken":0.0}],"is_beta":false,"boss_relics":[{"not_picked":["Velvet Choker","Fusion Hammer"],"picked":"Sozu"},{"not_picked":["Coffee Dripper","Runic Dome"],"picked":"Black Star"}],"items_purged_floors":[2,11,20,27],"is_endless":false,"potions_floor_spawned":[3,6,12,14,18,25,31,33,40,42,44],"ascension_level":5}}