{"host":"684z1xpuwaoqmmh1","time":1613321432,"event":{"mods":["A Magickal Journey","BaseMod","Downfall","Hermit","Jorbs\u0027s Wanderer Trilogy","Marisa????????","Minty Spire (QoL Compilation)","Robot Space Explorer","Shade Mod","StSLib","The Bug Knight","The Dragon Tamer","The Elementalist","The Hayseed","The Hierophant","The Marked","The Mystic","The Runesmith","The Saiyan","The Senshi","The Spell Scribe","The Vixen","TheBandit","TheFirefly"],"gold_per_floor":[119,130,130,130,13,38,88,121,121,131,131,161,161,177,177,177,177],"floor_reached":16,"language":"ENG","playtime":519,"items_purged":["theSenshi:SailorKick"],"score":279,"play_id":"3c91d103-fc5b-4f31-be75-764d874a8d1a","local_time":"20210214185032","is_ascension_mode":true,"campfire_choices":[{"data":"theSenshi:CrisisMakeUp","floor":11,"key":"SMITH"},{"data":"theSenshi:MoonCrisisMakeUp","floor":13,"key":"SMITH"},{"data":"theSenshi:UranusStrength","floor":15,"key":"SMITH"}],"circlet_count":0,"master_deck":["AscendersBane","theSenshi:SailorKick","theSenshi:SailorKick","theSenshi:SailorKick","theSenshi:SailorBlock","theSenshi:SailorBlock","theSenshi:SailorBlock","theSenshi:SailorBlock","theSenshi:RoseThrow","theSenshi:MoonPrismPowerMakeUp","theSenshi:CrisisMakeUp+1","theSenshi:SailorUranusAssists","theSenshi:MoonlightKnight","theSenshi:MoonCrisisMakeUp+1","theSenshi:ChibiMoonsLove","theSenshi:SailorJupiterAssists","theSenshi:UranusStrength+1"],"relics":["theSenshi:TransformationBroochRelic","NeowsBlessing","HollowMod:StagPassRelic","Pocketwatch","HollowMod:LifeEnderRelic","HollowMod:PaleOreRelic"],"acts_visited":["Exordium"],"potions_floor_usage":[8,16],"damage_taken":[{"damage":0,"enemies":"Cultist","floor":1,"turns":1},{"damage":0,"enemies":"Small Slimes","floor":2,"turns":2},{"damage":0,"enemies":"Lagavulin","floor":6,"turns":2},{"damage":42,"enemies":"Gremlin Nob","floor":8,"turns":5},{"damage":8,"enemies":"2 Louse","floor":10,"turns":5},{"damage":12,"enemies":"Lagavulin","floor":12,"turns":9},{"damage":2,"enemies":"Red Slaver","floor":14,"turns":4},{"damage":35,"enemies":"Hexaghost","floor":16,"turns":12}],"seed_played":"6479068448106264474","potions_obtained":[{"floor":1,"key":"LiquidMemories"},{"floor":6,"key":"Explosive Potion"},{"floor":12,"key":"LiquidMemories"}],"is_trial":false,"path_per_floor":["M","M","$","?","$","E","?","E","T","M","R","E","R","M","R","B"],"character_chosen":"THE_SENSHI","items_purchased":["theSenshi:MoonlightKnight"],"campfire_rested":0,"item_purchase_floors":[5],"current_hp_per_floor":[68,68,68,68,68,68,68,26,26,28,28,26,26,24,24,0,0],"gold":177,"neow_bonus":"THREE_ENEMY_KILL","is_daily":false,"chose_seed":false,"campfire_upgraded":3,"win_rate":0.0,"timestamp":1613321432,"path_taken":["M","?","$","?","$","E","?","E","T","M","R","E","R","M","R","BOSS"],"items_purchased_type":["Card"],"build_version":"2020-12-22","purchased_purges":1,"victory":false,"max_hp_per_floor":[75,75,75,75,75,75,75,75,75,75,75,75,75,75,75,75,75],"card_choices":[{"not_picked":["theSenshi:Sidestep","theSenshi:SailorMarsAssists"],"picked":"theSenshi:CrisisMakeUp","floor":1},{"not_picked":["theSenshi:SailorVenusAssists","theSenshi:SailorStarFighterAssists"],"picked":"theSenshi:SailorUranusAssists","floor":2},{"not_picked":["theSenshi:SailorVenusAssists","theSenshi:MoonKick"],"picked":"theSenshi:MoonCrisisMakeUp","floor":6},{"not_picked":["theSenshi:SailorMarsAssists","theSenshi:MoonCosmicPowerMakeUp"],"picked":"theSenshi:ChibiMoonsLove","floor":8},{"not_picked":["theSenshi:RainbowMoonHeartAche","theSenshi:MoonPrincessHalation"],"picked":"theSenshi:SailorJupiterAssists","floor":10},{"not_picked":["theSenshi:VenusGlamour","theSenshi:TuxedoSmokingBomber"],"picked":"theSenshi:UranusStrength","floor":12},{"not_picked":["theSenshi:SailorJupiterAssists","theSenshi:LateForSchool","theSenshi:EncouragingSpeech"],"picked":"SKIP","floor":14}],"player_experience":3289687,"relics_obtained":[{"floor":6,"key":"HollowMod:StagPassRelic"},{"floor":8,"key":"Pocketwatch"},{"floor":9,"key":"HollowMod:LifeEnderRelic"},{"floor":12,"key":"HollowMod:PaleOreRelic"}],"event_choices":[],"is_beta":false,"boss_relics":[],"items_purged_floors":[5],"is_endless":false,"potions_floor_spawned":[1,6,12,14],"killed_by":"Hexaghost","ascension_level":19}}