{"host":"z7iqwv4hfwwvhc2n","time":1613289013,"event":{"mods":["2.2 Compatiblity","BaseMod","Better Note","Better Third Choice","BetterRewards","Bossed Relics","Colored Powertips","Minty Spire (QoL Compilation)","Permanent Neow","Relic Filter","Shop Mod","StSLib","The Cursed"],"gold_per_floor":[112,112,130,145,145,179,179,191,191,12,32,32,64,74,74,177,177,159,172,187,187,187,187,197,213,213,213,213,227,239,95,95,95,95],"floor_reached":33,"language":"JPN","playtime":1807,"items_purged":["Armaments"],"score":379,"play_id":"b4f7dddb-dd5a-4ee7-9696-3a68d7117df0","local_time":"20210214165013","is_ascension_mode":true,"campfire_choices":[{"data":"Armaments","floor":7,"key":"SMITH"},{"data":"Apotheosis","floor":15,"key":"SMITH"},{"floor":23,"key":"REST"},{"floor":27,"key":"REST"},{"floor":32,"key":"REST"}],"circlet_count":0,"master_deck":["Strike_R","Strike_R","Strike_R","Strike_R","Defend_R","Defend_R","Defend_R","Defend_R","Bash","Armaments+1","Spot Weakness","Dark Shackles","Rampage","Infernal Blade","Clash","Demon Form","Searing Blow","Apotheosis+1","Uppercut","Double Tap","Battle Trance","Anger","Dropkick","Spot Weakness+1","Headbutt","Anger+1","Dual Wield"],"relics":["Burning Blood","Thread and Needle","Ornamental Fan","Shuriken","Sundial","Black Star","Ginger","Champion Belt","Unceasing Top"],"acts_visited":["Exordium","TheCity"],"potions_floor_usage":[13,16,16,29,33,33],"damage_taken":[{"damage":6,"enemies":"Jaw Worm","floor":1,"turns":4},{"damage":1,"enemies":"Cultist","floor":3,"turns":4},{"damage":7,"enemies":"Small Slimes","floor":4,"turns":3},{"damage":22,"enemies":"Gremlin Nob","floor":6,"turns":4},{"damage":0,"enemies":"Red Slaver","floor":8,"turns":3},{"damage":0,"enemies":"Looter","floor":11,"turns":3},{"damage":32,"enemies":"Lagavulin","floor":13,"turns":7},{"damage":12,"enemies":"Blue Slaver","floor":14,"turns":5},{"damage":26,"enemies":"The Guardian","floor":16,"turns":8},{"damage":11,"enemies":"2 Thieves","floor":18,"turns":4},{"damage":13,"enemies":"Spheric Guardian","floor":19,"turns":4},{"damage":44,"enemies":"Centurion and Healer","floor":20,"turns":8},{"damage":18,"enemies":"Snake Plant","floor":24,"turns":4},{"damage":28,"enemies":"Shelled Parasite and Fungi","floor":25,"turns":6},{"damage":15,"enemies":"Sentry and Sphere","floor":29,"turns":5},{"damage":12,"enemies":"Snake Plant","floor":30,"turns":3},{"damage":65,"enemies":"Collector","floor":33,"turns":5}],"seed_played":"8527228550356710543","potions_obtained":[{"floor":1,"key":"SteroidPotion"},{"floor":8,"key":"Energy Potion"},{"floor":14,"key":"ColorlessPotion"},{"floor":19,"key":"SteroidPotion"},{"floor":25,"key":"Explosive Potion"},{"floor":30,"key":"PowerPotion"}],"is_trial":false,"path_per_floor":["M","?","M","M","T","E","R","M","T","$","M","?","E","M","R","B",null,"M","M","M","T","?","R","M","M","T","R","?","M","M","$","R","B"],"character_chosen":"IRONCLAD","items_purchased":["Armaments","Spot Weakness","Dark Shackles","Apotheosis","Dual Wield"],"campfire_rested":3,"item_purchase_floors":[0,0,0,10,31],"current_hp_per_floor":[80,78,80,79,79,63,63,69,69,69,75,75,49,43,43,23,80,75,68,30,30,30,54,42,20,20,44,44,35,29,29,53,0,0],"gold":95,"neow_bonus":"","is_daily":false,"chose_seed":false,"campfire_upgraded":2,"win_rate":0.0,"timestamp":1613289013,"path_taken":["M","?","M","M","?","E","R","?","T","?","M","?","E","M","R","BOSS","M","M","?","?","?","R","M","M","T","R","?","M","M","?","R","BOSS"],"items_purchased_type":["Card","Card","Card","Card","Card"],"build_version":"2020-12-22","purchased_purges":1,"victory":false,"max_hp_per_floor":[80,80,80,80,80,80,80,80,80,80,80,80,80,80,80,80,80,80,80,80,80,80,80,80,80,80,80,80,80,80,80,80,80,80],"card_choices":[{"not_picked":["Clash","Warcry"],"picked":"Rampage","floor":1},{"not_picked":["Havoc","Thunderclap"],"picked":"Infernal Blade","floor":3},{"not_picked":["Thunderclap","Pommel Strike"],"picked":"Clash","floor":4},{"not_picked":["Sever Soul","Thunderclap"],"picked":"Demon Form","floor":6},{"not_picked":["Heavy Blade","Combust"],"picked":"Searing Blow","floor":8},{"not_picked":["Thunderclap","Fire Breathing"],"picked":"Armaments","floor":11},{"not_picked":["Iron Wave","Perfected Strike"],"picked":"Uppercut","floor":13},{"not_picked":["Perfected Strike","Evolve"],"picked":"Armaments","floor":14},{"not_picked":["Offering","Impervious"],"picked":"Double Tap","floor":16},{"not_picked":["Fire Breathing+1","Burning Pact+1"],"picked":"Battle Trance","floor":18},{"not_picked":["Dual Wield","Burning Pact+1"],"picked":"Anger","floor":19},{"not_picked":["Clash","Sword Boomerang"],"picked":"Dropkick","floor":20},{"not_picked":["Shrug It Off","Headbutt"],"picked":"Spot Weakness+1","floor":24},{"not_picked":["Sword Boomerang+1","Flame Barrier"],"picked":"Warcry","floor":25},{"not_picked":["Thunderclap+1","Pummel"],"picked":"Headbutt","floor":29},{"not_picked":["Flex","Cleave"],"picked":"Anger+1","floor":30}],"player_experience":44991,"relics_obtained":[{"floor":5,"key":"Thread and Needle"},{"floor":6,"key":"Ornamental Fan"},{"floor":9,"key":"Shuriken"},{"floor":13,"key":"Sundial"},{"floor":21,"key":"Ginger"},{"floor":26,"key":"Champion Belt"}],"event_choices":[{"damage_healed":0,"gold_gain":0,"player_choice":"LEAVE","damage_taken":2,"max_hp_gain":0,"max_hp_loss":0,"event_name":"betterThird:BetterScrap","floor":2,"gold_loss":0,"cards_obtained":["Corpse Explosion"]},{"cards_removed":["Strike_R"],"damage_healed":0,"gold_gain":0,"player_choice":"Offered Basic","damage_taken":0,"max_hp_gain":0,"max_hp_loss":0,"event_name":"Bonfire Elementals","floor":12,"gold_loss":0},{"cards_removed":["Armaments"],"damage_healed":0,"gold_gain":0,"player_choice":"Card Removal","damage_taken":0,"max_hp_gain":0,"max_hp_loss":0,"event_name":"Wheel of Change","floor":22,"gold_loss":0},{"cards_removed":["Warcry"],"damage_healed":0,"gold_gain":0,"player_choice":"Gave Card","damage_taken":0,"relics_obtained":["Unceasing Top"],"max_hp_gain":0,"max_hp_loss":0,"event_name":"WeMeetAgain","floor":28,"gold_loss":0}],"is_beta":false,"boss_relics":[{"not_picked":["Circlet","Circlet"],"picked":"Black Star"}],"items_purged_floors":[31],"is_endless":false,"potions_floor_spawned":[1,8,14,19,25,30],"killed_by":"Collector","ascension_level":1}}