{"host":"0ueeacaatm8t6jyh","time":1613304785,"event":{"mods":["AchievementEnabler","BaseMod","Colored Powertips","Minty Spire (QoL Compilation)","Quick Restart","Rare Cards Sparkle","Shop Mod","StSLib"],"gold_per_floor":[114,134,145,145,220,220,250,270,270,270,270,288,300,300,300],"floor_reached":14,"language":"ZHS","playtime":317,"items_purged":[],"score":152,"play_id":"1ea44f6e-ec4c-4ef0-b33b-77cd2d235277","local_time":"20210214201305","is_ascension_mode":true,"campfire_choices":[{"data":"Machine Learning","floor":6.0,"key":"SMITH"},{"floor":11.0,"key":"REST"}],"circlet_count":0,"master_deck":["AscendersBane","Strike_B","Strike_B","Strike_B","Strike_B","Defend_B","Defend_B","Defend_B","Zap","Dualcast","Machine Learning+1","Double Energy","Chill","Ball Lightning","Rainbow","Hologram"],"relics":["Cracked Core","Mummified Hand","Potion Belt","Blood Vial"],"acts_visited":["Exordium"],"potions_floor_usage":[14],"damage_taken":[{"damage":1.0,"enemies":"Cultist","floor":1.0,"turns":4.0},{"damage":7.0,"enemies":"Jaw Worm","floor":2.0,"turns":3.0},{"damage":0.0,"enemies":"2 Louse","floor":3.0,"turns":2.0},{"damage":20.0,"enemies":"3 Sentries","floor":7.0,"turns":7.0},{"damage":13.0,"enemies":"Blue Slaver","floor":8.0,"turns":3.0},{"damage":4.0,"enemies":"Exordium Thugs","floor":12.0,"turns":4.0},{"damage":9.0,"enemies":"Looter","floor":13.0,"turns":3.0},{"damage":30,"enemies":"Gremlin Nob","floor":14,"turns":3}],"seed_played":"7902838992522748859","potions_obtained":[{"floor":1.0,"key":"PowerPotion"},{"floor":2.0,"key":"Energy Potion"},{"floor":12.0,"key":"PotionOfCapacity"}],"is_trial":false,"path_per_floor":["M","M","M","T","?","R","E","M","T","?","R","M","M","E"],"character_chosen":"DEFECT","items_purchased":[],"campfire_rested":1,"item_purchase_floors":[],"current_hp_per_floor":[67,60,60,60,49,49,29,16,16,9,31,29,22,0,0],"gold":300,"neow_bonus":"ONE_RANDOM_RARE_CARD","is_daily":false,"chose_seed":false,"campfire_upgraded":1,"win_rate":0.0,"timestamp":1613304785,"path_taken":["M","M","M","?","?","R","E","M","T","?","R","M","M","E"],"items_purchased_type":[],"build_version":"2020-12-22","purchased_purges":0,"victory":false,"max_hp_per_floor":[75,75,75,75,75,75,75,75,75,75,75,75,75,75,75],"card_choices":[{"not_picked":["Compile Driver","Conserve Battery"],"picked":"Double Energy","floor":1.0},{"not_picked":["Barrage","Cold Snap"],"picked":"Chill","floor":2.0},{"not_picked":["Go for the Eyes","Turbo"],"picked":"Ball Lightning","floor":3.0},{"not_picked":["Auto Shields","Stack"],"picked":"Rainbow","floor":7.0},{"not_picked":["Rebound","Sunder","Redo"],"picked":"SKIP","floor":8.0},{"not_picked":["Streamline","Stack","Compile Driver"],"picked":"SKIP","floor":12.0},{"not_picked":["Chill","Fusion"],"picked":"Hologram","floor":13.0}],"player_experience":536436,"relics_obtained":[{"floor":4.0,"key":"Mummified Hand"},{"floor":7.0,"key":"Potion Belt"},{"floor":9.0,"key":"Blood Vial"}],"event_choices":[{"damage_healed":0.0,"max_hp_gain":0.0,"max_hp_loss":0.0,"gold_gain":75.0,"event_name":"World of Goop","player_choice":"Gather Gold","floor":5.0,"gold_loss":0.0,"damage_taken":11.0},{"cards_removed":["Defend_B"],"damage_healed":0.0,"max_hp_gain":0.0,"max_hp_loss":0.0,"gold_gain":0.0,"event_name":"Golden Wing","player_choice":"Card Removal","floor":10.0,"gold_loss":0.0,"damage_taken":7.0}],"is_beta":false,"boss_relics":[],"items_purged_floors":[],"is_endless":false,"potions_floor_spawned":[1,2,12],"killed_by":"Gremlin Nob","ascension_level":13}}