{"host":"aovbmu76o5toxav1","time":1613265327,"event":{"mods":["BaseMod","Jorbs\u0027s Wanderer Trilogy","Marisa????????","Minty Spire (QoL Compilation)","StSLib","The Bug Knight","The Servant 0.9.4"],"gold_per_floor":[109,79,89,101,119,152,152,162,209,9,9,26,56,56,56,157,157,175,200,220,240,440,440,452,452,534,545,545,545],"floor_reached":28,"language":"ENG","playtime":2062,"items_purged":["Strike_S"],"score":272,"play_id":"6d01eab4-5e11-4dea-bb50-a77abdd24e7c","local_time":"20210213201527","is_ascension_mode":false,"campfire_choices":[{"data":"SilverBlades","floor":7,"key":"SMITH"},{"data":"SoulSculpture","floor":15,"key":"SMITH"},{"floor":23,"key":"REST"}],"circlet_count":0,"master_deck":["KidneyShot","Exchange","SoulSculpture+1","Ricochet","SilverBlades+1","Potential","BestPractice","InstantArmor","Rearm","Foresight","PendulumOfEternity","Reset","Snipe","Shuttle","SpecialFormula","Dilation","Gouge","MoonPhase","FanOfKnives+1","BottledTime","Luminosity+1","Defy"],"relics":["Uniform","Kunai","Tiny Chest","FaceOfCleric","Pandora\u0027s Box","Boot","HollowMod:LifeEnderRelic","Shuriken"],"acts_visited":["Exordium","TheCity"],"potions_floor_usage":[12,21,21,21,28,28],"damage_taken":[{"damage":3,"enemies":"Jaw Worm","floor":1,"turns":3},{"damage":0,"enemies":"Cultist","floor":3,"turns":3},{"damage":1,"enemies":"2 Louse","floor":4,"turns":2},{"damage":7,"enemies":"Blue Slaver","floor":5,"turns":4},{"damage":23,"enemies":"Gremlin Nob","floor":6,"turns":5},{"damage":0,"enemies":"Looter","floor":8,"turns":2},{"damage":3,"enemies":"Gremlin Gang","floor":12,"turns":3},{"damage":0,"enemies":"Hexaghost","floor":16,"turns":9},{"damage":11,"enemies":"2 Thieves","floor":18,"turns":2},{"damage":18,"enemies":"Shell Parasite","floor":20,"turns":4},{"damage":42,"enemies":"3 Cultists","floor":21,"turns":5},{"damage":4,"enemies":"Snecko","floor":24,"turns":4},{"damage":19,"enemies":"Cultist and Chosen","floor":27,"turns":5},{"damage":16,"enemies":"Colosseum Slavers","floor":28,"turns":3},{"damage":28,"enemies":"Colosseum Nobs","floor":28,"turns":4}],"seed_played":"-4030088023585292001","potions_obtained":[{"floor":1,"key":"PowerPotion"},{"floor":2,"key":"EssenceOfSteel"},{"floor":2,"key":"Block Potion"},{"floor":16,"key":"EssenceOfSteel"},{"floor":21,"key":"Swift Potion"},{"floor":27,"key":"CultistPotion"}],"is_trial":false,"path_per_floor":["M","?","M","M","M","E","R","M","T","$","?","M","?","?","R","B",null,"M","T","M","M","?","R","M","T","T","M","?"],"character_chosen":"THE_SERVANT","items_purchased":["Rearm","Foresight"],"campfire_rested":1,"item_purchase_floors":[10,10],"current_hp_per_floor":[62,62,62,61,54,31,31,31,31,31,36,33,33,33,33,34,71,61,61,49,13,13,35,37,37,37,24,0,0],"gold":545,"neow_bonus":"ONE_RANDOM_RARE_CARD","is_daily":false,"chose_seed":false,"campfire_upgraded":2,"win_rate":0.0,"timestamp":1613265327,"path_taken":["M","?","?","M","M","E","R","M","T","$","?","M","?","?","R","BOSS","M","?","M","?","?","R","?","?","T","M","?"],"items_purchased_type":["Card","Card"],"build_version":"2020-12-22","purchased_purges":1,"victory":false,"max_hp_per_floor":[65,65,65,65,65,65,65,65,65,65,70,70,70,70,70,71,71,72,72,73,74,74,74,75,75,75,76,77,77],"card_choices":[{"not_picked":["RealityMarble","Contraction"],"picked":"Ricochet","floor":1},{"not_picked":["Moonlight","BottledTime"],"picked":"SilverBlades","floor":3},{"not_picked":["Rewind","Misdirection"],"picked":"Potential","floor":4},{"not_picked":["Alleviate","Snipe"],"picked":"BestPractice","floor":5},{"not_picked":["DualDimension","Starlight"],"picked":"InstantArmor","floor":6},{"not_picked":["Desolation","TimeWarp","Unruled"],"picked":"SKIP","floor":8},{"not_picked":["Contraction","Duplication","Rewind"],"picked":"SKIP","floor":12},{"not_picked":["ForgedInTime","Solidify"],"picked":"PendulumOfEternity","floor":16},{"not_picked":["Replace","Rewind+1"],"picked":"FanOfKnives+1","floor":18},{"not_picked":["SpecialFormula","Alleviate"],"picked":"BottledTime","floor":20},{"not_picked":["Comet","Barrier","ShatteredReality"],"picked":"SKIP","floor":21},{"not_picked":["Revamp+1","FanOfKnives"],"picked":"Luminosity+1","floor":24},{"not_picked":["Rewind+1","ReturningBlade"],"picked":"Defy","floor":27}],"player_experience":114949,"relics_obtained":[{"floor":6,"key":"Kunai"},{"floor":9,"key":"Tiny Chest"},{"floor":19,"key":"Boot"},{"floor":25,"key":"HollowMod:LifeEnderRelic"},{"floor":26,"key":"Shuriken"}],"event_choices":[{"damage_healed":0,"gold_gain":0,"player_choice":"Bought 2 Potions","damage_taken":0,"max_hp_gain":0,"max_hp_loss":0,"event_name":"The Woman in Blue","floor":2,"gold_loss":0},{"damage_healed":0,"gold_gain":0,"player_choice":"Donut","damage_taken":0,"max_hp_gain":5,"max_hp_loss":0,"event_name":"Big Fish","floor":11,"gold_loss":0},{"damage_healed":0,"gold_gain":30,"player_choice":"Searched \u00272\u0027 times","damage_taken":0,"max_hp_gain":0,"max_hp_loss":0,"event_name":"Dead Adventurer","floor":13,"gold_loss":0},{"damage_healed":0,"gold_gain":0,"player_choice":"Trade","damage_taken":0,"relics_obtained":["FaceOfCleric"],"max_hp_gain":0,"max_hp_loss":0,"event_name":"FaceTrader","floor":14,"gold_loss":0},{"damage_healed":0,"gold_gain":250,"player_choice":"Bet on Owner","damage_taken":0,"max_hp_gain":0,"max_hp_loss":0,"event_name":"The Joust","floor":22,"gold_loss":50},{"damage_healed":0,"gold_gain":0,"player_choice":"Fight","damage_taken":0,"max_hp_gain":0,"max_hp_loss":0,"event_name":"Colosseum","floor":28,"gold_loss":0},{"damage_healed":0,"gold_gain":0,"player_choice":"Fought Nobs","damage_taken":0,"max_hp_gain":0,"max_hp_loss":0,"event_name":"Colosseum","floor":28,"gold_loss":0}],"is_beta":false,"boss_relics":[{"not_picked":["Empty Cage","Runic Dome"],"picked":"Pandora\u0027s Box"}],"items_purged_floors":[10],"is_endless":false,"potions_floor_spawned":[1,5,8,16,21,27],"killed_by":"Colosseum Nobs","ascension_level":0}}