{"host":"5pfivkovc4wibog0","time":1613306841,"event":{"mods":["2.2 Compatiblity","BaseMod","Better Third Choice","Block Reminder","Colored Powertips","Downfall","Friendly Minions","GifTheSpireLib","Hermit","Koishi","Marisa????????","Minty Spire (QoL Compilation)","Permanent Neow","Quick Restart","Rare Cards Sparkle","Reimu??????","StSLib","The Administrix","The Animator","The Cursed","TheSwordswoman"],"gold_per_floor":[115,126,126,177,231,231,264,264,264,279,306,323,88,122,122,226,226,244,260,270,270,289,289,289,289],"floor_reached":24,"language":"ENG","playtime":2455,"items_purged":["Strike_R"],"score":253,"play_id":"1ef7680e-927a-461a-8f71-ac0f5c9da41e","local_time":"20210214124721","is_ascension_mode":true,"campfire_choices":[{"data":"Bash","floor":6,"key":"SMITH"},{"floor":8,"key":"RECALL"},{"data":"True Grit","floor":15,"key":"SMITH"},{"data":"Berserk","floor":23,"key":"SMITH"}],"circlet_count":0,"master_deck":["Strike_R","Strike_R","Strike_R","Strike_R","Defend_R","Defend_R","Defend_R","Defend_R","Bash+1","Pommel Strike+1","Battle Trance","Shockwave","True Grit+1","Seeing Red","Berserk+1","Flex","Clothesline","Flex"],"relics":["Burning Blood","NeowsBlessing","Vajra","Shuriken","Boot","Letter Opener","Mark of Pain"],"acts_visited":["Exordium","TheCity"],"potions_floor_usage":[24],"damage_taken":[{"damage":0,"enemies":"Cultist","floor":1,"turns":1},{"damage":0,"enemies":"Jaw Worm","floor":2,"turns":1},{"damage":0,"enemies":"Gremlin Nob","floor":7,"turns":1},{"damage":1,"enemies":"2 Louse","floor":10,"turns":2},{"damage":11,"enemies":"Lagavulin","floor":11,"turns":7},{"damage":2,"enemies":"Blue Slaver","floor":12,"turns":4},{"damage":32,"enemies":"3 Sentries","floor":14,"turns":8},{"damage":66,"enemies":"Slime Boss","floor":16,"turns":10},{"damage":3,"enemies":"Shell Parasite","floor":18,"turns":4},{"damage":21,"enemies":"Chosen","floor":19,"turns":7},{"damage":28,"enemies":"Shelled Parasite and Fungi","floor":20,"turns":6},{"damage":16,"enemies":"Centurion and Healer","floor":22,"turns":8},{"damage":33,"enemies":"Gremlin Leader","floor":24,"turns":5}],"seed_played":"7549103361339934268","potions_obtained":[{"floor":1,"key":"PowerPotion"},{"floor":2,"key":"Weak Potion"},{"floor":11,"key":"BlessingOfTheForge"},{"floor":14,"key":"FairyPotion"},{"floor":20,"key":"FearPotion"},{"floor":22,"key":"Block Potion"}],"is_trial":false,"path_per_floor":["M","M","?","?","T","R","E","R","T","M","E","M","$","E","R","B",null,"M","M","M","?","M","R","E"],"character_chosen":"IRONCLAD","items_purchased":["Berserk"],"campfire_rested":0,"item_purchase_floors":[13],"current_hp_per_floor":[80,80,80,80,80,80,80,80,80,80,75,79,79,53,53,28,80,80,65,43,43,33,33,0,0],"gold":289,"neow_bonus":"THREE_ENEMY_KILL","is_daily":false,"chose_seed":false,"campfire_upgraded":3,"win_rate":0.0,"timestamp":1613306841,"path_taken":["M","?","?","?","?","R","E","R","T","M","E","M","$","E","R","BOSS","M","M","M","?","M","R","E"],"items_purchased_type":["Card"],"build_version":"2020-12-22","purchased_purges":1,"victory":false,"max_hp_per_floor":[80,80,80,80,80,80,80,80,80,80,80,80,80,80,80,80,80,80,80,80,80,80,80,80,80],"card_choices":[{"not_picked":["Combust","Iron Wave"],"picked":"Pommel Strike","floor":1},{"not_picked":["Perfected Strike","Burning Pact","Cleave"],"picked":"SKIP","floor":2},{"not_picked":["Entrench","Infernal Blade"],"picked":"Battle Trance","floor":7},{"not_picked":["Disarm","Anger"],"picked":"Shockwave","floor":10},{"not_picked":["Havoc","Reckless Charge"],"picked":"True Grit","floor":11},{"not_picked":["Thunderclap","True Grit"],"picked":"Seeing Red","floor":12},{"not_picked":["Clash","Iron Wave"],"picked":"Flex","floor":14},{"not_picked":["Iron Wave","Sword Boomerang","Havoc"],"picked":"SKIP","floor":18},{"not_picked":["Anger","Dropkick+1"],"picked":"Clothesline","floor":19},{"not_picked":["Iron Wave+1","True Grit"],"picked":"Flex","floor":20},{"not_picked":["Iron Wave+1","Warcry","Battle Trance"],"picked":"SKIP","floor":22}],"player_experience":40228,"relics_obtained":[{"floor":7,"key":"Vajra"},{"floor":9,"key":"Shuriken"},{"floor":11,"key":"Boot"},{"floor":14,"key":"Letter Opener"}],"event_choices":[{"damage_healed":0,"gold_gain":0,"player_choice":"Grow","damage_taken":0,"max_hp_gain":0,"max_hp_loss":0,"event_name":"Living Wall","floor":3,"gold_loss":0,"cards_upgraded":["Pommel Strike"]},{"damage_healed":0,"gold_gain":51,"player_choice":"Gained Gold","damage_taken":0,"max_hp_gain":0,"max_hp_loss":0,"event_name":"Golden Wing","floor":4,"gold_loss":0}],"is_beta":false,"boss_relics":[{"not_picked":["Cursed Key","Runic Pyramid"],"picked":"Mark of Pain"}],"items_purged_floors":[13],"is_endless":false,"potions_floor_spawned":[1,2,11,14,20,22],"killed_by":"Gremlin Leader","ascension_level":1}}