{"host":"mo4d2vii2wc3uyp7","time":1613288672,"event":{"mods":["AchievementEnabler","BaseMod","Colored Map","Highlight Path","Keyboard Shortcuts","Minty Spire (QoL Compilation)","Permanent Neow","Quick Restart","Shop Mod","StSLib","SuperFastMode","everything is the same but u backflip on backflip"],"gold_per_floor":[112,130,147,157,172,172,202,202,202,202,216,216,236,265,265,362,412,429,62,84,109,125,162,162,193,248,248,260,272,281,281,281],"floor_reached":31,"language":"KOR","playtime":965,"items_purged":["Strike_G"],"score":306,"play_id":"96d3a5c0-3725-412e-8bcb-0826540f9dca","local_time":"20210214164432","is_ascension_mode":true,"campfire_choices":[{"data":"Tactician","floor":6.0,"key":"SMITH"},{"data":"Neutralize","floor":8.0,"key":"SMITH"},{"floor":15.0,"key":"REST"},{"floor":24,"key":"REST"},{"data":"Adrenaline","floor":27,"key":"SMITH"}],"circlet_count":0,"master_deck":["Strike_G","Strike_G","Strike_G+1","Strike_G","Defend_G","Defend_G+1","Defend_G","Defend_G+1","Defend_G","Survivor+1","Neutralize+1","Poisoned Stab","Tactician+1","Backflip","Prepared","Bane","Dagger Throw","Adrenaline+1","Masterful Stab","Acrobatics+1","Quick Slash","Caltrops","A Thousand Cuts","Decay"],"relics":["Ring of the Snake","Oddly Smooth Stone","Letter Opener","Unceasing Top","Mummified Hand","Tiny House","TwistedFunnel","CeramicFish","Girya","Happy Flower","War Paint"],"acts_visited":["Exordium","TheCity"],"potions_floor_usage":[18,21,21,22,23,23],"damage_taken":[{"damage":0.0,"enemies":"2 Louse","floor":1.0,"turns":4.0},{"damage":4.0,"enemies":"Small Slimes","floor":2.0,"turns":4.0},{"damage":0.0,"enemies":"Cultist","floor":3.0,"turns":3.0},{"damage":0.0,"enemies":"3 Louse","floor":4.0,"turns":5.0},{"damage":0.0,"enemies":"2 Fungi Beasts","floor":5.0,"turns":5.0},{"damage":29.0,"enemies":"Gremlin Nob","floor":7.0,"turns":5.0},{"damage":1.0,"enemies":"Looter","floor":11.0,"turns":3.0},{"damage":0.0,"enemies":"3 Louse","floor":13.0,"turns":5.0},{"damage":15.0,"enemies":"3 Sentries","floor":14.0,"turns":8.0},{"damage":6.0,"enemies":"The Guardian","floor":16.0,"turns":9.0},{"damage":8,"enemies":"Spheric Guardian","floor":18,"turns":4},{"damage":0,"enemies":"Chosen","floor":20,"turns":4},{"damage":12,"enemies":"Snecko","floor":21,"turns":4},{"damage":14,"enemies":"Cultist and Chosen","floor":22,"turns":5},{"damage":26,"enemies":"Slavers","floor":23,"turns":5},{"damage":12,"enemies":"Book of Stabbing","floor":25,"turns":5},{"damage":8,"enemies":"Shelled Parasite and Fungi","floor":28,"turns":3},{"damage":5,"enemies":"Snake Plant","floor":29,"turns":3},{"damage":16,"enemies":"Cultist and Chosen","floor":31,"turns":4}],"seed_played":"5684532389462817810","potions_obtained":[{"floor":3.0,"key":"SteroidPotion"},{"floor":5.0,"key":"LiquidBronze"},{"floor":7.0,"key":"DistilledChaos"},{"floor":11.0,"key":"PowerPotion"},{"floor":16.0,"key":"SkillPotion"},{"floor":17.0,"key":"CultistPotion"},{"floor":18,"key":"BlessingOfTheForge"},{"floor":21,"key":"Fire Potion"},{"floor":22,"key":"Strength Potion"}],"is_trial":false,"path_per_floor":["M","M","M","M","M","R","E","R","T","?","M","?","M","E","R","B",null,"M","$","M","M","M","E","R","E","T","R","M","M","?","M"],"character_chosen":"THE_SILENT","items_purchased":["TwistedFunnel","CeramicFish"],"campfire_rested":2,"item_purchase_floors":[19,19],"current_hp_per_floor":[70,66,66,66,66,66,37,37,37,37,36,36,36,21,42,36,75,67,67,67,55,41,15,37,25,25,25,17,12,12,0,0],"gold":281,"neow_bonus":"RANDOM_COMMON_RELIC","is_daily":false,"chose_seed":false,"campfire_upgraded":3,"win_rate":0.0,"timestamp":1613288672,"path_taken":["M","M","M","M","M","R","E","R","T","?","M","?","M","E","R","BOSS","M","$","M","M","M","E","R","E","T","R","M","M","?","M"],"items_purchased_type":["Relic","Relic"],"build_version":"2020-12-22","purchased_purges":1,"victory":false,"max_hp_per_floor":[70,70,70,70,70,70,70,70,70,70,70,70,70,70,70,70,75,75,75,75,75,75,75,75,75,75,75,75,75,75,75,75],"card_choices":[{"not_picked":["Sucker Punch","Bane"],"picked":"Poisoned Stab","floor":1.0},{"not_picked":["Well Laid Plans","Flying Knee","Accuracy"],"picked":"SKIP","floor":2.0},{"not_picked":["Bouncing Flask","Bane"],"picked":"Tactician","floor":3.0},{"not_picked":["Skewer","Setup"],"picked":"Backflip","floor":4.0},{"not_picked":["Accuracy","Dodge and Roll"],"picked":"Prepared","floor":5.0},{"not_picked":["Outmaneuver","Leg Sweep","Poisoned Stab"],"picked":"SKIP","floor":7.0},{"not_picked":["PiercingWail","Poisoned Stab"],"picked":"Bane","floor":11.0},{"not_picked":["Setup","Backflip"],"picked":"Dagger Throw","floor":13.0},{"not_picked":["Expertise","Slice","Deadly Poison"],"picked":"SKIP","floor":14.0},{"not_picked":["Malaise","Unload"],"picked":"Adrenaline","floor":16.0},{"not_picked":["Cloak And Dagger","Poisoned Stab"],"picked":"Masterful Stab","floor":17.0},{"not_picked":["Masterful Stab","Blade Dance+1"],"picked":"Acrobatics+1","floor":18},{"not_picked":["Blade Dance+1","Acrobatics"],"picked":"Quick Slash","floor":20},{"not_picked":["Accuracy","PiercingWail"],"picked":"Caltrops","floor":21},{"not_picked":["Blade Dance","Deadly Poison","Dagger Throw"],"picked":"SKIP","floor":22},{"not_picked":["Calculated Gamble","Concentrate"],"picked":"A Thousand Cuts","floor":23},{"not_picked":["Riddle With Holes","Deadly Poison+1","PiercingWail"],"picked":"SKIP","floor":25},{"not_picked":["Accuracy+1","Masterful Stab+1","Blade Dance"],"picked":"SKIP","floor":28},{"not_picked":["Cloak And Dagger","Infinite Blades","Dash+1"],"picked":"SKIP","floor":29}],"player_experience":628519,"relics_obtained":[{"floor":7.0,"key":"Letter Opener"},{"floor":9.0,"key":"Unceasing Top"},{"floor":14.0,"key":"Mummified Hand"},{"floor":23,"key":"Girya"},{"floor":25,"key":"Happy Flower"},{"floor":26,"key":"War Paint"}],"event_choices":[{"damage_healed":0.0,"max_hp_gain":0.0,"max_hp_loss":0.0,"gold_gain":0.0,"event_name":"Living Wall","player_choice":"Grow","floor":10.0,"gold_loss":0.0,"damage_taken":0.0,"cards_upgraded":["Survivor"]},{"damage_healed":0.0,"max_hp_gain":0.0,"max_hp_loss":0.0,"gold_gain":0.0,"event_name":"NoteForYourself","player_choice":"Ignored","floor":12.0,"gold_loss":0.0,"damage_taken":0.0},{"damage_healed":0,"gold_gain":0,"player_choice":"Smashed Altar","damage_taken":0,"max_hp_gain":0,"max_hp_loss":0,"event_name":"Forgotten Altar","floor":30,"gold_loss":0,"cards_obtained":["Decay"]}],"is_beta":false,"boss_relics":[{"not_picked":["Calling Bell","Snecko Eye"],"picked":"Tiny House"}],"items_purged_floors":[19],"is_endless":false,"potions_floor_spawned":[3,5,7,11,16,18,21,22],"killed_by":"Cultist and Chosen","ascension_level":1}}