{"host":"vxxgntm1odai56nh","time":1613331439,"event":{"mods":["AchievementEnabler","BaseMod","Colored Map","Colored Powertips","Highlight Path","Minty Spire (QoL Compilation)","Permanent Neow","Rare Cards Sparkle","Relic Stats","StSLib"],"gold_per_floor":[109,121,23,42,42,42,77,77,77,111,111,130,130,154,154,256,256,275,285,285,303,328,360,360,360,360,377,377,397,411,438,438,438,438],"floor_reached":33,"language":"ENG","playtime":1277,"items_purged":[],"score":354,"play_id":"1603df0b-7c44-4182-b9d9-53a61bbf25c7","local_time":"20210214143719","is_ascension_mode":true,"campfire_choices":[{"data":"Bouncing Flask","floor":6,"key":"SMITH"},{"data":"Cloak And Dagger","floor":8,"key":"SMITH"},{"floor":11,"key":"REST"},{"floor":15,"key":"REST"},{"data":"Blade Dance","floor":25,"key":"SMITH"},{"floor":28,"key":"REST"},{"floor":32,"key":"REST"}],"circlet_count":0,"master_deck":["Strike_G","Strike_G","Strike_G","Strike_G","Strike_G","Defend_G","Defend_G","Defend_G","Defend_G","Survivor","Neutralize","Deadly Poison","Cloak And Dagger+1","Bouncing Flask+1","Prepared","Cloak And Dagger+1","Dagger Throw","Dash","Choke","Bullet Time","Flying Knee+1","Blade Dance+1","Catalyst+1","Masterful Stab","Flechettes","Blur+1"],"relics":["Ring of the Snake","Kunai","InkBottle","PreservedInsect","Oddly Smooth Stone","Juzu Bracelet","WristBlade","Boot","Art of War","Nunchaku","Ancient Tea Set","Lantern"],"acts_visited":["Exordium","TheCity"],"potions_floor_usage":[27,29,30,31,33],"damage_taken":[{"damage":0,"enemies":"Cultist","floor":1,"turns":4},{"damage":0,"enemies":"2 Louse","floor":2,"turns":2},{"damage":0,"enemies":"Jaw Worm","floor":4,"turns":3},{"damage":25,"enemies":"Lagavulin","floor":7,"turns":7},{"damage":26,"enemies":"3 Sentries","floor":10,"turns":12},{"damage":6,"enemies":"Blue Slaver","floor":12,"turns":3},{"damage":2,"enemies":"Hexaghost","floor":16,"turns":9},{"damage":16,"enemies":"2 Thieves","floor":18,"turns":5},{"damage":0,"enemies":"Chosen","floor":19,"turns":4},{"damage":5,"enemies":"Snecko","floor":21,"turns":3},{"damage":16,"enemies":"Gremlin Leader","floor":23,"turns":5},{"damage":29,"enemies":"Centurion and Healer","floor":27,"turns":4},{"damage":0,"enemies":"Snake Plant","floor":29,"turns":3},{"damage":27,"enemies":"Cultist and Chosen","floor":30,"turns":6},{"damage":14,"enemies":"Book of Stabbing","floor":31,"turns":3},{"damage":37,"enemies":"Champ","floor":33,"turns":8}],"seed_played":"243648469509802408","potions_obtained":[{"floor":2,"key":"LiquidBronze"},{"floor":12,"key":"BlessingOfTheForge"},{"floor":18,"key":"Regen Potion"},{"floor":29,"key":"Swift Potion"},{"floor":31,"key":"Energy Potion"}],"is_trial":false,"path_per_floor":["M","M","$","M","?","R","E","R","T","E","R","M","?","T","R","B",null,"M","M","?","M","T","E","?","R","T","M","R","M","M","E","R","B"],"character_chosen":"THE_SILENT","items_purchased":["Bouncing Flask","Prepared"],"campfire_rested":4,"item_purchase_floors":[3,3],"current_hp_per_floor":[70,70,70,70,75,75,50,50,50,24,46,40,7,7,29,27,75,59,59,59,54,54,38,38,38,38,23,45,45,18,4,26,0,0],"gold":438,"neow_bonus":"REMOVE_CARD","is_daily":false,"chose_seed":false,"campfire_upgraded":3,"win_rate":0.0,"timestamp":1613331439,"path_taken":["M","?","$","M","?","R","E","R","T","E","R","M","?","?","R","BOSS","M","M","?","M","?","E","?","R","T","M","R","M","M","E","R","BOSS"],"items_purchased_type":["Card","Card"],"build_version":"2020-12-22","purchased_purges":0,"victory":false,"max_hp_per_floor":[70,70,70,70,75,75,75,75,75,75,75,75,75,75,75,75,75,75,75,75,75,75,75,75,75,75,75,75,75,75,75,75,75,75],"relic_stats":{"Nunchaku":[7],"counters":[16,81],"PreservedInsect":86,"Juzu Bracelet":0,"Art of War":[1],"Kunai":[32],"Boot":[17],"obtain_stats":[{"Nunchaku":23,"Lantern":31,"WristBlade":17,"Oddly Smooth Stone":13,"PreservedInsect":10,"Juzu Bracelet":14,"Art of War":22,"Kunai":7,"Boot":20,"Ancient Tea Set":26,"InkBottle":9,"Ring of the Snake":0},{"Nunchaku":11,"Lantern":15,"WristBlade":7,"Oddly Smooth Stone":6,"PreservedInsect":5,"Juzu Bracelet":6,"Art of War":10,"Kunai":4,"Boot":9,"Ancient Tea Set":11,"InkBottle":4,"Ring of the Snake":0},{"Nunchaku":57,"Lantern":73,"WristBlade":40,"Oddly Smooth Stone":31,"PreservedInsect":28,"Juzu Bracelet":31,"Art of War":52,"Kunai":16,"Boot":49,"Ancient Tea Set":57,"InkBottle":16,"Ring of the Snake":0}],"InkBottle":[25],"Ring of the Snake":[32]},"card_choices":[{"not_picked":["Poisoned Stab","Deflect"],"picked":"Deadly Poison","floor":1},{"not_picked":["Setup","Dagger Spray"],"picked":"Cloak And Dagger","floor":2},{"not_picked":["Heel Hook","Outmaneuver"],"picked":"Cloak And Dagger","floor":4},{"not_picked":["Predator","Escape Plan"],"picked":"Dagger Throw","floor":7},{"not_picked":["Eviscerate","Flechettes"],"picked":"Dash","floor":10},{"not_picked":["Dagger Throw","Dagger Spray"],"picked":"Choke","floor":12},{"not_picked":["Wraith Form v2","Malaise"],"picked":"Bullet Time","floor":16},{"not_picked":["Deflect","Crippling Poison"],"picked":"Flying Knee+1","floor":18},{"not_picked":["Cloak And Dagger","Dodge and Roll+1"],"picked":"Blade Dance","floor":19},{"not_picked":["Cloak And Dagger","Choke"],"picked":"Catalyst+1","floor":21},{"not_picked":["Prepared","Deadly Poison"],"picked":"Masterful Stab","floor":23},{"not_picked":["Dagger Spray","Concentrate","Dodge and Roll"],"picked":"SKIP","floor":27},{"not_picked":["Riddle With Holes","Prepared","Poisoned Stab"],"picked":"SKIP","floor":29},{"not_picked":["Outmaneuver","Bouncing Flask"],"picked":"Flechettes","floor":30},{"not_picked":["Prepared+1","Heel Hook"],"picked":"Blur+1","floor":31}],"player_experience":146816,"relics_obtained":[{"floor":7,"key":"Kunai"},{"floor":9,"key":"InkBottle"},{"floor":10,"key":"PreservedInsect"},{"floor":14,"key":"Juzu Bracelet"},{"floor":22,"key":"Art of War"},{"floor":23,"key":"Nunchaku"},{"floor":26,"key":"Ancient Tea Set"},{"floor":31,"key":"Lantern"}],"event_choices":[{"damage_healed":0,"gold_gain":0,"player_choice":"Donut","damage_taken":0,"max_hp_gain":5,"max_hp_loss":0,"event_name":"Big Fish","floor":5,"gold_loss":0},{"damage_healed":0,"gold_gain":0,"player_choice":"Success","damage_taken":33,"relics_obtained":["Oddly Smooth Stone"],"max_hp_gain":0,"max_hp_loss":0,"event_name":"Scrap Ooze","floor":13,"gold_loss":0},{"damage_healed":0,"gold_gain":0,"player_choice":"Opened","damage_taken":0,"relics_obtained":["Boot"],"max_hp_gain":0,"max_hp_loss":0,"event_name":"The Mausoleum","floor":20,"gold_loss":0},{"damage_healed":0,"gold_gain":0,"player_choice":"Forge","damage_taken":0,"max_hp_gain":0,"max_hp_loss":0,"event_name":"Accursed Blacksmith","floor":24,"gold_loss":0,"cards_upgraded":["Cloak And Dagger"]}],"is_beta":false,"boss_relics":[{"not_picked":["Runic Pyramid","Coffee Dripper"],"picked":"WristBlade"}],"items_purged_floors":[],"is_endless":false,"potions_floor_spawned":[2,12,18,29,31],"killed_by":"Champ","ascension_level":4}}