{"host":"0qlfu2o3d09qumlb","time":1613267484,"event":{"mods":["BaseMod","Colored Powertips","Minty Spire (QoL Compilation)","StSLib"],"gold_per_floor":[114,133,133,58,58,58,87,49,49,49,49,49,49,49,49,49,49],"floor_reached":16,"language":"ENG","playtime":2555,"items_purged":["Strike_P"],"score":94,"play_id":"28f66446-0e17-4c22-938a-f4809d724a04","local_time":"20210213205124","is_ascension_mode":false,"campfire_choices":[{"data":"Eruption","floor":6.0,"key":"SMITH"},{"floor":13.0,"key":"REST"},{"data":"WindmillStrike","floor":15.0,"key":"SMITH"}],"circlet_count":0,"master_deck":["Strike_P","Strike_P","Defend_P","Defend_P","Defend_P","Eruption+1","Vigilance+1","Swift Strike","Swivel+1","Protect","Vault+1","WindmillStrike+1"],"relics":["PureWater","Juzu Bracelet","Bottled Lightning"],"acts_visited":[],"potions_floor_usage":[16],"damage_taken":[{"damage":0.0,"enemies":"Jaw Worm","floor":1.0,"turns":5.0},{"damage":2.0,"enemies":"Small Slimes","floor":2.0,"turns":4.0},{"damage":10.0,"enemies":"Lagavulin","floor":7.0,"turns":9.0},{"damage":66,"enemies":"Hexaghost","floor":16,"turns":12}],"seed_played":"3734524256806548386","potions_obtained":[{"floor":1.0,"key":"ColorlessPotion"}],"is_trial":false,"path_per_floor":["M","M","?","$","?","R","E","$","T","?","?","?","R","$","R","B"],"character_chosen":"WATCHER","items_purchased":["WindmillStrike"],"campfire_rested":1,"item_purchase_floors":[8],"current_hp_per_floor":[72,70,63,63,63,63,53,53,53,53,39,32,53,53,53,0,0],"gold":49,"neow_bonus":"RANDOM_COLORLESS","is_daily":false,"chose_seed":false,"campfire_upgraded":2,"win_rate":0.0,"timestamp":1613267484,"path_taken":["M","M","?","$","?","R","E","$","T","?","?","?","R","$","R","BOSS"],"items_purchased_type":["Card"],"build_version":"2020-12-22","purchased_purges":1,"victory":false,"max_hp_per_floor":[72,72,72,72,72,72,72,72,72,72,72,72,72,72,72,72,72],"card_choices":[{"not_picked":["Madness","Finesse"],"picked":"Swift Strike","floor":0.0},{"not_picked":["Protect","ClearTheMind"],"picked":"Swivel","floor":1.0},{"not_picked":["Collect","FlurryOfBlows"],"picked":"Protect","floor":2.0},{"not_picked":["Conclude","SandsOfTime"],"picked":"Vault","floor":7.0}],"player_experience":274948,"relics_obtained":[{"floor":7.0,"key":"Juzu Bracelet"},{"floor":9.0,"key":"Bottled Lightning"}],"event_choices":[{"cards_removed":["Strike_P"],"damage_healed":0.0,"max_hp_gain":0.0,"max_hp_loss":0.0,"gold_gain":0.0,"event_name":"Golden Wing","player_choice":"Card Removal","floor":3.0,"gold_loss":0.0,"damage_taken":7.0},{"cards_removed":["Defend_P"],"damage_healed":0.0,"max_hp_gain":0.0,"max_hp_loss":0.0,"gold_gain":0.0,"event_name":"Living Wall","player_choice":"Forget","floor":5.0,"gold_loss":0.0,"damage_taken":0.0},{"damage_healed":0.0,"max_hp_gain":0.0,"max_hp_loss":0.0,"gold_gain":0.0,"event_name":"Accursed Blacksmith","player_choice":"Forge","floor":10.0,"gold_loss":0.0,"damage_taken":0.0,"cards_upgraded":["Vault"]},{"damage_healed":0.0,"max_hp_gain":0.0,"max_hp_loss":0.0,"gold_gain":0.0,"event_name":"Shining Light","player_choice":"Entered Light","floor":11.0,"gold_loss":0.0,"damage_taken":14.0,"cards_upgraded":["Swivel","Vigilance"]},{"damage_healed":0.0,"max_hp_gain":0.0,"max_hp_loss":0.0,"gold_gain":0.0,"event_name":"Scrap Ooze","player_choice":"Fled","floor":12.0,"gold_loss":0.0,"damage_taken":7.0}],"is_beta":false,"boss_relics":[],"items_purged_floors":[4],"is_endless":false,"potions_floor_spawned":[1],"killed_by":"Hexaghost","ascension_level":0}}