{"host":"vumwfieg2b2mnrfl","time":1613261453,"event":{"mods":["AchievementEnabler","BaseMod","Minty Spire (QoL Compilation)","Rare Cards Sparkle","Relic Stats"],"gold_per_floor":[116,191,156,168,168,168,0,30,56,88,98,98,118,143,143,143,143],"floor_reached":16,"language":"ENG","playtime":399,"items_purged":[],"score":236,"play_id":"26cfaddd-1b5a-4a83-8dcb-4326fd157bdd","local_time":"20210213181053","is_ascension_mode":true,"campfire_choices":[{"data":"Bash","floor":6.0,"key":"SMITH"},{"floor":12,"key":"REST"},{"data":"Armaments","floor":15,"key":"SMITH"}],"circlet_count":0,"master_deck":["AscendersBane","Strike_R","Strike_R","Strike_R","Strike_R","Strike_R","Defend_R","Defend_R","Defend_R","Defend_R","Bash+1","Cleave","Evolve","Limit Break","Heavy Blade","Limit Break","Spot Weakness","Armaments+1","Ghostly Armor"],"relics":["Burning Blood","Bag of Marbles","Strawberry","Boot","Smiling Mask","Pantograph"],"acts_visited":["Exordium"],"potions_floor_usage":[14,16,16],"damage_taken":[{"damage":7.0,"enemies":"Jaw Worm","floor":1.0,"turns":4.0},{"damage":5.0,"enemies":"Small Slimes","floor":4.0,"turns":3.0},{"damage":32.0,"enemies":"Gremlin Nob","floor":8.0,"turns":4.0},{"damage":50,"enemies":"Lagavulin","floor":10,"turns":8},{"damage":2,"enemies":"2 Louse","floor":11,"turns":3},{"damage":12,"enemies":"Looter","floor":13,"turns":3},{"damage":15,"enemies":"3 Sentries","floor":14,"turns":6},{"damage":60,"enemies":"Hexaghost","floor":16,"turns":10}],"seed_played":"8775190396200782842","potions_obtained":[{"floor":4.0,"key":"Explosive Potion"},{"floor":13,"key":"Block Potion"},{"floor":14,"key":"Block Potion"}],"is_trial":false,"path_per_floor":["M","?","?","M","?","R","$","E","T","E","M","R","M","E","R","B"],"character_chosen":"IRONCLAD","items_purchased":["Limit Break"],"campfire_rested":1,"item_purchase_floors":[7],"current_hp_per_floor":[74,63,82,82,77,77,77,58,58,14,18,44,38,29,29,0,0],"gold":143,"neow_bonus":"TEN_PERCENT_HP_BONUS","is_daily":false,"chose_seed":false,"campfire_upgraded":2,"win_rate":0.0,"timestamp":1613261453,"path_taken":["M","?","?","M","?","R","$","E","T","E","M","R","M","E","R","BOSS"],"items_purchased_type":["Card"],"build_version":"2020-12-22","purchased_purges":0,"victory":false,"max_hp_per_floor":[82,82,82,82,82,82,82,89,89,89,89,89,89,89,89,89,89],"relic_stats":{"counters":[8,41],"Pantograph":25,"Boot":[3],"Smiling Mask":0,"obtain_stats":[{"Strawberry":8,"Pantograph":14,"Bag of Marbles":5,"Boot":9,"Smiling Mask":10,"Burning Blood":0},{"Strawberry":3,"Pantograph":7,"Bag of Marbles":2,"Boot":3,"Smiling Mask":4,"Burning Blood":0},{"Strawberry":11,"Pantograph":31,"Bag of Marbles":7,"Boot":11,"Smiling Mask":19,"Burning Blood":0}],"Burning Blood":41},"card_choices":[{"not_picked":["Twin Strike","Searing Blow"],"picked":"Cleave","floor":1.0},{"not_picked":["Flex","Headbutt"],"picked":"Evolve","floor":4.0},{"not_picked":["Iron Wave","True Grit"],"picked":"Heavy Blade","floor":8.0},{"not_picked":["Iron Wave","Pummel"],"picked":"Limit Break","floor":10},{"not_picked":["Wild Strike","Evolve"],"picked":"Spot Weakness","floor":11},{"not_picked":["Second Wind","Anger"],"picked":"Armaments","floor":13},{"not_picked":["Wild Strike","Pommel Strike"],"picked":"Ghostly Armor","floor":14}],"player_experience":556352,"relics_obtained":[{"floor":8.0,"key":"Strawberry"},{"floor":9.0,"key":"Boot"},{"floor":10,"key":"Smiling Mask"},{"floor":14,"key":"Pantograph"}],"event_choices":[{"damage_healed":0.0,"max_hp_gain":0.0,"max_hp_loss":0.0,"gold_gain":75.0,"event_name":"World of Goop","player_choice":"Gather Gold","floor":2.0,"gold_loss":0.0,"damage_taken":11.0},{"damage_healed":20.0,"max_hp_gain":0.0,"max_hp_loss":0.0,"gold_gain":0.0,"event_name":"The Cleric","player_choice":"Healed","floor":3.0,"gold_loss":35.0,"damage_taken":0.0},{"damage_healed":0.0,"max_hp_gain":0.0,"max_hp_loss":0.0,"gold_gain":0.0,"event_name":"Scrap Ooze","player_choice":"Success","floor":5.0,"gold_loss":0.0,"damage_taken":5.0,"relics_obtained":["Bag of Marbles"]}],"is_beta":false,"boss_relics":[],"items_purged_floors":[],"is_endless":false,"potions_floor_spawned":[4,13,14],"killed_by":"Hexaghost","ascension_level":20}}