{"host":"adt9pv9dmmkchns7","time":1613307992,"event":{"mods":["AchievementEnabler","Aspiration","BaseMod","Beaked The Cultist","Better Third Choice","Curses Come First","Energized Spire","Minty Spire (QoL Compilation)","Permanent Neow","Potionbrewer","Quick Restart","Reliquary","Replay The Spire","Robot Space Explorer","Shade Mod","Spicy Shops","StSLib","The Blackbeard","The Cursed","The Forsaken","The Gatherer","The Necromancer","Wandering Minibosses"],"gold_per_floor":[110,110,130,148,148,179,179,222,222,222,263,263,276,309,309,440,440,461,484,502,527,552,585,610,654,654,654,672,672,715,727,739,874,886,912,989,1021,1051,429,464,464,797,797,797,814,846,860,890,890,890,890,890,14,41,41],"floor_reached":56,"language":"ENG","playtime":10581,"items_purged":["Overencumbered","Pain"],"score":1797,"play_id":"b1dc6248-8a06-4515-9397-18190ae188e7","local_time":"20210214140632","is_ascension_mode":true,"metric_token":1489,"campfire_choices":[{"floor":7,"key":"RECALL"},{"floor":10,"key":"REST"},{"data":"Gatherer:ColorfulGarden","floor":15,"key":"SMITH"},{"data":"Gatherer:Herbalism","floor":27,"key":"SMITH"},{"data":"Gatherer:LuckyClover","floor":29,"key":"SMITH"},{"data":"Gatherer:Pollute","floor":32,"key":"SMITH"},{"data":"Gatherer:Centralize","floor":41,"key":"SMITH"},{"data":"Gatherer:MindSearch","floor":49,"key":"SMITH"},{"data":"Gatherer:BalancedGrowth","floor":52,"key":"SMITH"}],"circlet_count":0,"master_deck":["Gatherer:Strike_Gatherer","Gatherer:Strike_Gatherer","Gatherer:Strike_Gatherer","Gatherer:Strike_Gatherer","Gatherer:Strike_Gatherer","Gatherer:Defend_Gatherer","Gatherer:Defend_Gatherer","Gatherer:Defend_Gatherer","Gatherer:Defend_Gatherer","Gatherer:Defend_Gatherer","Gatherer:Centralize+1","Gatherer:FlowerWhip","Gatherer:GlowingPlant","Gatherer:Shadow+1","Gatherer:Light","Gatherer:ColorfulGarden+1","Gatherer:EnergyBasket","Gatherer:Polymorphism","Gatherer:GlowingPlant","Gatherer:Shadow","Gatherer:Light","Gatherer:BalancedGrowth+1","Gatherer:FlowerShield","Gatherer:SaveValuables","Gatherer:StoneFence","Gatherer:TreeGrowth","Gatherer:SaveValuables","Gatherer:WoolGloves+1","Gatherer:QuickSynthesis+1","Gatherer:GlowingPlant+1","Gatherer:Shadow","Gatherer:Light","Gatherer:LuckyClover+1","Gatherer:Herbalism+1","Gatherer:TacticalStrike+1","Gatherer:RecoveryHerb+1","Gatherer:Snatch+1","Gatherer:Photoscythe","Gatherer:SaveValuables+1","Gatherer:Pollute+1","Gatherer:FlowerFalling+1","Gatherer:AlchemyTrial","Gatherer:VenomBarrier","Gatherer:PoisonMastery","Gatherer:CollectorsShot+1","Gatherer:GlowingPlant+1","Gatherer:Shadow","Gatherer:Light","Gatherer:FlowerFalling+1","Gatherer:Bulldoze","Gatherer:UpgradeBag","Gatherer:MindSearch+1","Gatherer:BlackTea","Gatherer:CollectorsShot","Gatherer:TreeGrowth+1","Gatherer:GlowingPlant+1","Gatherer:Shadow","Gatherer:Light"],"relics":["Gatherer:AlchemyBag","aspiration:Nostalgia","Vampire_Amulet","reliquary:QuartzCube","Replay:Mystery Machine","Oddly Smooth Stone","Prayer Wheel","energizedSpire:DeadBattery","Mango","Singing Bowl","Juzu Bracelet","MawBank","Cursed Key","potionbrewer:AlchemistFlask","wanderingMiniBosses:AbyssPearl","Strange Spoon","ClockworkSouvenir","Divine Protection","potionbrewer:Torch","Quantum Egg","Ring of Panic","Ring of Fangs","Garlic","Mummified Hand","OrangePellets","reliquary:RoseTintedGlasses","Snack Pack","theForsaken:ScaryMask"],"acts_visited":["Exordium","TheCity","TheBeyond","TheEnding"],"potions_floor_usage":[6,14,19,21,24,24,36,45,46,46,54,55,55,55],"damage_taken":[{"damage":0,"enemies":"2 Louse","floor":1,"turns":3},{"damage":0,"enemies":"Jaw Worm","floor":3,"turns":3},{"damage":3,"enemies":"Small Slimes","floor":4,"turns":7},{"damage":37,"enemies":"Gremlin Nob","floor":6,"turns":5},{"damage":9,"enemies":"3 Sentries","floor":8,"turns":10},{"damage":0,"enemies":"Replay:BlueRogue","floor":11,"turns":8},{"damage":4,"enemies":"Blue Slaver","floor":13,"turns":4},{"damage":4,"enemies":"Gremlin Nob","floor":14,"turns":4},{"damage":0,"enemies":"Slime Boss","floor":16,"turns":7},{"damage":18,"enemies":"2 Thieves","floor":18,"turns":5},{"damage":0,"enemies":"Spheric Guardian","floor":19,"turns":1},{"damage":19,"enemies":"Snake Plant","floor":20,"turns":6},{"damage":7,"enemies":"Chosen and Byrds","floor":21,"turns":10},{"damage":0,"enemies":"3 Cultists","floor":22,"turns":7},{"damage":0,"enemies":"Gremlin Leader","floor":23,"turns":7},{"damage":13,"enemies":"Snake Plant","floor":24,"turns":6},{"damage":9,"enemies":"Replay:Snechameleon","floor":25,"turns":6},{"damage":0,"enemies":"Snecko","floor":28,"turns":7},{"damage":28,"enemies":"Book of Stabbing","floor":30,"turns":6},{"damage":19,"enemies":"Automaton","floor":33,"turns":10},{"damage":0,"enemies":"3 Shapes","floor":35,"turns":5},{"damage":91,"enemies":"2 Orb Walkers","floor":36,"turns":6},{"damage":0,"enemies":"3 Darklings","floor":37,"turns":5},{"damage":0,"enemies":"Jaw Worm Horde","floor":38,"turns":5},{"damage":0,"enemies":"Nemesis","floor":40,"turns":5},{"damage":0,"enemies":"Transient","floor":45,"turns":5},{"damage":5,"enemies":"Giant Head","floor":46,"turns":7},{"damage":0,"enemies":"4 Shapes","floor":47,"turns":5},{"damage":0,"enemies":"Nemesis","floor":48,"turns":5},{"damage":21,"enemies":"Time Eater","floor":50,"turns":8},{"damage":0,"enemies":"Shield and Spear","floor":54,"turns":5},{"damage":40,"enemies":"The Heart","floor":55,"turns":9}],"seed_played":"2165340095897301367","potions_obtained":[{"floor":1,"key":"Fire Potion"},{"floor":11,"key":"ColorlessPotion"},{"floor":16,"key":"potionbrewer:AcidPotion"},{"floor":20,"key":"Block Potion"},{"floor":22,"key":"potionbrewer:FreezingPotion"},{"floor":23,"key":"LiquidMemories"},{"floor":30,"key":"potionbrewer:NoxiousPotion"},{"floor":38,"key":"Fire Potion"},{"floor":40,"key":"BottledMiracle"},{"floor":45,"key":"Fire Potion"}],"is_trial":false,"path_per_floor":["M","?","M","M","?","E","R","E","T","R","E","?","M","E","R","B",null,"M","M","M","M","M","E","M","E","T","R","M","R","E","?","R","B",null,"M","?","M","M","$","E","R","?","T","?","M","E","M","E","R","B",null,"R","$","E","B",null],"character_chosen":"THE_GATHERER","items_purchased":["Strange Spoon","ClockworkSouvenir","Divine Protection","Gatherer:UpgradeBag","OrangePellets","reliquary:RoseTintedGlasses","Block Potion","SkillPotion","Snack Pack","BottledMiracle"],"campfire_rested":1,"item_purchase_floors":[39,39,39,39,53,53,53,53,53,53],"current_hp_per_floor":[72,72,72,71,53,18,18,15,15,36,38,38,36,34,34,38,72,58,60,43,40,46,76,68,64,64,64,71,71,49,49,49,40,88,90,8,19,27,27,39,39,39,39,39,49,51,59,71,71,57,100,100,100,100,70],"gold":41,"neow_bonus":"NOSTALGIA","is_daily":false,"chose_seed":false,"campfire_upgraded":7,"win_rate":0.0,"timestamp":1613307992,"path_taken":["M","?","M","M","?","E","R","E","T","R","E","?","M","E","R","BOSS","M","M","M","M","M","E","M","E","T","R","M","R","E","?","R","BOSS","M","?","M","M","$","E","R","?","T","?","M","E","M","E","R","BOSS","R","$","E","BOSS"],"items_purchased_type":["Relic","Relic","Relic","Card","Relic","Relic","Potion","Potion","Relic","Potion"],"build_version":"2020-12-22","purchased_purges":2,"victory":true,"max_hp_per_floor":[72,72,72,72,72,72,72,72,72,72,72,72,72,72,72,72,72,72,72,72,72,72,86,86,86,86,86,88,88,88,88,88,88,88,90,92,92,94,94,96,96,96,96,96,98,98,98,100,100,100,100,100,100,100,100],"card_choices":[{"not_picked":["Gatherer:Convert","Gatherer:TreeGrowth"],"picked":"Gatherer:GlowingPlant","floor":1},{"not_picked":["Gatherer:FlowerFalling","Gatherer:Convert"],"picked":"Gatherer:ColorfulGarden","floor":3},{"not_picked":["Gatherer:PotentialSlash","Gatherer:Frenzy"],"picked":"Gatherer:EnergyBasket","floor":4},{"not_picked":["Gatherer:Convert","Gatherer:CollectorsShot"],"picked":"Gatherer:Polymorphism","floor":6},{"not_picked":["Gatherer:TacticalStrike","Gatherer:Misfortune"],"picked":"Gatherer:GlowingPlant","floor":8},{"not_picked":["Gatherer:Convert","Gatherer:StoneFence"],"picked":"Gatherer:BalancedGrowth","floor":11},{"not_picked":["Gatherer:ScherryThrow","Gatherer:CollectorsShot"],"picked":"Gatherer:FlowerShield","floor":13},{"not_picked":["Gatherer:GatherMaterial","Gatherer:SmartManeuver"],"picked":"Gatherer:SaveValuables","floor":14},{"not_picked":["Gatherer:BomberForm","Gatherer:ColorfulGarden"],"picked":"Gatherer:StoneFence","floor":16},{"not_picked":["Gatherer:UpgradeBag","Gatherer:FlowerFalling"],"picked":"Gatherer:TreeGrowth","floor":18},{"not_picked":["Gatherer:WoolGloves","Gatherer:BomberForm"],"picked":"Gatherer:SaveValuables","floor":18},{"not_picked":["Gatherer:FlowerShield","Gatherer:Solidify+1"],"picked":"Gatherer:WoolGloves+1","floor":19},{"not_picked":["Gatherer:PotentialSlash","Gatherer:SmartManeuver+1"],"picked":"Gatherer:QuickSynthesis+1","floor":19},{"not_picked":["Gatherer:PotentialSlash","Gatherer:EnergyBasket"],"picked":"Gatherer:GlowingPlant+1","floor":20},{"not_picked":["Gatherer:SaveValuables","Gatherer:FruitForce"],"picked":"Gatherer:LuckyClover","floor":20},{"not_picked":["Gatherer:QuickSynthesis","Gatherer:UpgradeBag"],"picked":"Gatherer:Herbalism","floor":21},{"not_picked":["Gatherer:ScherryThrow","Gatherer:PotentialSlash+1"],"picked":"Gatherer:TacticalStrike+1","floor":21},{"not_picked":["Gatherer:FlowerShield","Gatherer:TreeGrowth"],"picked":"Gatherer:RecoveryHerb+1","floor":22},{"not_picked":["Gatherer:PotentialSlash","Gatherer:AcidicSpray"],"picked":"Gatherer:Snatch+1","floor":22},{"not_picked":["Gatherer:PotentialSlash","Gatherer:WoolGloves+1"],"picked":"Gatherer:Photoscythe","floor":23},{"not_picked":["Gatherer:EnergyBasket","Gatherer:TacticalStrike"],"picked":"Gatherer:SaveValuables+1","floor":24},{"not_picked":["Gatherer:SealedBomb","Gatherer:AromaProtection"],"picked":"Gatherer:Pollute","floor":24},{"not_picked":["Gatherer:SealedBomb+1","Gatherer:BambuSword"],"picked":"Gatherer:FlowerFalling+1","floor":25},{"not_picked":["Gatherer:ScherryThrow","Gatherer:FlowerShield"],"picked":"Gatherer:AlchemyTrial","floor":28},{"not_picked":["Gatherer:SealedBomb","Gatherer:DrugPower","Gatherer:PotentialSlash"],"picked":"Singing Bowl","floor":28},{"not_picked":["Gatherer:FruitForce+1","Gatherer:Polymorphism"],"picked":"Gatherer:VenomBarrier","floor":30},{"not_picked":["Gatherer:HeartToFruit","Gatherer:Overflowing"],"picked":"Gatherer:PoisonMastery","floor":33},{"not_picked":["Gatherer:Solidify","Gatherer:QuickSynthesis","Gatherer:FlowerFalling"],"picked":"Singing Bowl","floor":35},{"not_picked":["Gatherer:FlowerFalling","Gatherer:Uplift"],"picked":"Gatherer:CollectorsShot+1","floor":35},{"not_picked":["Gatherer:Solidify+1","Gatherer:Pollute","Gatherer:PotentialSlash"],"picked":"Singing Bowl","floor":36},{"not_picked":["Gatherer:CarefulStrike","Gatherer:OddSpoils+1"],"picked":"Gatherer:GlowingPlant+1","floor":37},{"not_picked":["Gatherer:Frenzy+1","Gatherer:AromaProtection"],"picked":"Gatherer:FlowerFalling+1","floor":37},{"not_picked":["Gatherer:Solidify","Gatherer:Frenzy","Gatherer:OddSpoils"],"picked":"Singing Bowl","floor":38},{"not_picked":["Gatherer:CollectorsShot+1","Gatherer:FlowerFalling"],"picked":"Gatherer:Bulldoze","floor":38},{"not_picked":["Gatherer:FragileHammer+1","Gatherer:DrugPower+1","Gatherer:SaveValuables+1"],"picked":"Singing Bowl","floor":40},{"not_picked":["Gatherer:Snatch+1","Gatherer:Duality+1","Gatherer:SaveValuables+1"],"picked":"Singing Bowl","floor":45},{"not_picked":["Gatherer:AromaProtection+1","Gatherer:QuickSynthesis"],"picked":"Gatherer:MindSearch","floor":45},{"not_picked":["Gatherer:AcidicSpray+1","Gatherer:ScentOfRosmari+1"],"picked":"Gatherer:BlackTea","floor":46},{"not_picked":["Gatherer:WoolGloves+1","Gatherer:GatherMaterial+1"],"picked":"Gatherer:CollectorsShot","floor":47},{"not_picked":["Gatherer:PotentialSlash","Gatherer:BambuSword+1"],"picked":"Gatherer:TreeGrowth+1","floor":47},{"not_picked":["Gatherer:FeelingFine","Gatherer:Herbalism+1","Gatherer:Duplicator"],"picked":"Singing Bowl","floor":48},{"not_picked":["Gatherer:Overflowing","Gatherer:FeelingFine+1"],"picked":"Gatherer:GlowingPlant+1","floor":54}],"player_experience":940942,"relics_obtained":[{"floor":6,"key":"reliquary:QuartzCube"},{"floor":8,"key":"Replay:Mystery Machine"},{"floor":11,"key":"Oddly Smooth Stone"},{"floor":14,"key":"Prayer Wheel"},{"floor":23,"key":"Mango"},{"floor":25,"key":"Singing Bowl"},{"floor":26,"key":"Juzu Bracelet"},{"floor":30,"key":"MawBank"},{"floor":36,"key":"potionbrewer:AlchemistFlask"},{"floor":36,"key":"wanderingMiniBosses:AbyssPearl"},{"floor":40,"key":"potionbrewer:Torch"},{"floor":43,"key":"Quantum Egg"},{"floor":44,"key":"Ring of Panic"},{"floor":44,"key":"Ring of Fangs"},{"floor":46,"key":"Garlic"},{"floor":48,"key":"Mummified Hand"},{"floor":54,"key":"theForsaken:ScaryMask"}],"event_choices":[{"damage_healed":0,"gold_gain":0,"player_choice":"Ignored","damage_taken":0,"max_hp_gain":0,"max_hp_loss":0,"event_name":"Golden Wing","floor":2,"gold_loss":0},{"damage_healed":0,"gold_gain":0,"player_choice":"Take Damage","damage_taken":18,"relics_obtained":["Golden Idol"],"max_hp_gain":0,"max_hp_loss":0,"event_name":"Golden Idol","floor":5,"gold_loss":0},{"damage_healed":0,"gold_gain":0,"player_choice":"Ignored","damage_taken":0,"max_hp_gain":0,"max_hp_loss":0,"event_name":"Ghosts","floor":31,"gold_loss":0},{"damage_healed":0,"gold_gain":0,"player_choice":"Fight","damage_taken":0,"max_hp_gain":0,"max_hp_loss":0,"event_name":"Mysterious Sphere","floor":36,"gold_loss":0},{"damage_healed":0,"gold_gain":333,"player_choice":"Gave Idol","damage_taken":0,"max_hp_gain":0,"max_hp_loss":0,"event_name":"The Moai Head","floor":42,"relics_lost":["Golden Idol"],"gold_loss":0}],"is_beta":false,"boss_relics":[{"not_picked":["Replay:Ancient Bell","potionbrewer:BhaskarasWheel"],"picked":"energizedSpire:DeadBattery"},{"not_picked":["Busted Crown","beaked:MawFillet"],"picked":"Cursed Key"}],"items_purged_floors":[53,53],"is_endless":false,"potions_floor_spawned":[1,11,16,20,22,23,30,38,40,45,54],"ascension_level":2}}