{"host":"27c1zwn2rxlukojz","time":1613344074,"event":{"mods":["BaseMod","Filter the Spire","Minty Spire (QoL Compilation)","Relic Stats","StSLib"],"gold_per_floor":[114,127,127,140,151,178,178,207,277,306,306,317,317,333,333,412,412,432,443,459,459,469,500,500,500,500,532,548,548,548],"floor_reached":29,"language":"DEU","playtime":1531,"items_purged":[],"score":515,"play_id":"ab47ac10-8b07-4e2c-a852-ad42cfdd9d45","local_time":"20210215000754","is_ascension_mode":true,"campfire_choices":[{"data":"Streamline","floor":7,"key":"SMITH"},{"floor":13,"key":"REST"},{"data":"Barrage","floor":15,"key":"SMITH"},{"data":"Hologram","floor":24,"key":"SMITH"}],"circlet_count":0,"master_deck":["AscendersBane","Strike_B","Strike_B","Defend_B","Defend_B","Defend_B","Defend_B","Zap","Dualcast","Streamline+1","Compile Driver","Core Surge","Glacier","Barrage+1","Glacier","Hologram+1","Streamline","Genetic Algorithm+1","Echo Form","BootSequence+1","Cold Snap+1","Aggregate+1","Coolheaded+1","Chaos+1","Blizzard","Multi-Cast+1","Tempest+1"],"relics":["Snecko Eye","Oddly Smooth Stone","Emotion Chip","Toxic Egg 2","Omamori","NlothsMask","Philosopher\u0027s Stone","InkBottle","Pen Nib"],"acts_visited":["Exordium","TheCity"],"potions_floor_usage":[16,16,29],"damage_taken":[{"damage":2,"enemies":"2 Louse","floor":1,"turns":3},{"damage":1,"enemies":"Cultist","floor":2,"turns":4},{"damage":0,"enemies":"Small Slimes","floor":4,"turns":3},{"damage":0,"enemies":"3 Louse","floor":5,"turns":2},{"damage":8,"enemies":"3 Sentries","floor":6,"turns":7},{"damage":0,"enemies":"Lagavulin","floor":8,"turns":7},{"damage":34,"enemies":"Gremlin Nob","floor":10,"turns":7},{"damage":11,"enemies":"Exordium Thugs","floor":12,"turns":4},{"damage":5,"enemies":"Looter","floor":14,"turns":3},{"damage":16,"enemies":"Slime Boss","floor":16,"turns":8},{"damage":0,"enemies":"Spheric Guardian","floor":18,"turns":4},{"damage":0,"enemies":"2 Thieves","floor":19,"turns":5},{"damage":5,"enemies":"Centurion and Healer","floor":20,"turns":7},{"damage":0,"enemies":"3 Cultists","floor":22,"turns":6},{"damage":9,"enemies":"Slavers","floor":23,"turns":6},{"damage":3,"enemies":"Book of Stabbing","floor":27,"turns":4},{"damage":21,"enemies":"Snake Plant","floor":28,"turns":4},{"damage":23,"enemies":"Slavers","floor":29,"turns":1}],"seed_played":"4286229613803598822","potions_obtained":[{"floor":1,"key":"EntropicBrew"},{"floor":5,"key":"SpeedPotion"},{"floor":12,"key":"Fire Potion"},{"floor":27,"key":"Dexterity Potion"}],"is_trial":false,"path_per_floor":["M","M","?","M","M","E","R","E","T","E","?","M","R","M","R","B",null,"M","M","M","?","M","E","R","?","T","E","M","E"],"character_chosen":"DEFECT","items_purchased":[],"campfire_rested":1,"item_purchase_floors":[],"current_hp_per_floor":[66,65,65,65,65,57,57,57,57,23,23,12,34,29,29,13,60,60,60,55,55,55,46,46,46,46,43,22,0,0],"gold":548,"neow_bonus":"BOSS_RELIC","is_daily":false,"chose_seed":false,"campfire_upgraded":3,"win_rate":0.0,"timestamp":1613344074,"path_taken":["M","M","?","M","M","E","R","E","T","E","?","M","R","M","R","BOSS","M","?","M","?","M","E","R","?","T","E","?","E"],"items_purchased_type":[],"build_version":"2020-12-22","purchased_purges":0,"victory":false,"max_hp_per_floor":[75,75,75,75,75,75,75,75,75,75,75,75,75,75,75,75,75,75,75,75,75,75,75,75,75,75,75,75,75,75],"relic_stats":{"Emotion Chip":[26,4,19,2,1],"counters":[18,85],"Snecko Eye":[153,155,136,143],"Pen Nib":[0],"obtain_stats":[{"Emotion Chip":8,"Snecko Eye":0,"Oddly Smooth Stone":6,"Philosopher\u0027s Stone":17,"Pen Nib":27,"Omamori":10,"Toxic Egg 2":9,"Cracked Core":0,"InkBottle":23,"NlothsMask":11},{"Emotion Chip":6,"Snecko Eye":0,"Oddly Smooth Stone":5,"Philosopher\u0027s Stone":10,"Pen Nib":16,"Omamori":7,"Toxic Egg 2":6,"Cracked Core":0,"InkBottle":15,"NlothsMask":7},{"Emotion Chip":26,"Snecko Eye":0,"Oddly Smooth Stone":19,"Philosopher\u0027s Stone":48,"Pen Nib":80,"Omamori":33,"Toxic Egg 2":26,"Cracked Core":0,"InkBottle":76,"NlothsMask":33}],"InkBottle":[4]},"card_choices":[{"not_picked":["Fusion","Go for the Eyes"],"picked":"Streamline","floor":1},{"not_picked":["Lockon","Redo"],"picked":"Compile Driver","floor":2},{"not_picked":["Beam Cell","Melter"],"picked":"Glacier","floor":4},{"not_picked":["Stack","Compile Driver"],"picked":"Barrage","floor":5},{"not_picked":["Multi-Cast","Rebound"],"picked":"Glacier","floor":6},{"not_picked":["Cold Snap","Go for the Eyes"],"picked":"Hologram","floor":8},{"not_picked":["Leap+1","Gash"],"picked":"Streamline","floor":10},{"not_picked":["Lockon","Beam Cell"],"picked":"Genetic Algorithm+1","floor":12},{"not_picked":["FTL","Redo+1","Static Discharge"],"picked":"SKIP","floor":14},{"not_picked":["Buffer","Seek+1"],"picked":"Echo Form","floor":16},{"not_picked":["Compile Driver","Coolheaded+1"],"picked":"BootSequence+1","floor":18},{"not_picked":["Conserve Battery+1","Double Energy+1"],"picked":"Cold Snap+1","floor":19},{"not_picked":["Steam+1","Static Discharge"],"picked":"Aggregate+1","floor":20},{"not_picked":["Compile Driver","Sweeping Beam"],"picked":"Coolheaded+1","floor":22},{"not_picked":["Go for the Eyes+1","Streamline"],"picked":"Chaos+1","floor":23},{"not_picked":["Leap+1","Go for the Eyes"],"picked":"Multi-Cast+1","floor":27},{"not_picked":["Sweeping Beam","Compile Driver"],"picked":"Tempest+1","floor":28}],"player_experience":3978641,"relics_obtained":[{"floor":6,"key":"Oddly Smooth Stone"},{"floor":8,"key":"Emotion Chip"},{"floor":9,"key":"Toxic Egg 2"},{"floor":10,"key":"Omamori"},{"floor":23,"key":"InkBottle"},{"floor":27,"key":"Pen Nib"}],"event_choices":[{"damage_healed":0,"gold_gain":0,"cards_transformed":["Strike_B"],"player_choice":"Change","damage_taken":0,"max_hp_gain":0,"max_hp_loss":0,"event_name":"Living Wall","floor":3,"gold_loss":0,"cards_obtained":["Core Surge"]},{"damage_healed":0,"gold_gain":0,"player_choice":"Trade","damage_taken":0,"relics_obtained":["NlothsMask"],"max_hp_gain":0,"max_hp_loss":0,"event_name":"FaceTrader","floor":11,"gold_loss":0},{"damage_healed":0,"gold_gain":0,"player_choice":"Ignored","damage_taken":0,"max_hp_gain":0,"max_hp_loss":0,"event_name":"Ghosts","floor":21,"gold_loss":0},{"damage_healed":0,"gold_gain":0,"cards_transformed":["Strike_B"],"player_choice":"Transformed","damage_taken":0,"max_hp_gain":0,"max_hp_loss":0,"event_name":"Transmorgrifier","floor":25,"gold_loss":0,"cards_obtained":["Blizzard"]}],"is_beta":false,"boss_relics":[{"not_picked":["Coffee Dripper","Runic Dome"],"picked":"Philosopher\u0027s Stone"}],"items_purged_floors":[],"is_endless":false,"potions_floor_spawned":[1,5,12,16,22,23,27],"killed_by":"Slavers","ascension_level":13}}