{"host":"gtoa8h4im74f14p0","time":1613268836,"event":{"mods":["AchievementEnabler","BaseMod","Block Reminder","Colored Powertips","Downfall","Hermit","Minty Spire (QoL Compilation)","Reliquary","Shop Mod","StSLib","The Cursed","The Marked"],"gold_per_floor":[119,119,129,143,159,190,12,12,12,12,27,27,27,46,46,167,167,191,214,228,228,228],"floor_reached":21,"language":"ENG","playtime":1378,"items_purged":[],"score":208,"play_id":"ab773924-63b8-4b76-b8c0-baf41705ea63","local_time":"20210213211356","is_ascension_mode":false,"campfire_choices":[{"data":"TheCursedMod:CursedWand","floor":8,"key":"SMITH"},{"floor":15,"key":"REST"}],"circlet_count":0,"master_deck":["TheCursedMod:Strike_TheCursed","TheCursedMod:Strike_TheCursed","TheCursedMod:Strike_TheCursed","TheCursedMod:Strike_TheCursed","TheCursedMod:Defend_TheCursed","TheCursedMod:Defend_TheCursed","TheCursedMod:Defend_TheCursed","TheCursedMod:Defend_TheCursed","TheCursedMod:CursedWand+1","TheCursedMod:CleanUpWorkshop","TheCursedMod:Dregs","TheCursedMod:CursedAmulet","TheCursedMod:DemonSword","TheCursedMod:CircleOfFlame","TheCursedMod:CursedStaff","TheCursedMod:SaltUponWound","Metamorphosis","TheCursedMod:HellsGateOpen","TheCursedMod:ManaBullet","TheCursedMod:AntiAging","TheCursedMod:ReleasedKnowledge+1","TheCursedMod:SpitefulStrike","TheCursedMod:FleshFromBone"],"relics":["TheCursedMod:BlackMagic101","reliquary:NewFriend","Eternal Feather","Golden Idol","HornCleat","Happy Flower","TheCursedMod:FourLeafCloverCharm"],"acts_visited":["Exordium","TheCity"],"potions_floor_usage":[6,16,16],"damage_taken":[{"damage":4,"enemies":"Cultist","floor":1,"turns":4},{"damage":0,"enemies":"Jaw Worm","floor":3,"turns":6},{"damage":2,"enemies":"2 Louse","floor":4,"turns":4},{"damage":5,"enemies":"2 Fungi Beasts","floor":5,"turns":4},{"damage":0,"enemies":"Gremlin Nob","floor":6,"turns":4},{"damage":7,"enemies":"Gremlin Gang","floor":11,"turns":2},{"damage":2,"enemies":"Blue Slaver","floor":14,"turns":3},{"damage":29,"enemies":"Hexaghost","floor":16,"turns":7},{"damage":13,"enemies":"Chosen","floor":18,"turns":7},{"damage":15,"enemies":"Spheric Guardian","floor":19,"turns":4},{"damage":34,"enemies":"Shelled Parasite and Fungi","floor":20,"turns":6},{"damage":24,"enemies":"Centurion and Healer","floor":21,"turns":5}],"seed_played":"-4708918728338942859","potions_obtained":[{"floor":3,"key":"Strength Potion"},{"floor":6,"key":"SkillPotion"},{"floor":11,"key":"Strength Potion"},{"floor":14,"key":"AttackPotion"},{"floor":20,"key":"SpeedPotion"}],"is_trial":false,"path_per_floor":["M","?","M","M","M","E","$","R","T","?","M","?","?","M","R","B",null,"M","M","M","M"],"character_chosen":"THE_CURSED","items_purchased":["Metamorphosis"],"campfire_rested":1,"item_purchase_floors":[7],"current_hp_per_floor":[78,78,78,76,71,71,71,71,71,51,44,37,37,35,68,39,82,69,54,22,0,0],"gold":228,"neow_bonus":"TEN_PERCENT_HP_BONUS","is_daily":false,"chose_seed":false,"campfire_upgraded":1,"win_rate":0.0,"timestamp":1613268836,"path_taken":["M","?","M","M","M","E","$","R","T","?","M","?","?","M","R","BOSS","M","M","M","M"],"items_purchased_type":["Card"],"build_version":"2020-12-22","purchased_purges":0,"victory":false,"max_hp_per_floor":[82,82,82,82,82,82,82,82,82,82,82,82,82,82,82,82,82,82,82,84,84,84],"card_choices":[{"not_picked":["TheCursedMod:CursedBoomerang","TheCursedMod:SpitefulStrike"],"picked":"TheCursedMod:CursedAmulet","floor":1},{"not_picked":["TheCursedMod:CursedAmulet","TheCursedMod:SpreadPlague"],"picked":"TheCursedMod:DemonSword","floor":3},{"not_picked":["TheCursedMod:SoulCrush","TheCursedMod:SmokeScreen"],"picked":"TheCursedMod:CircleOfFlame","floor":4},{"not_picked":["TheCursedMod:TacticalStrike","TheCursedMod:SpitefulStrike"],"picked":"TheCursedMod:CursedStaff","floor":5},{"not_picked":["TheCursedMod:BloodBarrier","TheCursedMod:Stretching"],"picked":"TheCursedMod:SaltUponWound","floor":6},{"not_picked":["TheCursedMod:CircleOfCorruption","TheCursedMod:Torture"],"picked":"TheCursedMod:HellsGateOpen","floor":11},{"not_picked":["TheCursedMod:Torture","TheCursedMod:Wield"],"picked":"TheCursedMod:ManaBullet","floor":14},{"not_picked":["TheCursedMod:ShockAndAwe","TheCursedMod:CursedRelics"],"picked":"TheCursedMod:AntiAging","floor":16},{"not_picked":["TheCursedMod:CircleOfFlame+1","TheCursedMod:ReleasedStrength"],"picked":"TheCursedMod:ReleasedKnowledge+1","floor":18},{"not_picked":["TheCursedMod:CursedBlade","TheCursedMod:FuryStrike"],"picked":"TheCursedMod:SpitefulStrike","floor":19},{"not_picked":["TheCursedMod:Obscuration","TheCursedMod:RapidMovement"],"picked":"TheCursedMod:FleshFromBone","floor":20}],"player_experience":24070,"relics_obtained":[{"floor":6,"key":"reliquary:NewFriend"},{"floor":9,"key":"Eternal Feather"}],"event_choices":[{"damage_healed":0,"gold_gain":0,"player_choice":"Leave","damage_taken":0,"max_hp_gain":0,"max_hp_loss":0,"event_name":"The Cleric","floor":2,"gold_loss":0},{"damage_healed":0,"gold_gain":0,"player_choice":"Take Damage","damage_taken":20,"relics_obtained":["Golden Idol"],"max_hp_gain":0,"max_hp_loss":0,"event_name":"Golden Idol","floor":10,"gold_loss":0},{"damage_healed":0,"gold_gain":0,"player_choice":"Success","damage_taken":7,"relics_obtained":["HornCleat"],"max_hp_gain":0,"max_hp_loss":0,"event_name":"Scrap Ooze","floor":12,"gold_loss":0},{"damage_healed":0,"gold_gain":0,"player_choice":"Gave Potion","damage_taken":0,"relics_obtained":["Happy Flower"],"max_hp_gain":0,"max_hp_loss":0,"event_name":"WeMeetAgain","floor":13,"gold_loss":0}],"is_beta":false,"boss_relics":[{"not_picked":["reliquary:Craggleroot","reliquary:WritOfMandamus"],"picked":"TheCursedMod:FourLeafCloverCharm"}],"items_purged_floors":[],"is_endless":false,"potions_floor_spawned":[3,6,11,14,20],"killed_by":"Centurion and Healer","ascension_level":0}}