{"host":"t9zjxed0utvsfjwc","time":1613265597,"event":{"mods":["2.2 Compatiblity","Aspiration","BaseMod","Better Altar","Better Match","Better Note","Better Sensory Stone","Better Skull","Better Third Choice","Block Reminder","Colored Map","Colored Powertips","Custom Start","Downfall","Hermit","Highlight Path","Hubris","Infinite Spire","Marisa????????","Minty Spire (QoL Compilation)","Quick Restart","Rare Cards Sparkle","Reliquary","Replay The Spire","StSLib","The Cursed","The Marked","The Runesmith","Unceasing Turn Reminder","everything is the same but u backflip on backflip"],"gold_per_floor":[118,135,79,4,16,44,63,88,88,108,125,125,125,125,125,222,222,237,256,256,256,46,62,62,96,96,113,145,145,168,182,182,299,299,329,204,304,154,180,180,215,292,292,292,292,351,389,436,479,479,479,479],"floor_reached":53,"language":"ENG","playtime":1782,"items_purged":["theMarked:Strike","Writhe","Injury","theMarked:Defend","hubris:Sloth"],"score":1264,"play_id":"1a64ff19-b32d-480d-a99f-b1a15474a367","local_time":"20210214011957","is_ascension_mode":false,"campfire_choices":[{"data":"theMarked:WardOff","floor":15,"key":"SMITH"},{"data":"theMarked:BanishingWave","floor":24,"key":"SMITH"},{"data":"theMarked:Determination","floor":29,"key":"SMITH"},{"floor":32,"key":"RECALL"},{"data":"theMarked:TakeOffHeels","floor":40,"key":"SMITH"},{"data":"theMarked:Defend","floor":51,"key":"SMITH"}],"circlet_count":0,"master_deck":["theMarked:Defend","theMarked:Defend+1","theMarked:BanishingStrike+1","theMarked:WardOff+1","theMarked:BanishingStrike+1","theMarked:BanishingStrike+1","theMarked:BanishingStrike+1","theMarked:BanishingWave+1","theMarked:Determination+1","theMarked:BanishingStrike+1","hubris:Greed","theMarked:TakeOffHeels+1","CommonCold","theMarked:HeightenedSenses+1","hubris:Lust","CommonCold","Parasite","ReplayTheSpireMod:IOU","theMarked:WardOff+1"],"relics":["hubris:HollowSoul","Boot","Replay:Bottled Eggs","Tiny Chest","Blood Vial","CaptainsWheel","Coffee Dripper","aspiration:Nostalgia","champ:ChampionCrown","Kintsugi","CultistMask","bronze:BronzeIdol","reliquary:Sideboard","Thread and Needle","Bag of Marbles","infinitespire:EvilPickle","hubris:Backtick","Ice Cream","downfall:ExtraCursedKey","aspiration:SeaSaltIceCream","NeowsBlessing","StoneCalendar","Bronze Scales"],"acts_visited":["Exordium","TheCity","TheBeyond"],"potions_floor_usage":[5,8,10,16,25,28,52],"damage_taken":[{"damage":1,"enemies":"Cultist","floor":1,"turns":4},{"damage":2,"enemies":"2 Louse","floor":2,"turns":3},{"damage":7,"enemies":"Small Slimes","floor":5,"turns":4},{"damage":25,"enemies":"Lagavulin","floor":6,"turns":7},{"damage":4,"enemies":"Exordium Wildlife","floor":7,"turns":4},{"damage":32,"enemies":"Gremlin Nob","floor":8,"turns":5},{"damage":9,"enemies":"Lots of Slimes","floor":10,"turns":6},{"damage":0,"enemies":"2 Fungi Beasts","floor":11,"turns":4},{"damage":29,"enemies":"Fading Forest","floor":16,"turns":11},{"damage":6,"enemies":"2 Thieves","floor":18,"turns":5},{"damage":1,"enemies":"Shell Parasite","floor":19,"turns":3},{"damage":4,"enemies":"Shelled Parasite and Fungi","floor":23,"turns":2},{"damage":10,"enemies":"Book of Stabbing","floor":25,"turns":4},{"damage":8,"enemies":"Centurion and Healer","floor":27,"turns":3},{"damage":0,"enemies":"Gremlin Leader","floor":28,"turns":3},{"damage":0,"enemies":"Snake Plant","floor":31,"turns":2},{"damage":0,"enemies":"Pondfish","floor":33,"turns":6},{"damage":0,"enemies":"Orb Walker","floor":35,"turns":2},{"damage":0,"enemies":"3 Shapes","floor":39,"turns":4},{"damage":0,"enemies":"Transient","floor":41,"turns":5},{"damage":0,"enemies":"Reptomancer","floor":46,"turns":1},{"damage":0,"enemies":"Writhing Mass","floor":47,"turns":1},{"damage":3,"enemies":"Spire Growth","floor":48,"turns":1},{"damage":3,"enemies":"Jaw Worm Horde","floor":49,"turns":3},{"damage":50,"enemies":"Donu and Deca","floor":52,"turns":9}],"seed_played":"-8121617666951076196","potions_obtained":[{"floor":5,"key":"Fruit Juice"},{"floor":6,"key":"bronze:BurnAndBuffPotion"},{"floor":8,"key":"PowerPotion"},{"floor":10,"key":"theMarked:SummonPotion"},{"floor":19,"key":"BlessingOfTheForge"},{"floor":23,"key":"Strength Potion"},{"floor":27,"key":"EssenceOfSteel"},{"floor":47,"key":"Block Potion"},{"floor":48,"key":"PowerPotion"}],"is_trial":false,"path_per_floor":["M","M","?","$","M","E","M","E","T","M","M","?","?","T","R","B",null,"M","M","AVR","?","$","M","R","E","T","M","E","R","T","M","R","B",null,"M","$","?","$","M","R","M","T","PTL","PTL","T","E","M","M","M","?","R","B",null],"character_chosen":"THE_DEFAULT","items_purchased":["theMarked:BanishingWave","theMarked:Determination"],"campfire_rested":0,"item_purchase_floors":[22,22],"current_hp_per_floor":[69,67,67,67,65,40,36,4,4,37,37,37,30,30,30,19,75,69,70,70,70,70,68,68,60,60,54,56,56,56,58,58,60,75,75,75,80,80,80,80,80,80,80,80,80,80,80,77,76,76,76,28],"gold":479,"neow_bonus":"BOSS_RELIC","is_daily":false,"chose_seed":false,"campfire_upgraded":5,"win_rate":0.0,"timestamp":1613265597,"path_taken":["M","?","?","$","M","E","M","E","T","?","M","?","?","?","R","BOSS","M","?","AVR","?","$","M","R","E","T","?","E","R","?","?","R","BOSS","M","?","?","$","M","R","M","?","PTL","PTL","T","E","M","M","?","?","R","BOSS"],"items_purchased_type":["Card","Card"],"build_version":"2020-12-22","purchased_purges":5,"victory":true,"max_hp_per_floor":[70,70,70,70,75,75,75,75,75,75,75,75,75,75,75,75,75,75,75,75,75,75,75,75,75,75,75,75,75,75,75,75,75,75,75,75,80,80,80,80,80,80,80,80,80,80,80,80,80,80,80,80],"card_choices":[{"not_picked":["theMarked:Overcharge","theMarked:Parkour"],"picked":"theMarked:BanishingStrike","floor":1},{"not_picked":["theMarked:Improvise","theMarked:ChainLightning","theMarked:WastefulAttack"],"picked":"SKIP","floor":2},{"not_picked":["theMarked:Memento","theMarked:Frustration"],"picked":"theMarked:WardOff","floor":5},{"not_picked":["theMarked:ParalyzingBlade","theMarked:Frustration","theMarked:ResourceFulStrike"],"picked":"SKIP","floor":6},{"not_picked":["theMarked:DispelDoubt","theMarked:RogueSparks","theMarked:HeightenedSenses"],"picked":"SKIP","floor":7},{"not_picked":["theMarked:DispelDoubt","theMarked:RogueSparks","theMarked:HeightenedSenses"],"picked":"SKIP","floor":7},{"not_picked":["theMarked:Overcharge","theMarked:RogueSparks","theMarked:Panic"],"picked":"SKIP","floor":8},{"not_picked":["theMarked:WastefulAttack","theMarked:ChainLightning","theMarked:ElectricStrings"],"picked":"SKIP","floor":10},{"not_picked":["theMarked:TakeCover","theMarked:SelfDefenseTraining"],"picked":"theMarked:BanishingStrike","floor":11},{"not_picked":["theMarked:Memento","theMarked:TakeCover+1"],"picked":"theMarked:BanishingStrike+1","floor":18},{"not_picked":["theMarked:ChainLightning","theMarked:WastefulAttack"],"picked":"theMarked:BanishingStrike","floor":19},{"not_picked":["theMarked:Improvise","theMarked:TwofoldDefense"],"picked":"theMarked:BanishingStrike","floor":23},{"not_picked":["theMarked:SwordAndMagic+1","theMarked:Snap","theMarked:Maelstrom"],"picked":"SKIP","floor":25},{"not_picked":["theMarked:TheMission","theMarked:TwofoldDefense","theMarked:Overthink"],"picked":"SKIP","floor":27},{"not_picked":["theMarked:AttractMetal","theMarked:ElectricStrings","theMarked:TurnInvisible"],"picked":"SKIP","floor":28},{"not_picked":["theMarked:Improvise+1","theMarked:ChainLightning","theMarked:Memento"],"picked":"SKIP","floor":31},{"not_picked":["theMarked:TwofoldDefense+1","theMarked:WastefulAttack","theMarked:Improvise+1"],"picked":"SKIP","floor":35},{"not_picked":["theMarked:Parkour+1","theMarked:Memento+1"],"picked":"theMarked:HeightenedSenses+1","floor":39},{"not_picked":["theMarked:SwordAndMagic","theMarked:AttractMetal+1","theMarked:RepellingDischarge+1"],"picked":"SKIP","floor":41},{"not_picked":["theMarked:OneWithTheBlade","theMarked:Generate","theMarked:TurnInvisible"],"picked":"SKIP","floor":46},{"not_picked":["theMarked:ParalyzingBlade","theMarked:Memento+1"],"picked":"theMarked:WardOff+1","floor":47},{"not_picked":["theMarked:ChannelForce","theMarked:EmpowerWeapon","theMarked:BanishingWave"],"picked":"SKIP","floor":48},{"not_picked":["theMarked:RepellingDischarge+1","theMarked:CreepingChasm+1","theMarked:Frustration+1"],"picked":"SKIP","floor":49},{"not_picked":["theMarked:RepellingDischarge+1","theMarked:CreepingChasm+1","theMarked:Frustration+1"],"picked":"SKIP","floor":49}],"player_experience":556892,"relics_obtained":[{"floor":6,"key":"Replay:Bottled Eggs"},{"floor":9,"key":"Tiny Chest"},{"floor":12,"key":"Blood Vial"},{"floor":14,"key":"CaptainsWheel"},{"floor":25,"key":"bronze:BronzeIdol"},{"floor":26,"key":"reliquary:Sideboard"},{"floor":28,"key":"Thread and Needle"},{"floor":30,"key":"Bag of Marbles"},{"floor":42,"key":"aspiration:SeaSaltIceCream"},{"floor":45,"key":"StoneCalendar"},{"floor":46,"key":"Bronze Scales"}],"event_choices":[{"damage_healed":0,"gold_gain":0,"player_choice":"Paid Gold","damage_taken":0,"relics_obtained":["Boot"],"max_hp_gain":0,"max_hp_loss":0,"event_name":"WeMeetAgain","floor":3,"gold_loss":56},{"cards_removed":["theMarked:Strike"],"damage_healed":0,"gold_gain":0,"player_choice":"Card Removal","damage_taken":7,"max_hp_gain":0,"max_hp_loss":0,"event_name":"Golden Wing","floor":13,"gold_loss":0},{"damage_healed":0,"gold_gain":0,"player_choice":"Trade","damage_taken":0,"relics_obtained":["CultistMask"],"max_hp_gain":0,"max_hp_loss":0,"event_name":"FaceTrader","floor":21,"gold_loss":0}],"is_beta":false,"boss_relics":[{"not_picked":["reliquary:Craggleroot","hubris:Stopwatch"],"picked":"Coffee Dripper"},{"not_picked":["Busted Crown","aspiration:FutureDiary"],"picked":"hubris:Backtick"}],"items_purged_floors":[4,20,22,36,38],"is_endless":false,"potions_floor_spawned":[5,6,8,10,19,23,27,47,48,49],"ascension_level":0}}