{"host":"af4pzp5tm7cfibaw","time":1613346270,"event":{"mods":["AchievementEnabler","BaseMod","BetterRewards","Highlight Path","Minty Spire (QoL Compilation)","StSLib","SuperFastMode"],"gold_per_floor":[115,135,150,225,325,357,357,369,369,369,400,99,115,132,132,234,234,254,308,121,70,0,34,34,34,34,44,72,72,72,72,72,176,176,194,209,221,121,140,140,151,151,151,171,171,184,110,125,125,125],"floor_reached":51,"language":"ENG","playtime":1696,"items_purged":["Strike_B","Strike_B"],"score":822,"play_id":"e4ec6b27-d745-41a4-947d-87461822e4f6","local_time":"20210215124430","is_ascension_mode":false,"campfire_choices":[{"data":"Sunder","floor":7.0,"key":"SMITH"},{"data":"Darkness","floor":10.0,"key":"SMITH"},{"floor":15.0,"key":"REST"},{"floor":24.0,"key":"REST"},{"floor":30.0,"key":"REST"},{"data":"Biased Cognition","floor":32.0,"key":"SMITH"},{"floor":40.0,"key":"REST"},{"floor":42.0,"key":"REST"},{"floor":45.0,"key":"REST"},{"floor":49.0,"key":"REST"}],"circlet_count":0,"master_deck":["Strike_B","Strike_B","Defend_B","Defend_B","Defend_B","Zap+1","Dualcast","Sunder+1","Darkness+1","Ball Lightning","Biased Cognition+1","Ball Lightning","Redo","Reboot","Dodge and Roll+1","Mind Blast","DevaForm","Turbo+1","Biased Cognition+1","Chaos","Hologram","Cold Snap","Conserve Battery+1","LessonLearned","CurseOfTheBell","Ball Lightning+1","Rainbow","Hologram+1","Ball Lightning+1","Sweeping Beam","Prepared","Armaments","Acrobatics","Pommel Strike+1","Hello World","Acrobatics+1","Coolheaded"],"relics":["Cracked Core","Sundial","White Beast Statue","Bottled Flame","PrismaticShard","Snecko Eye","Dream Catcher","Pen Nib","Unceasing Top","Ancient Tea Set","Matryoshka","Calling Bell","Akabeko","HornCleat","Ice Cream","Omamori","Art of War"],"acts_visited":["Exordium","TheCity","TheBeyond"],"potions_floor_usage":[50,50,50],"damage_taken":[{"damage":0.0,"enemies":"Cultist","floor":1.0,"turns":3.0},{"damage":3.0,"enemies":"Jaw Worm","floor":2.0,"turns":4.0},{"damage":0.0,"enemies":"Small Slimes","floor":3.0,"turns":3.0},{"damage":1.0,"enemies":"3 Sentries","floor":6.0,"turns":3.0},{"damage":0.0,"enemies":"2 Fungi Beasts","floor":8.0,"turns":2.0},{"damage":16.0,"enemies":"Gremlin Nob","floor":11.0,"turns":3.0},{"damage":2.0,"enemies":"Blue Slaver","floor":13.0,"turns":2.0},{"damage":17.0,"enemies":"Large Slime","floor":14.0,"turns":4.0},{"damage":0.0,"enemies":"Slime Boss","floor":16.0,"turns":4.0},{"damage":10.0,"enemies":"2 Thieves","floor":18.0,"turns":3.0},{"damage":14.0,"enemies":"Gremlin Leader","floor":23.0,"turns":2.0},{"damage":8.0,"enemies":"Chosen","floor":27.0,"turns":4.0},{"damage":16.0,"enemies":"Book of Stabbing","floor":28.0,"turns":3.0},{"damage":47.0,"enemies":"Collector","floor":33.0,"turns":6.0},{"damage":21.0,"enemies":"Orb Walker","floor":35.0,"turns":4.0},{"damage":17.0,"enemies":"3 Darklings","floor":36.0,"turns":5.0},{"damage":9.0,"enemies":"Writhing Mass","floor":37.0,"turns":3.0},{"damage":3.0,"enemies":"Sphere and 2 Shapes","floor":39.0,"turns":3.0},{"damage":18.0,"enemies":"3 Darklings","floor":41.0,"turns":3.0},{"damage":4.0,"enemies":"Jaw Worm Horde","floor":44.0,"turns":2.0},{"damage":3.0,"enemies":"4 Shapes","floor":46.0,"turns":3.0},{"damage":7.0,"enemies":"Maw","floor":48.0,"turns":5.0},{"damage":61,"enemies":"Time Eater","floor":50,"turns":6}],"seed_played":"7026230717022296784","potions_obtained":[{"floor":2.0,"key":"BlessingOfTheForge"},{"floor":3.0,"key":"Explosive Potion"},{"floor":6.0,"key":"Ancient Potion"},{"floor":11.0,"key":"EntropicBrew"},{"floor":13.0,"key":"Strength Potion"},{"floor":14.0,"key":"ColorlessPotion"},{"floor":18.0,"key":"AttackPotion"},{"floor":23.0,"key":"SkillPotion"},{"floor":27.0,"key":"LiquidMemories"},{"floor":28.0,"key":"FocusPotion"},{"floor":33.0,"key":"Swift Potion"},{"floor":35.0,"key":"Ancient Potion"},{"floor":36.0,"key":"PotionOfCapacity"},{"floor":37.0,"key":"SkillPotion"},{"floor":39.0,"key":"FearPotion"},{"floor":41.0,"key":"SkillPotion"},{"floor":44.0,"key":"PowerPotion"},{"floor":46.0,"key":"PowerPotion"},{"floor":48.0,"key":"SkillPotion"}],"is_trial":false,"path_per_floor":["M","M","M","?","?","E","R","M","T","R","E","$","M","M","R","B",null,"M","T","$","$","?","E","R","T","T","M","E","?","R","$","R","B",null,"M","M","M","$","M","R","M","R","T","M","R","M","$","M","R","B",null],"character_chosen":"DEFECT","items_purchased":["Reboot","PrismaticShard","Biased Cognition","Chaos","Hologram","Hello World"],"campfire_rested":7,"item_purchase_floors":[12,12,20,20,21,47],"current_hp_per_floor":[75,72,72,61,61,60,60,60,60,60,44,44,42,25,47,47,75,65,65,65,65,65,51,73,73,73,65,49,49,71,71,71,24,75,54,37,28,28,25,47,29,51,51,47,69,66,66,59,75,14],"gold":125,"neow_bonus":"TRANSFORM_CARD","is_daily":false,"chose_seed":false,"campfire_upgraded":3,"win_rate":0.0,"timestamp":1613346270,"path_taken":["M","M","M","?","?","E","R","?","T","R","E","$","M","M","R","BOSS","M","?","?","$","?","E","R","?","T","?","E","?","R","?","R","BOSS","M","?","?","$","M","R","M","R","T","M","R","M","$","M","R","BOSS"],"items_purchased_type":["Card","Relic","Card","Card","Card","Card"],"build_version":"2020-12-22","purchased_purges":2,"victory":true,"max_hp_per_floor":[75,75,75,75,75,75,75,75,75,75,75,75,75,75,75,75,75,75,75,75,75,75,75,75,75,75,75,75,75,75,75,75,75,75,75,75,75,75,75,75,75,75,75,75,75,75,75,75,75,75],"card_choices":[{"not_picked":["Barrage","BootSequence"],"picked":"Darkness","floor":1.0},{"not_picked":["Scrape","Rebound","Chill"],"picked":"SKIP","floor":2.0},{"not_picked":["Stack","Beam Cell"],"picked":"Ball Lightning","floor":3.0},{"not_picked":["Compile Driver","Darkness"],"picked":"Biased Cognition","floor":6.0},{"not_picked":["Steam","Darkness"],"picked":"Ball Lightning","floor":8.0},{"not_picked":["Hello World","Rebound"],"picked":"Redo","floor":11.0},{"not_picked":["Sweeping Beam","Hemokinesis"],"picked":"Dodge and Roll","floor":13.0},{"not_picked":["BootSequence","Pommel Strike"],"picked":"Mind Blast","floor":14.0},{"not_picked":["Buffer","Offering"],"picked":"DevaForm","floor":16.0},{"not_picked":["Bane","Setup"],"picked":"Turbo+1","floor":18.0},{"not_picked":["Outmaneuver","FlyingSleeves","WaveOfTheHand"],"picked":"SKIP","floor":23.0},{"not_picked":["ClearTheMind","Stack"],"picked":"Cold Snap","floor":24.0},{"not_picked":["Halt","Impatience+1","FlyingSleeves"],"picked":"SKIP","floor":27.0},{"not_picked":["Underhanded Strike","SignatureMove"],"picked":"Conserve Battery+1","floor":28.0},{"not_picked":["Devotion","Demon Form"],"picked":"LessonLearned","floor":33.0},{"not_picked":["SashWhip+1","CutThroughFate"],"picked":"Ball Lightning+1","floor":35.0},{"not_picked":["Nirvana","Bane+1"],"picked":"Rainbow","floor":36.0},{"not_picked":["Body Slam+1","Swift Strike+1"],"picked":"Hologram+1","floor":37.0},{"not_picked":["Cloak And Dagger","Hemokinesis+1"],"picked":"Ball Lightning+1","floor":39.0},{"not_picked":["Flex","Blizzard+1"],"picked":"Sweeping Beam","floor":40.0},{"not_picked":["Twin Strike+1","FlurryOfBlows"],"picked":"Prepared","floor":41.0},{"not_picked":["Thunderclap","Spot Weakness"],"picked":"Armaments","floor":42.0},{"not_picked":["Swift Strike","Sword Boomerang+1"],"picked":"Acrobatics","floor":44.0},{"not_picked":["Finisher+1","Chill"],"picked":"Pommel Strike+1","floor":45.0},{"not_picked":["Jack Of All Trades","Cloak And Dagger","BattleHymn+1"],"picked":"SKIP","floor":46.0},{"not_picked":["Nirvana","Devotion"],"picked":"Acrobatics+1","floor":48.0},{"not_picked":["Dual Wield+1","All Out Attack+1"],"picked":"Coolheaded","floor":49.0}],"player_experience":320905,"relics_obtained":[{"floor":6.0,"key":"Sundial"},{"floor":9.0,"key":"White Beast Statue"},{"floor":11.0,"key":"Bottled Flame"},{"floor":19.0,"key":"Dream Catcher"},{"floor":23.0,"key":"Pen Nib"},{"floor":25.0,"key":"Unceasing Top"},{"floor":26.0,"key":"Ancient Tea Set"},{"floor":28.0,"key":"Matryoshka"},{"floor":34.0,"key":"Akabeko"},{"floor":34.0,"key":"HornCleat"},{"floor":34.0,"key":"Ice Cream"},{"floor":43.0,"key":"Omamori"},{"floor":43.0,"key":"Art of War"}],"event_choices":[{"damage_healed":0.0,"max_hp_gain":0.0,"max_hp_loss":0.0,"gold_gain":75.0,"event_name":"World of Goop","player_choice":"Gather Gold","floor":4.0,"gold_loss":0.0,"damage_taken":11.0},{"damage_healed":0.0,"max_hp_gain":0.0,"max_hp_loss":0.0,"gold_gain":100.0,"event_name":"Golden Shrine","player_choice":"Pray","floor":5.0,"gold_loss":0.0,"damage_taken":0.0},{"damage_healed":0.0,"max_hp_gain":0.0,"max_hp_loss":0.0,"gold_gain":0.0,"event_name":"Masked Bandits","player_choice":"Paid Fearfully","floor":22.0,"gold_loss":70.0,"damage_taken":0.0},{"damage_healed":0.0,"max_hp_gain":0.0,"max_hp_loss":0.0,"gold_gain":0.0,"event_name":"Vampires","player_choice":"Ignored","floor":29.0,"gold_loss":0.0,"damage_taken":0.0}],"is_beta":false,"boss_relics":[{"not_picked":["Pandora\u0027s Box","Runic Pyramid"],"picked":"Snecko Eye"},{"not_picked":["Velvet Choker","Runic Dome"],"picked":"Calling Bell"}],"items_purged_floors":[12,38],"is_endless":false,"potions_floor_spawned":[2,3,6,11,13,14,16,18,23,27,28,33,35,36,37,39,41,44,46,48],"ascension_level":0}}