{"host":"aapp7ew3jk5k1bvd","time":1613314631,"event":{"mods":["AchievementEnabler","BaseMod","Colored Map","Custom Start","Keyboard Shortcuts","Minty Spire (QoL Compilation)","Permanent Neow","Quick Restart","StSLib","SuperFastMode"],"gold_per_floor":[17,35,35,210,210,210,226,226,226,226,241,17,40,107,107,235,235,254,263,163,163,163,163],"floor_reached":22,"language":"KOR","playtime":576,"items_purged":["Strike_P","Strike_P"],"score":325,"play_id":"e85dea45-fd9d-42d0-a610-ca7130b3dbd8","local_time":"20210214235711","is_ascension_mode":true,"campfire_choices":[{"data":"Pray","floor":6.0,"key":"SMITH"},{"data":"Prostrate","floor":10.0,"key":"SMITH"},{"data":"Wish","floor":15.0,"key":"SMITH"}],"circlet_count":0,"master_deck":["Defend_P","Defend_P","Defend_P","Eruption","Vigilance","Consecrate","Brilliance","Pray+1","FlurryOfBlows","Prostrate+1","Wish+1","FearNoEvil","DeusExMachina","Prostrate"],"relics":["PureWater","Golden Idol","Sundial","Bottled Lightning","Oddly Smooth Stone","CeramicFish"],"acts_visited":["Exordium","TheCity"],"potions_floor_usage":[],"damage_taken":[{"damage":0.0,"enemies":"Small Slimes","floor":1.0,"turns":2.0},{"damage":0.0,"enemies":"2 Louse","floor":2.0,"turns":3.0},{"damage":0.0,"enemies":"Cultist","floor":7.0,"turns":2.0},{"damage":0.0,"enemies":"Exordium Wildlife","floor":11.0,"turns":3.0},{"damage":2.0,"enemies":"Blue Slaver","floor":13.0,"turns":2.0},{"damage":3.0,"enemies":"3 Sentries","floor":14.0,"turns":6.0},{"damage":0.0,"enemies":"Slime Boss","floor":16.0,"turns":4.0},{"damage":7.0,"enemies":"Shell Parasite","floor":18.0,"turns":4.0},{"damage":12,"enemies":"3 Byrds","floor":22,"turns":3}],"seed_played":"-7601249359865867587","potions_obtained":[{"floor":1.0,"key":"PowerPotion"},{"floor":13.0,"key":"DistilledChaos"},{"floor":14.0,"key":"SteroidPotion"},{"floor":16.0,"key":"Regen Potion"}],"is_trial":false,"path_per_floor":["M","M","?","?","?","R","M","?","T","R","M","$","M","E","R","B",null,"M","?","$","?","M"],"character_chosen":"WATCHER","items_purchased":["Oddly Smooth Stone"],"campfire_rested":0,"item_purchase_floors":[12],"current_hp_per_floor":[65,65,65,65,65,65,65,53,53,53,53,53,51,48,48,48,62,55,55,55,55,43,43],"gold":163,"neow_bonus":"TRANSFORM_TWO_CARDS","is_daily":false,"chose_seed":false,"campfire_upgraded":3,"win_rate":0.0,"timestamp":1613314631,"path_taken":["M","M","?","?","?","R","M","?","T","R","M","$","M","E","R","BOSS","M","?","$","?","M"],"items_purchased_type":["Relic"],"build_version":"2020-12-22","purchased_purges":2,"victory":false,"max_hp_per_floor":[72,72,67,67,67,67,67,67,67,67,67,67,67,67,67,67,67,67,67,67,67,67,67],"card_choices":[{"not_picked":["ForeignInfluence","BowlingBash"],"picked":"Pray","floor":1.0},{"not_picked":["CarveReality","WaveOfTheHand"],"picked":"FlurryOfBlows","floor":2.0},{"not_picked":["Wallop","Consecrate"],"picked":"Prostrate","floor":7.0},{"not_picked":["CutThroughFate","FollowUp","Crescendo"],"picked":"SKIP","floor":11.0},{"not_picked":["Halt","Indignation"],"picked":"Wish","floor":13.0},{"not_picked":["SignatureMove","Wish"],"picked":"FearNoEvil","floor":14.0},{"not_picked":["Vault","Scrawl"],"picked":"DeusExMachina","floor":16.0},{"not_picked":["SandsOfTime","Evaluate","Vengeance"],"picked":"SKIP","floor":18.0}],"player_experience":1368829,"relics_obtained":[{"floor":9.0,"key":"Bottled Lightning"},{"floor":14.0,"key":"CeramicFish"}],"event_choices":[{"damage_healed":0.0,"max_hp_gain":0.0,"max_hp_loss":5.0,"gold_gain":0.0,"event_name":"Golden Idol","player_choice":"Lose Max HP","floor":3.0,"gold_loss":0.0,"damage_taken":0.0,"relics_obtained":["Golden Idol"]},{"damage_healed":0.0,"max_hp_gain":0.0,"max_hp_loss":0.0,"gold_gain":175.0,"event_name":"Liars Game","player_choice":"AGREE","floor":4.0,"gold_loss":0.0,"damage_taken":0.0,"cards_obtained":["Doubt"]},{"cards_removed":["Doubt"],"damage_healed":0.0,"max_hp_gain":0.0,"max_hp_loss":0.0,"gold_gain":0.0,"event_name":"Living Wall","player_choice":"Forget","floor":5.0,"gold_loss":0.0,"damage_taken":0.0},{"damage_healed":0.0,"max_hp_gain":0.0,"max_hp_loss":0.0,"gold_gain":0.0,"event_name":"Scrap Ooze","player_choice":"Success","floor":8.0,"gold_loss":0.0,"damage_taken":12.0,"relics_obtained":["Sundial"]},{"damage_healed":0.0,"max_hp_gain":0.0,"max_hp_loss":0.0,"gold_gain":0.0,"event_name":"The Library","player_choice":"Read","floor":19.0,"gold_loss":0.0,"damage_taken":0.0,"cards_obtained":["Prostrate"]},{"cards_removed":["Strike_P"],"damage_healed":0.0,"max_hp_gain":0.0,"max_hp_loss":0.0,"gold_gain":0.0,"event_name":"Back to Basics","player_choice":"Elegance","floor":21.0,"gold_loss":0.0,"damage_taken":0.0}],"is_beta":false,"boss_relics":[{"not_picked":["Fusion Hammer","Runic Dome","Velvet Choker"]}],"items_purged_floors":[12,20],"is_endless":false,"potions_floor_spawned":[1,13,14,16],"killed_by":"3 Byrds","ascension_level":8}}