{"host":"scy0o1xotfn36lpl","time":1613274981,"event":{"mods":["AchievementEnabler","Aspiration","BaseMod","Better Altar","Better Note","Better Sensory Stone","Better Skull","Better Third Choice","Colored Map","Curses Come First","Downfall","GifTheSpireLib","Googly Eyes","Highlight Path","Minty Spire (QoL Compilation)","Permanent Neow","Spicy Shops","StSLib","everything is the same but u backflip on backflip"],"gold_per_floor":[110,122,139,156,173,173,193,193,193,256,285,320,320,332,332,332,332],"floor_reached":16,"language":"ENG","playtime":1018,"items_purged":[],"score":129,"play_id":"de34c966-beaa-4f57-b985-87adb26ce2d4","local_time":"20210213195621","is_ascension_mode":false,"campfire_choices":[{"floor":6,"key":"REST"},{"floor":8,"key":"REST"},{"data":"Eruption","floor":15,"key":"SMITH"}],"circlet_count":0,"master_deck":["Strike_P","Strike_P","Strike_P","Strike_P","Defend_P","Defend_P","Defend_P","Defend_P","Eruption+1","Vigilance","Tantrum","FlurryOfBlows","ReachHeaven","Consecrate","WheelKick","Consecrate","FollowUp"],"relics":["PureWater","aspiration:Nostalgia","Ring of the Snake","aspiration:FetidBarrel","Anchor","Odd Mushroom","Smiling Mask","GremlinMask"],"acts_visited":["Exordium"],"potions_floor_usage":[3,10,12,16,16],"damage_taken":[{"damage":12,"enemies":"Cultist","floor":1,"turns":3},{"damage":0,"enemies":"Small Slimes","floor":2,"turns":2},{"damage":5,"enemies":"Jaw Worm","floor":3,"turns":2},{"damage":18,"enemies":"2 Fungi Beasts","floor":4,"turns":2},{"damage":26,"enemies":"Red Slaver","floor":5,"turns":2},{"damage":0,"enemies":"Exordium Wildlife","floor":7,"turns":2},{"damage":4,"enemies":"3 Sentries","floor":10,"turns":3},{"damage":0,"enemies":"The Mushroom Lair","floor":11,"turns":2},{"damage":0,"enemies":"Gremlin Nob","floor":12,"turns":2},{"damage":0,"enemies":"2 Fungi Beasts","floor":14,"turns":2},{"damage":55,"enemies":"Hexaghost","floor":16,"turns":2}],"seed_played":"6745822334101127206","potions_obtained":[{"floor":1,"key":"Block Potion"},{"floor":7,"key":"hexamod:SoulburnPotion"},{"floor":11,"key":"Strength Potion"},{"floor":12,"key":"Swift Potion"},{"floor":14,"key":"Regen Potion"}],"is_trial":false,"path_per_floor":["M","M","M","M","M","R","M","R","T","?","?","E","?","M","R","B"],"character_chosen":"WATCHER","items_purchased":[],"campfire_rested":2,"item_purchase_floors":[],"current_hp_per_floor":[60,60,55,37,11,32,32,53,53,49,49,49,49,49,49,0,0],"gold":332,"neow_bonus":"NOSTALGIA","is_daily":false,"chose_seed":false,"campfire_upgraded":1,"win_rate":0.0,"timestamp":1613274981,"path_taken":["M","M","M","M","?","R","M","R","T","?","?","E","?","?","R","BOSS"],"items_purchased_type":[],"build_version":"2020-12-22","purchased_purges":0,"victory":false,"max_hp_per_floor":[72,72,72,72,72,72,72,72,72,72,72,72,72,72,72,72,72],"card_choices":[{"not_picked":["InnerPeace","Evaluate"],"picked":"Tantrum","floor":1},{"not_picked":["Fasting2","Halt"],"picked":"FlurryOfBlows","floor":2},{"not_picked":["DeceiveReality","ThirdEye","Evaluate"],"picked":"SKIP","floor":3},{"not_picked":["CutThroughFate","Crescendo"],"picked":"ReachHeaven","floor":4},{"not_picked":["SandsOfTime","CutThroughFate"],"picked":"Consecrate","floor":5},{"not_picked":["Fasting2","WreathOfFlame"],"picked":"WheelKick","floor":7},{"not_picked":["Vengeance","Protect"],"picked":"Consecrate","floor":11},{"not_picked":["Devotion","FlurryOfBlows"],"picked":"FollowUp","floor":12},{"not_picked":["FlyingSleeves","Weave","Crescendo"],"picked":"SKIP","floor":14}],"player_experience":61962,"relics_obtained":[{"floor":9,"key":"aspiration:FetidBarrel"},{"floor":10,"key":"Anchor"},{"floor":11,"key":"Odd Mushroom"},{"floor":12,"key":"Smiling Mask"}],"event_choices":[{"damage_healed":0,"gold_gain":0,"player_choice":"Searched \u00271\u0027 times","damage_taken":0,"max_hp_gain":0,"max_hp_loss":0,"event_name":"Dead Adventurer","floor":10,"gold_loss":0},{"damage_healed":0,"gold_gain":0,"player_choice":"Fought Mushrooms","damage_taken":0,"max_hp_gain":0,"max_hp_loss":0,"event_name":"Mushrooms","floor":11,"gold_loss":0},{"damage_healed":0,"gold_gain":0,"player_choice":"Trade","damage_taken":0,"relics_obtained":["GremlinMask"],"max_hp_gain":0,"max_hp_loss":0,"event_name":"FaceTrader","floor":13,"gold_loss":0}],"is_beta":false,"boss_relics":[],"items_purged_floors":[],"is_endless":false,"potions_floor_spawned":[1,7,11,12,14],"killed_by":"Hexaghost","ascension_level":0}}