{"host":"phniwng9zo19jwdb","time":1613334669,"event":{"mods":["AchievementEnabler","BaseMod","Colored Powertips","Dark Map","Faster Ascension Climbing","GifTheSpireLib","Minty Spire (QoL Compilation)","Permanent Neow","Rare Cards Sparkle","Relic Filter Mod","StSLib","Weighted Paths"],"gold_per_floor":[109,120,132,151,301,301,326,326,353,353,364,364,14,40,40,40,40],"floor_reached":16,"language":"ENG","playtime":341,"items_purged":["Regret"],"score":270,"play_id":"c8ba6c1d-00f9-411a-b6ba-7bb3274a0a51","local_time":"20210214213109","is_ascension_mode":true,"campfire_choices":[{"data":"Die Die Die","floor":6,"key":"SMITH"},{"data":"Noxious Fumes","floor":8,"key":"SMITH"},{"data":"Neutralize","floor":10,"key":"SMITH"},{"data":"Glass Knife","floor":15,"key":"SMITH"}],"circlet_count":0,"master_deck":["AscendersBane","Strike_G","Strike_G","Strike_G","Strike_G","Strike_G","Defend_G","Defend_G","Defend_G","Defend_G","Defend_G","Survivor","Neutralize+1","Die Die Die+1","Blur","Poisoned Stab","Poisoned Stab+1","Underhanded Strike+1","Doubt","Noxious Fumes+1","Glass Knife+1","Prepared"],"relics":["Ring of the Snake","Regal Pillow","Snake Skull","Orichalcum","Matryoshka","Whetstone"],"acts_visited":["Exordium"],"potions_floor_usage":[7,7],"damage_taken":[{"damage":1,"enemies":"Cultist","floor":1,"turns":4},{"damage":7,"enemies":"Jaw Worm","floor":2,"turns":7},{"damage":0,"enemies":"Small Slimes","floor":3,"turns":2},{"damage":9,"enemies":"Red Slaver","floor":4,"turns":5},{"damage":0,"enemies":"3 Sentries","floor":7,"turns":4},{"damage":4,"enemies":"Blue Slaver","floor":11,"turns":4},{"damage":22,"enemies":"Gremlin Nob","floor":14,"turns":4},{"damage":19,"enemies":"The Guardian","floor":16,"turns":8}],"seed_played":"3424886277382585921","potions_obtained":[{"floor":3,"key":"DuplicationPotion"},{"floor":4,"key":"Explosive Potion"}],"is_trial":false,"path_per_floor":["M","M","M","M","?","R","E","R","T","R","M","?","$","E","R","B"],"character_chosen":"THE_SILENT","items_purchased":["Matryoshka"],"campfire_rested":0,"item_purchase_floors":[13],"current_hp_per_floor":[58,51,51,42,42,42,42,42,42,42,38,38,38,16,16,0,0],"gold":40,"neow_bonus":"ONE_RANDOM_RARE_CARD","is_daily":false,"chose_seed":false,"campfire_upgraded":4,"win_rate":0.0,"timestamp":1613334669,"path_taken":["M","M","M","M","?","R","E","R","T","R","M","?","$","E","R","BOSS"],"items_purchased_type":["Relic"],"build_version":"2020-12-22","purchased_purges":1,"victory":false,"max_hp_per_floor":[66,66,66,66,66,66,66,66,66,66,66,66,66,66,66,66,66],"card_choices":[{"not_picked":["Slice","All Out Attack"],"picked":"Blur","floor":1},{"not_picked":["Deadly Poison","Slice"],"picked":"Poisoned Stab","floor":2},{"not_picked":["Cloak And Dagger","Slice"],"picked":"Poisoned Stab","floor":3},{"not_picked":["Deflect","Slice"],"picked":"Underhanded Strike","floor":4},{"not_picked":["Prepared","Blade Dance"],"picked":"Noxious Fumes","floor":7},{"not_picked":["Calculated Gamble","Accuracy"],"picked":"Glass Knife","floor":11},{"not_picked":["Distraction","Finisher"],"picked":"Prepared","floor":14}],"player_experience":135337,"relics_obtained":[{"floor":7,"key":"Regal Pillow"},{"floor":9,"key":"Snake Skull"},{"floor":14,"key":"Whetstone"}],"event_choices":[{"damage_healed":0,"gold_gain":150,"player_choice":"AGREE","damage_taken":0,"max_hp_gain":0,"max_hp_loss":0,"event_name":"Liars Game","floor":5,"gold_loss":0,"cards_obtained":["Doubt"]},{"damage_healed":0,"gold_gain":0,"player_choice":"Box","damage_taken":0,"relics_obtained":["Orichalcum"],"max_hp_gain":0,"max_hp_loss":0,"event_name":"Big Fish","floor":12,"gold_loss":0,"cards_obtained":["Regret"]}],"is_beta":false,"boss_relics":[],"items_purged_floors":[13],"is_endless":false,"potions_floor_spawned":[3,4],"killed_by":"The Guardian","ascension_level":20}}