{"host":"t5vp0whyqzs05fb6","time":1613286245,"event":{"mods":["AchievementEnabler","BaseMod","Colored Map","Minty Spire (QoL Compilation)","Rare Cards Sparkle","SuperFastMode","everything is the same but u backflip on backflip"],"gold_per_floor":[111,36,36,36,54,85,104,104,128,162,162,10,10,28,28,152,152,171,171,171],"floor_reached":19,"language":"KOR","playtime":607,"items_purged":["Defend_P","Strike_P"],"score":250,"play_id":"063ea16b-09b7-4b22-9f6c-5509564a0995","local_time":"20210214160405","is_ascension_mode":false,"campfire_choices":[{"data":"Eruption","floor":8.0,"key":"SMITH"},{"floor":11.0,"key":"DIG"},{"floor":15,"key":"REST"}],"circlet_count":0,"master_deck":["Strike_P+1","Strike_P+1","Defend_P","Eruption+1","Vigilance","Evaluate","InnerPeace","FearNoEvil","EmptyFist","CrushJoints","DeusExMachina","Sanctity+1","InnerPeace+1","DeceiveReality+1","Good Instincts","PanicButton"],"relics":["PureWater","NeowsBlessing","Golden Idol","Whetstone","Omamori","Shovel","Nunchaku","Astrolabe"],"acts_visited":["Exordium","TheCity"],"potions_floor_usage":[16],"damage_taken":[{"damage":0.0,"enemies":"Jaw Worm","floor":1.0,"turns":1.0},{"damage":0.0,"enemies":"Cultist","floor":5.0,"turns":1.0},{"damage":0.0,"enemies":"Gremlin Nob","floor":6.0,"turns":1.0},{"damage":0.0,"enemies":"Small Slimes","floor":7.0,"turns":2.0},{"damage":45.0,"enemies":"3 Sentries","floor":10.0,"turns":11.0},{"damage":8,"enemies":"Gremlin Gang","floor":14,"turns":5},{"damage":0,"enemies":"Slime Boss","floor":16,"turns":5},{"damage":4,"enemies":"Chosen","floor":18,"turns":3}],"seed_played":"-2041761812369074736","potions_obtained":[{"floor":1.0,"key":"Regen Potion"},{"floor":6.0,"key":"Energy Potion"},{"floor":7.0,"key":"DuplicationPotion"},{"floor":14,"key":"PowerPotion"}],"is_trial":false,"path_per_floor":["M","$","?","?","M","E","M","R","T","E","R","$","?","M","R","B",null,"M","?"],"character_chosen":"WATCHER","items_purchased":["EmptyFist"],"campfire_rested":1,"item_purchase_floors":[12],"current_hp_per_floor":[72,72,67,67,67,67,67,67,67,34,34,34,34,26,46,46,67,63,50,50],"gold":171,"neow_bonus":"THREE_ENEMY_KILL","is_daily":false,"chose_seed":false,"campfire_upgraded":1,"win_rate":0.0,"timestamp":1613286245,"path_taken":["M","$","?","?","M","E","?","R","T","E","R","$","?","?","R","BOSS","M","?"],"items_purchased_type":["Card"],"build_version":"2020-12-22","purchased_purges":2,"victory":false,"max_hp_per_floor":[72,72,67,67,67,67,67,67,67,67,67,67,67,67,67,67,67,67,67,67],"card_choices":[{"not_picked":["FlurryOfBlows","PathToVictory","WreathOfFlame"],"picked":"SKIP","floor":1.0},{"not_picked":["ClearTheMind","Conclude"],"picked":"Evaluate","floor":5.0},{"not_picked":["JustLucky","FollowUp"],"picked":"WheelKick","floor":6.0},{"not_picked":["EmptyFist","JustLucky"],"picked":"InnerPeace","floor":7.0},{"not_picked":["FlyingSleeves","Fasting2"],"picked":"FearNoEvil","floor":10.0},{"not_picked":["WindmillStrike","Fasting2"],"picked":"CrushJoints","floor":14},{"not_picked":["Judgement","Establishment"],"picked":"DeusExMachina","floor":16},{"not_picked":["PathToVictory","Meditate","Protect+1"],"picked":"SKIP","floor":18}],"player_experience":218063,"relics_obtained":[{"floor":6.0,"key":"Whetstone"},{"floor":9.0,"key":"Omamori"},{"floor":10.0,"key":"Shovel"},{"floor":11.0,"key":"Nunchaku"}],"event_choices":[{"damage_healed":0.0,"max_hp_gain":0.0,"max_hp_loss":5.0,"gold_gain":0.0,"event_name":"Golden Idol","player_choice":"Lose Max HP","floor":3.0,"gold_loss":0.0,"damage_taken":0.0,"relics_obtained":["Golden Idol"]},{"cards_removed":["Strike_P"],"damage_healed":0.0,"max_hp_gain":0.0,"max_hp_loss":0.0,"gold_gain":0.0,"event_name":"Bonfire Elementals","player_choice":"Offered Basic","floor":4.0,"gold_loss":0.0,"damage_taken":0.0},{"damage_healed":0,"gold_gain":0,"player_choice":"Ignored","damage_taken":0,"max_hp_gain":0,"max_hp_loss":0,"event_name":"NoteForYourself","floor":13,"gold_loss":0}],"is_beta":false,"boss_relics":[{"not_picked":["VioletLotus","Coffee Dripper"],"picked":"Astrolabe"}],"items_purged_floors":[2,12],"is_endless":false,"potions_floor_spawned":[1,6,7,14],"ascension_level":0}}