{"host":"nklmypyldyuut5re","time":1613325723,"event":{"mods":["AchievementEnabler","BaseMod","Colored Map","DeckTracker","Highlight Path","Keyboard Shortcuts","Minty Spire (QoL Compilation)","Permanent Neow","SuperFastMode","everything is the same but u backflip on backflip"],"gold_per_floor":[109,109,124,136,156,156,168,188,257,268,174,174,235,235,235,336,336,351,351,351,362,38,38,38,38],"floor_reached":24,"language":"KOR","playtime":1274,"items_purged":[],"score":213,"play_id":"d0f59a64-a785-4bd1-961e-492f66c3e04c","local_time":"20210215030203","is_ascension_mode":false,"campfire_choices":[{"data":"Blade Dance","floor":6,"key":"SMITH"},{"floor":12,"key":"REST"},{"floor":15,"key":"REST"},{"data":"Blade Dance","floor":23,"key":"SMITH"}],"circlet_count":0,"master_deck":["Defend_G","Defend_G","Defend_G","Defend_G","Defend_G","Survivor","Neutralize","Poisoned Stab+1","Blade Dance+1","Flechettes","Envenom","Blade Dance+1","Terror","Blade Dance","Poisoned Stab","Well Laid Plans","Poisoned Stab","Wraith Form v2","Acrobatics+1","Dodge and Roll","Skewer","Bite","Bite","Bite","Bite","Bite","Backflip","Phantasmal Killer","Violence"],"relics":["WristBlade","HornCleat","Letter Opener","Mummified Hand","Black Star"],"acts_visited":["Exordium","TheCity"],"potions_floor_usage":[],"damage_taken":[{"damage":0,"enemies":"Small Slimes","floor":1,"turns":5},{"damage":0,"enemies":"Cultist","floor":3,"turns":4},{"damage":0,"enemies":"2 Louse","floor":4,"turns":2},{"damage":6,"enemies":"Exordium Wildlife","floor":5,"turns":2},{"damage":16,"enemies":"Large Slime","floor":7,"turns":3},{"damage":2,"enemies":"3 Louse","floor":8,"turns":4},{"damage":28,"enemies":"Exordium Thugs","floor":10,"turns":4},{"damage":0,"enemies":"Lagavulin Event","floor":13,"turns":3},{"damage":32,"enemies":"Hexaghost","floor":16,"turns":7},{"damage":14,"enemies":"Spheric Guardian","floor":18,"turns":4},{"damage":12,"enemies":"Shell Parasite","floor":21,"turns":3},{"damage":56,"enemies":"Slavers","floor":24,"turns":4}],"seed_played":"-9079543072128009133","potions_obtained":[{"floor":5,"key":"Weak Potion"},{"floor":8,"key":"AttackPotion"},{"floor":10,"key":"CunningPotion"},{"floor":13,"key":"EssenceOfSteel"}],"is_trial":false,"path_per_floor":["M","?","M","M","M","R","M","M","T","M","$","R","?","T","R","B",null,"M","?","?","M","$","R","E"],"character_chosen":"THE_SILENT","items_purchased":["Poisoned Stab","Well Laid Plans","Phantasmal Killer","Violence"],"campfire_rested":2,"item_purchase_floors":[11,11,22,22],"current_hp_per_floor":[70,70,70,70,64,64,48,46,46,18,18,39,39,39,60,28,70,56,56,49,41,41,41,0,0],"gold":38,"neow_bonus":"BOSS_RELIC","is_daily":false,"chose_seed":false,"campfire_upgraded":2,"win_rate":0.0,"timestamp":1613325723,"path_taken":["M","?","M","?","M","R","M","M","T","M","$","R","?","?","R","BOSS","M","?","?","M","$","R","E"],"items_purchased_type":["Card","Card","Card","Card"],"build_version":"2020-12-22","purchased_purges":0,"victory":false,"max_hp_per_floor":[70,70,70,70,70,70,70,70,70,70,70,70,70,70,70,70,70,70,70,49,49,49,49,49,49],"card_choices":[{"not_picked":["Underhanded Strike","Deflect"],"picked":"Poisoned Stab","floor":1},{"not_picked":["Dagger Throw","Dagger Spray"],"picked":"Blade Dance","floor":3},{"not_picked":["Quick Slash","Dash"],"picked":"Flechettes","floor":4},{"not_picked":["Dagger Throw","Underhanded Strike"],"picked":"Envenom","floor":5},{"not_picked":["Flying Knee","Distraction"],"picked":"Blade Dance","floor":7},{"not_picked":["Slice","Outmaneuver"],"picked":"Terror","floor":8},{"not_picked":["Dash","Underhanded Strike"],"picked":"Blade Dance","floor":10},{"not_picked":["Deflect","Escape Plan"],"picked":"Poisoned Stab","floor":13},{"not_picked":["Venomology","Night Terror"],"picked":"Wraith Form v2","floor":16},{"not_picked":["Quick Slash","Poisoned Stab"],"picked":"Acrobatics+1","floor":18},{"not_picked":["Quick Slash+1","Poisoned Stab+1"],"picked":"Backflip","floor":21}],"player_experience":769,"relics_obtained":[{"floor":9,"key":"HornCleat"},{"floor":13,"key":"Letter Opener"},{"floor":14,"key":"Mummified Hand"}],"event_choices":[{"damage_healed":0,"gold_gain":0,"player_choice":"Forge","damage_taken":0,"max_hp_gain":0,"max_hp_loss":0,"event_name":"Accursed Blacksmith","floor":2,"gold_loss":0,"cards_upgraded":["Poisoned Stab"]},{"damage_healed":0,"gold_gain":0,"player_choice":"Searched \u00271\u0027 times","damage_taken":0,"max_hp_gain":0,"max_hp_loss":0,"event_name":"Dead Adventurer","floor":13,"gold_loss":0},{"damage_healed":0,"gold_gain":0,"cards_transformed":["Strike_G","Strike_G"],"player_choice":"Became Test Subject","damage_taken":0,"max_hp_gain":0,"max_hp_loss":0,"event_name":"Drug Dealer","floor":19,"gold_loss":0,"cards_obtained":["Dodge and Roll","Skewer"]},{"damage_healed":0,"gold_gain":0,"player_choice":"Became a vampire","damage_taken":0,"max_hp_gain":0,"max_hp_loss":21,"event_name":"Vampires","floor":20,"gold_loss":0,"cards_obtained":["Bite","Bite","Bite","Bite","Bite"]}],"is_beta":false,"boss_relics":[{"not_picked":["SacredBark","Coffee Dripper"],"picked":"Black Star"}],"items_purged_floors":[],"is_endless":false,"potions_floor_spawned":[5,8,10,13],"killed_by":"Slavers","ascension_level":0}}