{"host":"c3lc60y5x60jlt1y","time":1613329512,"event":{"mods":["AchievementEnabler","BaseMod","Bestiary","Colored Map","Minty Spire (QoL Compilation)","Quick Restart","StSLib","ojb\u0027s Info Mod"],"gold_per_floor":[19,19,35,35,35,68,68,108,108,108,108],"floor_reached":10,"language":"ENG","playtime":15117,"items_purged":[],"score":148,"play_id":"1c182cb0-1462-4cb9-8023-e456a8146eaa","local_time":"20210214210512","is_ascension_mode":true,"campfire_choices":[{"floor":7.0,"key":"REST"}],"circlet_count":0,"master_deck":["AscendersBane","Strike_B","Strike_B","Strike_B","Strike_B","Defend_B","Defend_B","Defend_B","Defend_B","Zap","Dualcast","Secret Technique","Streamline","Turbo","Chill","Steam Power"],"relics":["Cracked Core","Golden Idol","Cables","Ginger","DataDisk","Orichalcum"],"acts_visited":["Exordium"],"potions_floor_usage":[],"damage_taken":[{"damage":4.0,"enemies":"Small Slimes","floor":1.0,"turns":3.0},{"damage":0.0,"enemies":"2 Louse","floor":3.0,"turns":1.0},{"damage":41.0,"enemies":"Gremlin Nob","floor":6.0,"turns":4.0},{"damage":28,"enemies":"Lagavulin","floor":8,"turns":8},{"damage":26,"enemies":"Gremlin Nob","floor":10,"turns":3}],"seed_played":"4016887092986439233","potions_obtained":[],"is_trial":false,"path_per_floor":["M","?","M","?","T","E","R","E","T","E"],"character_chosen":"DEFECT","items_purchased":[],"campfire_rested":1,"item_purchase_floors":[],"current_hp_per_floor":[60,60,60,65,65,24,44,16,16,0,0],"gold":108,"neow_bonus":"RANDOM_COLORLESS_2","is_daily":false,"chose_seed":false,"campfire_upgraded":0,"win_rate":0.0,"timestamp":1613329512,"path_taken":["M","?","M","?","?","E","R","E","T","E"],"items_purchased_type":[],"build_version":"2020-12-22","purchased_purges":0,"victory":false,"max_hp_per_floor":[71,64,64,69,69,69,69,69,69,69,69],"card_choices":[{"not_picked":["HandOfGreed","Sadistic Nature"],"picked":"Secret Technique","floor":0.0},{"not_picked":["Ball Lightning","Leap"],"picked":"Streamline","floor":1.0},{"not_picked":["Streamline","Blizzard"],"picked":"Turbo","floor":3.0},{"not_picked":["Redo","Reinforced Body"],"picked":"Chill","floor":6.0},{"not_picked":["Chill","Aggregate"],"picked":"Steam Power","floor":8}],"player_experience":9310739,"relics_obtained":[{"floor":5.0,"key":"Cables"},{"floor":6.0,"key":"Ginger"},{"floor":8,"key":"DataDisk"},{"floor":9,"key":"Orichalcum"}],"event_choices":[{"damage_healed":0.0,"max_hp_gain":0.0,"max_hp_loss":7.0,"gold_gain":0.0,"event_name":"Golden Idol","player_choice":"Lose Max HP","floor":2.0,"gold_loss":0.0,"damage_taken":0.0,"relics_obtained":["Golden Idol"]},{"damage_healed":0.0,"max_hp_gain":5.0,"max_hp_loss":0.0,"gold_gain":0.0,"event_name":"Big Fish","player_choice":"Donut","floor":4.0,"gold_loss":0.0,"damage_taken":0.0}],"is_beta":false,"boss_relics":[],"items_purged_floors":[],"is_endless":false,"potions_floor_spawned":[],"killed_by":"Gremlin Nob","ascension_level":20}}