{"host":"y6zg4wwu39otf01a","time":1613280648,"event":{"mods":["Act Like it!","Aspiration","BaseMod","Better Altar","Better Match","Better Note","Better Sensory Stone","Better Skull","Better Third Choice","Challenge The Spire","Colored Map","Colored Powertips","Conspire","GifTheSpireLib","Glutton Mod","Halation","Hermit","Highlight Path","Hubris","Infinite Spire","Mimic Mod","Minty Spire (QoL Compilation)","Quick Restart","Random Character Button","Rare Cards Sparkle","Replay The Spire","Retaliation","Spicy Shops","Spire Arcade","StSLib","Stuff the Spire","The Blue Laboratory","The Jungle"],"gold_per_floor":[114,114,134,146,146,146,171,171,171,189,289,309,320,440,440,544,644,662,662,662,662,672,772,772,912,892,892,476,476,592,609,609,704,704,718,718,729,740,740,740],"floor_reached":39,"language":"ENG","playtime":14713,"items_purged":[],"score":671,"play_id":"e8a332d3-233b-48a3-843e-7481cc81584c","local_time":"20210213233048","is_ascension_mode":true,"campfire_choices":[{"data":"Blur","floor":6,"key":"SMITH"},{"data":"Venomology","floor":15,"key":"SMITH"},{"data":"StuffTheSpire:Innocence","floor":24,"key":"SMITH"},{"data":"Tools of the Trade","floor":29,"key":"SMITH"},{"data":"Tactician","floor":32,"key":"SMITH"}],"circlet_count":0,"master_deck":["Strike_G","Strike_G","Strike_G","Strike_G","Strike_G","Defend_G","Defend_G","Defend_G","Defend_G","Defend_G","Survivor","Neutralize+1","Acrobatics","Infinite Blades","Blur+1","Venomology+1","StuffTheSpire:Innocence+1","Blade Dance","Slice","Skewer","Tools of the Trade+1","Tactician+1","Acrobatics","Slice","Backflip","ReplayTheSpireMod:From All Sides","Accuracy","Hidden Blade","Heel Hook","hubris:NaturalOne","hubris:Sniper","Storm of Steel","Backstab","Writhe","Clumsy","Writhe","Finisher+1","Injury","hermit:Covet","Phantasmal Killer","infinitespire:FutureSight","infinitespire:Collect","infinitespire:Gouge","ReplayTheSpireMod:Uncanny Aura","Blade Dance+1","Endless Agony"],"relics":["Philosopher\u0027s Stone","FaceOfCleric","conspire:Flyswatter","StuffTheSpire:TintedRock","StuffTheSpire:HeavyRock","Replay:Grab Bag","Replay:Wanted Poster","Replay:Bronze Core","halation:Prosthetics","hubris:Icosahedron","The Courier","Blue Candle","halation:TwoAmDonut","Membership Card","Lee\u0027s Waffle","Replay:Bottled Flurry","Lantern","Pen Nib","Replay:Ancient Bell","StuffTheSpire:Mouthbags","halation:SelfBoilingWater","TungstenRod","ReplayTheSpireMod:SealedPack","hubris:Zylophone"],"acts_visited":["Exordium","TheCity","TheBeyond"],"potions_floor_usage":[10,13,14,16,16,18,22,23,23,30,30,33,33,33,37,38,38,39],"damage_taken":[{"damage":0,"enemies":"conspire:RoseBush","floor":1,"turns":3},{"damage":0,"enemies":"Cultist","floor":3,"turns":4},{"damage":0,"enemies":"Small Slimes","floor":4,"turns":3},{"damage":13,"enemies":"Replay:BlueRogue","floor":7,"turns":9},{"damage":2,"enemies":"2 Fungi Beasts","floor":10,"turns":5},{"damage":0,"enemies":"Looter","floor":12,"turns":4},{"damage":0,"enemies":"Gremlin Gang","floor":13,"turns":3},{"damage":19,"enemies":"3 Sentries","floor":14,"turns":9},{"damage":46,"enemies":"The Guardian","floor":16,"turns":15},{"damage":5,"enemies":"3 Byrds","floor":18,"turns":6},{"damage":2,"enemies":"Spheric Guardian","floor":22,"turns":6},{"damage":5,"enemies":"Replay:Snechameleon","floor":23,"turns":5},{"damage":3,"enemies":"Nightmare","floor":25,"turns":8},{"damage":1,"enemies":"Snecko","floor":26,"turns":5},{"damage":0,"enemies":"conspire:SneckoGhost","floor":30,"turns":3},{"damage":4,"enemies":"Snecko","floor":31,"turns":4},{"damage":7,"enemies":"Champ","floor":33,"turns":7},{"damage":38,"enemies":"3 Shapes","floor":35,"turns":3},{"damage":20,"enemies":"3 Darklings","floor":37,"turns":4},{"damage":0,"enemies":"Maw","floor":38,"turns":4},{"damage":18,"enemies":"Spire Growth","floor":39,"turns":1}],"seed_played":"1862665719034846629","potions_obtained":[{"floor":4,"key":"blueLaboratory:Moonshine"},{"floor":14,"key":"blueLaboratory:RecallPotion"},{"floor":16,"key":"blueLaboratory:StoneskinPotion"},{"floor":18,"key":"blueLaboratory:EnvenomedCoating"},{"floor":25,"key":"blueLaboratory:NinjaPotion"},{"floor":30,"key":"Reflective Coating"},{"floor":37,"key":"blueLaboratory:EnvenomedCoating"},{"floor":38,"key":"blueLaboratory:ArtistsPotion"}],"is_trial":false,"path_per_floor":["M","?","M","M","?","R","E","?","T","M","?","M","M","E","R","B",null,"M","?","?","?","M","E","R","NM","MIM","?","$","R","E","M","R","B",null,"M","AVR","M","M","M"],"character_chosen":"THE_SILENT","items_purchased":["Membership Card","Accuracy","Hidden Blade","Lee\u0027s Waffle","Replay:Bottled Flurry","Lantern","Heel Hook"],"campfire_rested":0,"item_purchase_floors":[28,28,28,28,28,28,28],"current_hp_per_floor":[70,70,71,72,72,72,60,53,53,52,52,53,54,51,51,6,43,39,39,39,39,38,34,34,32,32,32,55,55,56,53,53,47,58,21,21,2,3,0,0],"gold":740,"neow_bonus":"BOSS_RELIC","is_daily":false,"chose_seed":false,"campfire_upgraded":5,"win_rate":0.0,"timestamp":1613280648,"path_taken":["M","?","M","?","?","R","E","?","T","M","?","?","?","E","R","BOSS","M","?","?","?","M","E","R","NM","MIM","?","$","R","E","?","R","BOSS","M","AVR","M","M","M"],"items_purchased_type":["Relic","Card","Card","Relic","Relic","Relic","Card"],"build_version":"2020-12-22","purchased_purges":0,"victory":false,"max_hp_per_floor":[70,70,71,72,72,72,73,73,73,74,74,75,76,77,77,78,43,44,44,44,44,45,46,46,47,48,48,55,55,56,57,57,58,58,59,59,60,61,61,61],"card_choices":[{"not_picked":["StuffTheSpire:Sprint","Underhanded Strike"],"picked":"Acrobatics","floor":1},{"not_picked":["hubris:SlightOfHand","StuffTheSpire:BumpUp"],"picked":"Infinite Blades","floor":3},{"not_picked":["StuffTheSpire:Fury","Concentrate"],"picked":"Blur","floor":4},{"not_picked":["Infinite Blades","Distraction"],"picked":"Venomology","floor":7},{"not_picked":["Bane","Sucker Punch"],"picked":"Blade Dance","floor":10},{"not_picked":["StuffTheSpire:Injection","Bane"],"picked":"Slice","floor":12},{"not_picked":["Dodge and Roll","Dagger Spray","Noxious Fumes"],"picked":"SKIP","floor":13},{"not_picked":["Fluid Movement","ReplayTheSpireMod:Speed Training"],"picked":"Skewer","floor":14},{"not_picked":["Doppelganger","Burst"],"picked":"Tools of the Trade","floor":16},{"not_picked":["Deflect","Deadly Poison"],"picked":"Tactician","floor":18},{"not_picked":["Deadly Poison+1","Acrobatics"],"picked":"Slice","floor":22},{"not_picked":["Dagger Spray","Bane"],"picked":"Backflip","floor":23},{"not_picked":["Crippling Poison","Noxious Fumes"],"picked":"hubris:SlightOfHand","floor":25},{"not_picked":["PiercingWail","Prepared+1"],"picked":"Backstab","floor":26},{"not_picked":["Atom Bomb","Backflip+1","Sneak Up+1"],"picked":"SKIP","floor":30},{"not_picked":["Dagger Throw+1","Prepared"],"picked":"hubris:Sniper","floor":31},{"not_picked":["Doppelganger","Venomology"],"picked":"Storm of Steel","floor":33},{"not_picked":["Parasite","Replay:Hysterical Blindness"],"picked":"Writhe","floor":34},{"not_picked":["Decay","Delirium"],"picked":"Clumsy","floor":34},{"not_picked":["conspire:Blindness","Amnesia"],"picked":"Writhe","floor":34},{"not_picked":["Replay:Poison Smokescreen+1","Hidden Blade+1"],"picked":"Finisher+1","floor":35},{"not_picked":["hubris:MerchantsHand","Dualcast"],"picked":"hermit:Covet","floor":36},{"not_picked":["Atom Bomb","Envenom"],"picked":"Phantasmal Killer","floor":36},{"not_picked":["ReplayTheSpireMod:??????????????????????","infinitespire:SevenWalls"],"picked":"infinitespire:FutureSight","floor":36},{"not_picked":["Swift Strike","Good Instincts"],"picked":"ReplayTheSpireMod:Uncanny Aura","floor":36},{"not_picked":["Underhanded Strike+1","Cloak And Dagger"],"picked":"Blade Dance+1","floor":37},{"not_picked":["Flechettes+1","Footwork+1"],"picked":"Endless Agony","floor":38}],"player_experience":809306,"relics_obtained":[{"floor":7,"key":"conspire:Flyswatter"},{"floor":9,"key":"StuffTheSpire:TintedRock"},{"floor":14,"key":"StuffTheSpire:HeavyRock"},{"floor":23,"key":"The Courier"},{"floor":25,"key":"Blue Candle"},{"floor":26,"key":"halation:TwoAmDonut"},{"floor":30,"key":"Pen Nib"}],"event_choices":[{"damage_healed":0,"gold_gain":0,"player_choice":"Trade","damage_taken":0,"relics_obtained":["FaceOfCleric"],"max_hp_gain":0,"max_hp_loss":0,"event_name":"FaceTrader","floor":2,"gold_loss":0},{"damage_healed":0,"gold_gain":0,"player_choice":"Grow","damage_taken":0,"max_hp_gain":0,"max_hp_loss":0,"event_name":"Living Wall","floor":5,"gold_loss":0,"cards_upgraded":["Neutralize"]},{"damage_healed":0,"gold_gain":100,"player_choice":"Pray","damage_taken":0,"max_hp_gain":0,"max_hp_loss":0,"event_name":"Golden Shrine","floor":11,"gold_loss":0},{"damage_healed":0,"gold_gain":0,"player_choice":"Read","damage_taken":0,"max_hp_gain":0,"max_hp_loss":0,"event_name":"The Library","floor":19,"gold_loss":0,"cards_obtained":["Acrobatics"]},{"damage_healed":0,"gold_gain":0,"player_choice":"Ignored","damage_taken":0,"max_hp_gain":0,"max_hp_loss":0,"event_name":"Ghosts","floor":21,"gold_loss":0},{"damage_healed":0,"gold_gain":0,"cards_transformed":["hubris:SlightOfHand"],"player_choice":"Transformed","damage_taken":0,"max_hp_gain":0,"max_hp_loss":0,"event_name":"Transmorgrifier","floor":27,"gold_loss":0,"cards_obtained":["ReplayTheSpireMod:From All Sides"]}],"is_beta":false,"boss_relics":[{"not_picked":["halation:Risk","hubris:VirtuousBlindfold"],"picked":"Replay:Grab Bag"},{"not_picked":["Velvet Choker","halation:IncompleteEncyclopedia"],"picked":"Replay:Wanted Poster"},{"not_picked":["Runic Dome","Busted Crown"],"picked":"Replay:Bronze Core"},{"not_picked":["hubris:ScarierMask","halation:MonkeysPaw"],"picked":"halation:Prosthetics"},{"not_picked":["conspire:SpecialSausage","aspiration:RunicSpoon"],"picked":"Replay:Ancient Bell"},{"not_picked":["Simple Rune","halation:LettersToHer"],"picked":"StuffTheSpire:Mouthbags"},{"not_picked":["infinitespire:EmpoweringShard","hubris:PeanutButter"],"picked":"halation:SelfBoilingWater"},{"not_picked":["Replay:Arrowhead","hubris:MedicalManual"],"picked":"TungstenRod"}],"items_purged_floors":[],"is_endless":false,"potions_floor_spawned":[4,14,16,18,25,30,37,38],"killed_by":"Spire Growth","ascension_level":2}}