{"host":"xw7092rw7wabncmm","time":1613270075,"event":{"mods":["AchievementEnabler","BaseMod","Bestiary","Block Reminder","Minty Spire (QoL Compilation)","Quick Restart","Relic Stats","Slay-I","Weighted Paths"],"gold_per_floor":[117,129,79,79,99,99,134,134,211,211,230,230,273,301,301,301,301],"floor_reached":16,"language":"ENG","playtime":699,"items_purged":[],"score":165,"play_id":"7b8a8c7c-9a89-430c-abcb-a46c1dfee4e3","local_time":"20210213213435","is_ascension_mode":true,"campfire_choices":[{"data":"Zap","floor":6,"key":"SMITH"},{"data":"Go for the Eyes","floor":10,"key":"SMITH"},{"floor":12,"key":"REST"},{"floor":15,"key":"REST"}],"circlet_count":0,"master_deck":["AscendersBane","Strike_B","Strike_B","Strike_B","Strike_B","Defend_B","Defend_B","Defend_B","Defend_B","Zap+1","Panache","Go for the Eyes","Go for the Eyes+1","Steam","Beam Cell","Cold Snap+1","FTL+1","Gash+1"],"relics":["Cracked Core","Golden Idol","Strawberry","Akabeko","Molten Egg 2","CeramicFish"],"acts_visited":["Exordium"],"potions_floor_usage":[7],"damage_taken":[{"damage":0,"enemies":"Small Slimes","floor":1,"turns":4},{"damage":4,"enemies":"Jaw Worm","floor":2,"turns":3},{"damage":4,"enemies":"2 Louse","floor":5,"turns":3},{"damage":37,"enemies":"3 Sentries","floor":7,"turns":10},{"damage":9,"enemies":"Looter","floor":11,"turns":3},{"damage":22,"enemies":"Lagavulin","floor":13,"turns":6},{"damage":0,"enemies":"3 Louse","floor":14,"turns":3},{"damage":39,"enemies":"The Guardian","floor":16,"turns":11}],"seed_played":"49045127703601161","potions_obtained":[{"floor":1,"key":"Regen Potion"},{"floor":5,"key":"PotionOfCapacity"}],"is_trial":false,"path_per_floor":["M","M","?","?","M","R","E","?","T","R","M","R","E","M","R","B"],"character_chosen":"DEFECT","items_purchased":[],"campfire_rested":2,"item_purchase_floors":[],"current_hp_per_floor":[50,46,46,46,42,42,27,24,24,24,15,37,15,15,37,0,0],"gold":301,"neow_bonus":"RANDOM_COLORLESS_2","is_daily":false,"chose_seed":false,"campfire_upgraded":2,"win_rate":0.0,"timestamp":1613270075,"path_taken":["M","M","?","?","M","R","E","?","T","R","M","R","E","M","R","BOSS"],"items_purchased_type":[],"build_version":"2020-12-22","purchased_purges":0,"victory":false,"max_hp_per_floor":[75,75,75,69,69,69,76,76,76,76,76,76,76,76,76,76,76],"relic_stats":{"counters":[8,43],"Golden Idol":26,"CeramicFish":18,"obtain_stats":[{"Golden Idol":4,"Strawberry":7,"CeramicFish":13,"Molten Egg 2":9,"Cracked Core":0,"Akabeko":8},{"Golden Idol":2,"Strawberry":4,"CeramicFish":6,"Molten Egg 2":4,"Cracked Core":0,"Akabeko":4},{"Golden Idol":7,"Strawberry":20,"CeramicFish":29,"Molten Egg 2":20,"Cracked Core":0,"Akabeko":20}]},"card_choices":[{"not_picked":["Chrysalis","Sadistic Nature"],"picked":"Panache","floor":0},{"not_picked":["Cold Snap","Chaos"],"picked":"Go for the Eyes","floor":1},{"not_picked":["Loop","Conserve Battery"],"picked":"Go for the Eyes","floor":2},{"not_picked":["Fusion","Sunder"],"picked":"Steam","floor":5},{"not_picked":["Barrage","Buffer"],"picked":"Beam Cell","floor":7},{"not_picked":["Heatsinks","Turbo"],"picked":"Cold Snap+1","floor":11},{"not_picked":["Cold Snap+1","Beam Cell+1"],"picked":"FTL+1","floor":13},{"not_picked":["Conserve Battery","Ball Lightning+1"],"picked":"Gash+1","floor":14}],"player_experience":1640515,"relics_obtained":[{"floor":7,"key":"Strawberry"},{"floor":9,"key":"Molten Egg 2"},{"floor":13,"key":"CeramicFish"}],"event_choices":[{"cards_removed":["Dualcast"],"damage_healed":0,"gold_gain":0,"player_choice":"Card Removal","damage_taken":0,"max_hp_gain":0,"max_hp_loss":0,"event_name":"The Cleric","floor":3,"gold_loss":50},{"damage_healed":0,"gold_gain":0,"player_choice":"Lose Max HP","damage_taken":0,"relics_obtained":["Golden Idol"],"max_hp_gain":0,"max_hp_loss":6,"event_name":"Golden Idol","floor":4,"gold_loss":0},{"damage_healed":0,"gold_gain":0,"player_choice":"Success","damage_taken":3,"relics_obtained":["Akabeko"],"max_hp_gain":0,"max_hp_loss":0,"event_name":"Scrap Ooze","floor":8,"gold_loss":0}],"is_beta":false,"boss_relics":[],"items_purged_floors":[],"is_endless":false,"potions_floor_spawned":[1,5],"killed_by":"The Guardian","ascension_level":10}}