{"host":"7r6bd5ce6zscnmwq","time":1613268021,"event":{"mods":["BaseMod","Block Reminder","Colored Map","Colored Powertips","Curses Come First","Downfall","Minty Spire (QoL Compilation)","Quick Restart","Shop Mod","Spicy Shops","StSLib"],"gold_per_floor":[0,20,30,30,30,50,99,249,276,276,276,292,330,349,367,468,468,468,479,491,511,511,511,511,523,539,551,570,570,570,570],"floor_reached":29,"language":"ENG","playtime":2547,"items_purged":[],"score":243,"play_id":"1e059139-9395-45eb-8c10-1e28b1122d69","local_time":"20210214110021","is_ascension_mode":true,"campfire_choices":[{"data":"bronze:Virus","floor":1.0,"key":"SMITH"},{"floor":10.0,"key":"REST"},{"data":"bronze:Optimize","floor":18.0,"key":"SMITH"},{"data":"bronze:FineTuning","floor":23.0,"key":"SMITH"}],"circlet_count":0,"master_deck":["bronze:Strike","bronze:Strike","bronze:Defend","bronze:Defend","bronze:Defend","bronze:Replicate","bronze:Goto","bronze:ItsAFeature","bronze:Virus+1","bronze:BugBarrage","bronze:Constructor","bronze:InfiniteLoop","bronze:Format","downfall:Icky","Parasite","bronze:NullPointer","bronze:Optimize+1","bronze:Break","bronze:FineTuning+1","bronze:Shell","downfall:Haunted","bronze:CleanCode","bronze:Deprecate","bronze:Turbo","bronze:Invalidate"],"relics":["bronze:BronzeCore","Tiny Chest","White Beast Statue","Vajra","Cursed Key"],"acts_visited":["Exordium","TheCity"],"potions_floor_usage":[27,28,29,29],"damage_taken":[{"damage":0.0,"enemies":"2 Louse","floor":2.0,"turns":2.0},{"damage":10.0,"enemies":"Small Slimes","floor":3.0,"turns":2.0},{"damage":6.0,"enemies":"Jaw Worm","floor":6.0,"turns":2.0},{"damage":21.0,"enemies":"Gremlin Nob","floor":9.0,"turns":4.0},{"damage":9.0,"enemies":"Exordium Wildlife","floor":12.0,"turns":2.0},{"damage":0.0,"enemies":"downfall:FleeingMerchant","floor":13.0,"turns":4.0},{"damage":16.0,"enemies":"3 Sentries","floor":14.0,"turns":5.0},{"damage":18.0,"enemies":"Lots of Slimes","floor":15.0,"turns":4.0},{"damage":12.0,"enemies":"SI_SHIV_ARCHETYPE","floor":16.0,"turns":7.0},{"damage":3.0,"enemies":"downfall:LooterAlt2","floor":19.0,"turns":3.0},{"damage":0.0,"enemies":"Spheric Guardian","floor":20.0,"turns":2.0},{"damage":16.0,"enemies":"Snecko","floor":21.0,"turns":5.0},{"damage":18.0,"enemies":"Centurion and Healer","floor":25.0,"turns":3.0},{"damage":0.0,"enemies":"3 Cultists","floor":26.0,"turns":2.0},{"damage":13,"enemies":"Snake Plant","floor":27,"turns":5},{"damage":16,"enemies":"Cultist and Chosen","floor":28,"turns":8},{"damage":4,"enemies":"Slavers","floor":29,"turns":1}],"seed_played":"8751903974523427294","potions_obtained":[{"floor":3.0,"key":"EssenceOfSteel"},{"floor":9.0,"key":"AttackPotion"},{"floor":12.0,"key":"Ancient Potion"},{"floor":13.0,"key":"bronze:BuildAFunctionPotion"},{"floor":15.0,"key":"BlessingOfTheForge"},{"floor":16.0,"key":"Dexterity Potion"},{"floor":19.0,"key":"DuplicationPotion"},{"floor":20.0,"key":"bronze:FreeFunctionsPotion"},{"floor":22.0,"key":"SteroidPotion"},{"floor":25.0,"key":"Guardian:BlockOnCardUsePotion"},{"floor":26.0,"key":"GamblersBrew"},{"floor":27,"key":"Dexterity Potion"},{"floor":28,"key":"Explosive Potion"}],"is_trial":false,"path_per_floor":["R","M","M","?","?","M","T","?","E","R","?","M","$","E","M","B",null,"R","M","M","M","?","R","T","M","M","M","M","E"],"character_chosen":"THE_AUTOMATON","items_purchased":[],"campfire_rested":1,"item_purchase_floors":[],"current_hp_per_floor":[70,70,60,60,60,54,54,54,33,54,70,61,61,45,27,15,70,70,67,67,51,51,51,51,33,33,20,4,0,0,0],"gold":570,"neow_bonus":"TRANSFORM_TWO_CARDS","is_daily":false,"chose_seed":false,"campfire_upgraded":3,"win_rate":0.0,"timestamp":1613268021,"path_taken":["R","M","M","?","?","M","T","?","E","R","?","M","?","E","M","BOSS","R","M","M","M","?","R","T","M","?","M","?","E"],"items_purchased_type":[],"build_version":"2020-12-22","purchased_purges":0,"victory":false,"max_hp_per_floor":[70,70,70,70,70,70,70,70,70,70,70,70,70,70,70,70,70,70,70,70,70,70,70,70,70,70,70,70,70,70,70],"card_choices":[{"not_picked":["bronze:WhirlingStrike","bronze:BronzeOrb"],"picked":"bronze:BugBarrage","floor":2.0},{"not_picked":["bronze:Allocate","bronze:WhirlingStrike"],"picked":"bronze:Constructor","floor":3.0},{"not_picked":["bronze:ForLoop","bronze:NullPointer"],"picked":"bronze:Format","floor":6.0},{"not_picked":["bronze:Branch","bronze:WildBeam","bronze:DigitalCarnage"],"picked":"SKIP","floor":9.0},{"not_picked":["bronze:WildBeam","bronze:BronzeArmor","bronze:NullPointer"],"picked":"SKIP","floor":12.0},{"not_picked":["bronze:DigitalCarnage","bronze:Overheat"],"picked":"bronze:NullPointer","floor":14.0},{"not_picked":["bronze:OilSpill","bronze:Turbo"],"picked":"bronze:Optimize","floor":15.0},{"not_picked":["bronze:FindAndReplace","bronze:SpaghettiCode"],"picked":"bronze:Break","floor":16.0},{"not_picked":["bronze:ForceShield","bronze:DelayedGuard"],"picked":"bronze:FineTuning","floor":19.0},{"not_picked":["bronze:Iterate","bronze:BitShift+1","bronze:CloningBeam"],"picked":"SKIP","floor":20.0},{"not_picked":["bronze:DigitalCarnage","bronze:DelayedGuard"],"picked":"bronze:Shell","floor":21.0},{"not_picked":["bronze:ClassDefault","bronze:Turbo"],"picked":"bronze:CleanCode","floor":25.0},{"not_picked":["bronze:Iterate+1","bronze:WildBeam"],"picked":"bronze:Deprecate","floor":26.0},{"not_picked":["bronze:Shell","bronze:Overload"],"picked":"bronze:Turbo","floor":27},{"not_picked":["bronze:Constructor+1","bronze:Overload"],"picked":"bronze:Invalidate","floor":28}],"player_experience":676861,"relics_obtained":[{"floor":7.0,"key":"Tiny Chest"},{"floor":9.0,"key":"White Beast Statue"},{"floor":13.0,"key":"Vajra"}],"event_choices":[{"damage_healed":17.0,"max_hp_gain":0.0,"max_hp_loss":0.0,"gold_gain":0.0,"event_name":"Mushrooms","player_choice":"Healed and dodged fight","floor":11.0,"gold_loss":0.0,"damage_taken":0.0,"cards_obtained":["Parasite"]},{"damage_healed":0.0,"max_hp_gain":0.0,"max_hp_loss":0.0,"gold_gain":0.0,"event_name":"Lab","player_choice":"Got Potions","floor":22.0,"gold_loss":0.0,"damage_taken":0.0}],"is_beta":false,"boss_relics":[{"not_picked":["bronze:PlatinumCore","Tiny House"],"picked":"Cursed Key"}],"items_purged_floors":[],"is_endless":false,"potions_floor_spawned":[3,9,12,13,15,16,19,20,21,25,26,27,28],"killed_by":"Slavers","ascension_level":1}}