{"host":"krw8kyiy0um8ye49","time":1613295874,"event":{"mods":["BaseMod","Minty Spire (QoL Compilation)","StSLib"],"gold_per_floor":[111,111,111,121,121,147,167,97,143,158,178,197,197,231,231,331,331,347,120,139,139,139,169,184,184,184,202,233,32,32,46,46,147,147,163,163,211,211,211,240,240,274,274,290,32,45,55,55,55,55],"floor_reached":51,"language":"ENG","playtime":3086,"items_purged":["Strike_B","Strike_B"],"score":943,"play_id":"6bb4408a-33b6-4cef-bbac-f52cf8a02158","local_time":"20210214104434","is_ascension_mode":true,"campfire_choices":[{"data":"Zap","floor":13,"key":"SMITH"},{"data":"Darkness","floor":15,"key":"SMITH"},{"data":"Echo Form","floor":25,"key":"SMITH"},{"data":"Seek","floor":30,"key":"SMITH"},{"data":"Go for the Eyes","floor":32,"key":"SMITH"},{"data":"Creative AI","floor":41,"key":"SMITH"},{"floor":49,"key":"REST"}],"circlet_count":0,"master_deck":["Strike_B","Strike_B","Defend_B","Defend_B","Defend_B","Defend_B","Zap+1","Dualcast+1","Sweeping Beam","Cold Snap","Undo","Darkness+1","Gash","All For One","Gash","Go for the Eyes+1","Seek+1","Coolheaded+1","All For One","Echo Form+1","Stack+1","Creative AI+1","Hologram","Madness","Madness","Double Energy","Blind"],"relics":["Cracked Core","NeowsBlessing","DataDisk","Happy Flower","Singing Bowl","SacredBark","PreservedInsect","Calipers","Matryoshka","Pantograph","TheAbacus","SlaversCollar","Molten Egg 2","Lantern","Ancient Tea Set","The Courier","Mummified Hand","Bottled Tornado","Bronze Scales"],"acts_visited":["Exordium","TheCity","TheBeyond"],"potions_floor_usage":[11,11,23,24,33,33,40,46,50,50],"damage_taken":[{"damage":0,"enemies":"Small Slimes","floor":1,"turns":1},{"damage":0,"enemies":"Jaw Worm","floor":4,"turns":1},{"damage":0,"enemies":"Gremlin Nob","floor":6,"turns":1},{"damage":0,"enemies":"Cultist","floor":7,"turns":2},{"damage":1,"enemies":"Looter","floor":10,"turns":3},{"damage":10,"enemies":"Gremlin Gang","floor":11,"turns":3},{"damage":12,"enemies":"Lots of Slimes","floor":12,"turns":3},{"damage":20,"enemies":"Lagavulin","floor":14,"turns":5},{"damage":1,"enemies":"Hexaghost","floor":16,"turns":8},{"damage":3,"enemies":"3 Byrds","floor":18,"turns":5},{"damage":0,"enemies":"Chosen","floor":20,"turns":3},{"damage":3,"enemies":"Gremlin Leader","floor":23,"turns":3},{"damage":2,"enemies":"Centurion and Healer","floor":24,"turns":6},{"damage":12,"enemies":"Snake Plant","floor":27,"turns":3},{"damage":22,"enemies":"Book of Stabbing","floor":28,"turns":4},{"damage":5,"enemies":"Cultist and Chosen","floor":31,"turns":4},{"damage":14,"enemies":"Champ","floor":33,"turns":8},{"damage":8,"enemies":"Orb Walker","floor":35,"turns":5},{"damage":42,"enemies":"Nemesis","floor":40,"turns":11},{"damage":3,"enemies":"Giant Head","floor":42,"turns":7},{"damage":5,"enemies":"3 Shapes","floor":44,"turns":5},{"damage":21,"enemies":"Maw","floor":46,"turns":4},{"damage":9,"enemies":"Jaw Worm Horde","floor":47,"turns":4},{"damage":44,"enemies":"Awakened One","floor":50,"turns":9}],"seed_played":"647636824775188880","potions_obtained":[{"floor":6,"key":"LiquidMemories"},{"floor":10,"key":"LiquidBronze"},{"floor":11,"key":"PotionOfCapacity"},{"floor":14,"key":"Energy Potion"},{"floor":16,"key":"EssenceOfSteel"},{"floor":18,"key":"PowerPotion"},{"floor":24,"key":"Weak Potion"},{"floor":33,"key":"PotionOfCapacity"},{"floor":40,"key":"CultistPotion"},{"floor":42,"key":"FearPotion"},{"floor":46,"key":"SpeedPotion"}],"is_trial":false,"path_per_floor":["M","?","?","M","?","E","M","$","T","M","M","M","R","E","R","B",null,"M","$","M","$","?","E","M","R","T","M","E","$","R","M","R","B",null,"M","?","T","?","?","E","R","E","T","M","$","M","M","?","R","B",null],"character_chosen":"DEFECT","items_purchased":["Darkness","PreservedInsect","TheAbacus","BlessingOfTheForge","Bronze Scales","Regen Potion"],"campfire_rested":1,"item_purchase_floors":[8,19,29,29,45,45],"current_hp_per_floor":[75,75,75,75,75,75,75,75,75,74,64,52,52,32,32,31,75,72,72,74,74,74,71,69,69,69,59,39,39,39,36,36,47,83,75,65,65,65,65,25,25,24,24,19,19,19,12,12,39,20],"gold":55,"neow_bonus":"THREE_ENEMY_KILL","is_daily":false,"chose_seed":false,"campfire_upgraded":6,"win_rate":0.0,"timestamp":1613295874,"path_taken":["M","?","?","?","?","E","M","$","T","?","?","M","R","E","R","BOSS","M","?","M","$","?","E","M","R","T","M","E","$","R","?","R","BOSS","M","?","?","?","?","E","R","E","T","M","$","?","M","?","R","BOSS"],"items_purchased_type":["Card","Relic","Relic","Potion","Relic","Potion"],"build_version":"2020-12-22","purchased_purges":2,"victory":true,"max_hp_per_floor":[75,75,75,75,75,75,75,75,75,75,75,75,75,75,75,75,75,75,75,77,77,77,77,77,77,77,79,81,81,81,83,83,83,83,83,83,83,83,83,85,85,87,87,87,87,89,91,91,91,91],"card_choices":[{"not_picked":["Heatsinks","Steam"],"picked":"Sweeping Beam","floor":1},{"not_picked":["Streamline","White Noise"],"picked":"Cold Snap","floor":4},{"not_picked":["Stack","Reinforced Body"],"picked":"Undo","floor":6},{"not_picked":["All For One","Gash"],"picked":"Conserve Battery","floor":7},{"not_picked":["Static Discharge","Barrage"],"picked":"Gash","floor":10},{"not_picked":["Beam Cell","Ball Lightning"],"picked":"All For One","floor":11},{"not_picked":["Streamline","Redo"],"picked":"Gash","floor":12},{"not_picked":["Force Field","Conserve Battery"],"picked":"Go for the Eyes","floor":14},{"not_picked":["Core Surge","Thunder Strike"],"picked":"Seek","floor":16},{"not_picked":["Barrage+1","BootSequence"],"picked":"Coolheaded+1","floor":18},{"not_picked":["Turbo","Streamline","Barrage"],"picked":"Singing Bowl","floor":20},{"not_picked":["Darkness","Redo"],"picked":"Echo Form","floor":23},{"not_picked":["Conserve Battery+1","Leap"],"picked":"Stack+1","floor":24},{"not_picked":["Stack","Lockon","Redo"],"picked":"Singing Bowl","floor":27},{"not_picked":["Turbo","Lockon+1","Go for the Eyes"],"picked":"Singing Bowl","floor":28},{"not_picked":["Blizzard","Stack","Tempest"],"picked":"Singing Bowl","floor":31},{"not_picked":["Meteor Strike","Buffer"],"picked":"Creative AI","floor":33},{"not_picked":["Storm","Barrage+1"],"picked":"Hologram","floor":35},{"not_picked":["Barrage+1","Reboot","Beam Cell+1"],"picked":"Singing Bowl","floor":40},{"not_picked":["Doom and Gloom+1","Steam Power","Compile Driver+1"],"picked":"Singing Bowl","floor":42},{"not_picked":["Melter+1","Cold Snap+1"],"picked":"Double Energy","floor":44},{"not_picked":["Doom and Gloom+1","Steam","Barrage+1"],"picked":"Singing Bowl","floor":46},{"not_picked":["Leap+1","FTL+1","Go for the Eyes+1"],"picked":"Singing Bowl","floor":47}],"player_experience":168019,"relics_obtained":[{"floor":6,"key":"DataDisk"},{"floor":9,"key":"Happy Flower"},{"floor":14,"key":"Singing Bowl"},{"floor":23,"key":"Calipers"},{"floor":26,"key":"Matryoshka"},{"floor":28,"key":"Pantograph"},{"floor":37,"key":"Molten Egg 2"},{"floor":37,"key":"Lantern"},{"floor":40,"key":"Ancient Tea Set"},{"floor":42,"key":"The Courier"},{"floor":43,"key":"Mummified Hand"},{"floor":43,"key":"Bottled Tornado"}],"event_choices":[{"damage_healed":0,"gold_gain":0,"player_choice":"Leave","damage_taken":0,"max_hp_gain":0,"max_hp_loss":0,"event_name":"The Cleric","floor":2,"gold_loss":0},{"damage_healed":0,"gold_gain":0,"player_choice":"Full Heal","damage_taken":0,"max_hp_gain":0,"max_hp_loss":0,"event_name":"Wheel of Change","floor":3,"gold_loss":0},{"damage_healed":0,"gold_gain":0,"player_choice":"Upgraded","damage_taken":0,"max_hp_gain":0,"max_hp_loss":0,"event_name":"Upgrade Shrine","floor":5,"gold_loss":0,"cards_upgraded":["Dualcast"]},{"damage_healed":0,"gold_gain":0,"player_choice":"Copied","damage_taken":0,"max_hp_gain":0,"max_hp_loss":0,"event_name":"Duplicator","floor":22,"gold_loss":0,"cards_obtained":["All For One"]},{"damage_healed":0,"gold_gain":0,"player_choice":"Embrace Madness","damage_taken":10,"max_hp_gain":0,"max_hp_loss":0,"event_name":"Winding Halls","floor":36,"gold_loss":0,"cards_obtained":["Madness","Madness"]},{"damage_healed":0,"gold_gain":0,"player_choice":"Ignored","damage_taken":0,"max_hp_gain":0,"max_hp_loss":0,"event_name":"Tomb of Lord Red Mask","floor":38,"gold_loss":0},{"cards_removed":["Conserve Battery"],"damage_healed":0,"gold_gain":0,"player_choice":"Removed Skill","damage_taken":0,"max_hp_gain":0,"max_hp_loss":0,"event_name":"Falling","floor":39,"gold_loss":0},{"damage_healed":0,"gold_gain":0,"player_choice":"1 cards matched","damage_taken":0,"max_hp_gain":0,"max_hp_loss":0,"event_name":"Match and Keep!","floor":48,"gold_loss":0,"cards_obtained":["Blind"]}],"is_beta":false,"boss_relics":[{"not_picked":["Runic Dome","Philosopher\u0027s Stone"],"picked":"SacredBark"},{"not_picked":["Cursed Key","Nuclear Battery"],"picked":"SlaversCollar"}],"items_purged_floors":[19,45],"is_endless":false,"potions_floor_spawned":[6,10,11,14,16,18,24,31,33,40,42,46],"ascension_level":3}}