{"host":"i8x3uekhioq8aaet","time":1613296048,"event":{"mods":["AchievementEnabler","BaseMod","Colored Map","Colored Powertips","DeckTracker","Minty Spire (QoL Compilation)","Relic Sorter","StSLib"],"gold_per_floor":[115,130,22,22,22,22,22,22,46,46,56,56,70,84,84,187,187,199,199,9,22,22,22,22,22,22,22,22,51,51,51],"floor_reached":30,"language":"ZHT","playtime":1202,"items_purged":["Strike_G"],"score":257,"play_id":"9cdd18b0-ce08-4a2c-9849-d8eba9ada9b3","local_time":"20210214174728","is_ascension_mode":true,"campfire_choices":[{"floor":8.0,"key":"REST"},{"data":"Deadly Poison","floor":12.0,"key":"SMITH"},{"data":"Adrenaline","floor":15.0,"key":"SMITH"},{"data":"Deadly Poison","floor":23,"key":"SMITH"},{"data":"Unload","floor":25,"key":"SMITH"},{"data":"Survivor","floor":27,"key":"SMITH"}],"circlet_count":0,"master_deck":["Strike_G","Strike_G","Strike_G","Defend_G+1","Defend_G","Defend_G+1","Defend_G","Defend_G","Survivor+1","Neutralize","Deadly Poison+1","Slice","Poisoned Stab+1","Deadly Poison+1","Backflip","Adrenaline+1","Unload+1","Poisoned Stab+1","Choke+1","Decay","Storm of Steel","Riddle With Holes+1"],"relics":["Sozu","Snake Skull","Cursed Key","Membership Card","MealTicket","Ninja Scroll"],"acts_visited":["Exordium","TheCity"],"potions_floor_usage":[],"damage_taken":[{"damage":2.0,"enemies":"Small Slimes","floor":1.0,"turns":5.0},{"damage":4.0,"enemies":"Jaw Worm","floor":2.0,"turns":4.0},{"damage":4.0,"enemies":"Cultist","floor":11.0,"turns":3.0},{"damage":0.0,"enemies":"Looter","floor":13.0,"turns":3.0},{"damage":1.0,"enemies":"Exordium Thugs","floor":14.0,"turns":4.0},{"damage":24,"enemies":"Hexaghost","floor":16,"turns":8},{"damage":0,"enemies":"Chosen","floor":18,"turns":4},{"damage":12,"enemies":"3 Byrds","floor":21,"turns":5},{"damage":34,"enemies":"Slavers","floor":29,"turns":7},{"damage":31,"enemies":"Snecko","floor":30,"turns":3}],"seed_played":"-2812984929730305011","potions_obtained":[],"is_trial":false,"path_per_floor":["M","M","$","?","$","?","$","R","T","?","M","R","M","M","R","B",null,"M","?","$","M","$","R","$","R","T","R","?","E","M"],"character_chosen":"THE_SILENT","items_purchased":["Poisoned Stab","Deadly Poison","Membership Card"],"campfire_rested":1,"item_purchase_floors":[3,3,20],"current_hp_per_floor":[68,64,64,50,50,50,50,70,70,75,71,71,71,70,70,46,75,75,75,75,63,63,63,63,63,63,63,63,29,0,0],"gold":51,"neow_bonus":"BOSS_RELIC","is_daily":false,"chose_seed":false,"campfire_upgraded":5,"win_rate":0.0,"timestamp":1613296048,"path_taken":["M","M","$","?","?","?","$","R","T","?","?","R","M","M","R","BOSS","M","?","$","M","$","R","?","R","T","R","?","E","?"],"items_purchased_type":["Card","Card","Relic"],"build_version":"2020-12-22","purchased_purges":1,"victory":false,"max_hp_per_floor":[70,70,70,70,70,70,70,70,70,75,75,75,75,75,75,75,75,75,75,75,75,75,75,75,75,75,75,75,75,75,75],"card_choices":[{"not_picked":["Slice","Deflect"],"picked":"Deadly Poison","floor":1.0},{"not_picked":["Well Laid Plans","Outmaneuver"],"picked":"Slice","floor":2.0},{"not_picked":["Well Laid Plans","Finisher"],"picked":"Backflip","floor":11.0},{"not_picked":["Quick Slash","Underhanded Strike","Flying Knee"],"picked":"SKIP","floor":13.0},{"not_picked":["Flying Knee","Well Laid Plans"],"picked":"Adrenaline","floor":14.0},{"not_picked":["A Thousand Cuts","Night Terror"],"picked":"Unload","floor":16},{"not_picked":["Underhanded Strike","Skewer","Masterful Stab"],"picked":"SKIP","floor":18},{"not_picked":["Flying Knee","Infinite Blades"],"picked":"Choke+1","floor":21},{"not_picked":["Sucker Punch","Infinite Blades"],"picked":"Riddle With Holes+1","floor":29}],"player_experience":335737,"relics_obtained":[{"floor":9.0,"key":"Snake Skull"},{"floor":26,"key":"MealTicket"},{"floor":29,"key":"Ninja Scroll"}],"event_choices":[{"damage_healed":0.0,"max_hp_gain":0.0,"max_hp_loss":0.0,"gold_gain":0.0,"event_name":"Shining Light","player_choice":"Entered Light","floor":4.0,"gold_loss":0.0,"damage_taken":14.0,"cards_upgraded":["Defend_G","Defend_G"]},{"damage_healed":0.0,"max_hp_gain":0.0,"max_hp_loss":0.0,"gold_gain":0.0,"event_name":"Living Wall","player_choice":"Grow","floor":6.0,"gold_loss":0.0,"damage_taken":0.0,"cards_upgraded":["Poisoned Stab"]},{"damage_healed":0.0,"max_hp_gain":5.0,"max_hp_loss":0.0,"gold_gain":0.0,"event_name":"Big Fish","player_choice":"Donut","floor":10.0,"gold_loss":0.0,"damage_taken":0.0},{"damage_healed":0,"gold_gain":0,"player_choice":"Copied","damage_taken":0,"max_hp_gain":0,"max_hp_loss":0,"event_name":"Duplicator","floor":19,"gold_loss":0,"cards_obtained":["Poisoned Stab"]},{"damage_healed":0,"gold_gain":0,"cards_transformed":["Strike_G"],"player_choice":"Transformed","damage_taken":0,"max_hp_gain":0,"max_hp_loss":0,"event_name":"Transmorgrifier","floor":28,"gold_loss":0,"cards_obtained":["Storm of Steel"]}],"is_beta":false,"boss_relics":[{"not_picked":["Ectoplasm","Runic Pyramid"],"picked":"Cursed Key"}],"items_purged_floors":[20],"is_endless":false,"potions_floor_spawned":[2,14,16,29],"killed_by":"Snecko","ascension_level":2}}