{"host":"3fvqec7g2448bgbh","time":1613321502,"event":{"mods":["AchievementEnabler","BaseMod","Colored Map","Colored Powertips","DeckTracker","Hermit","Highlight Path","Infinite Spire","Minty Spire (QoL Compilation)","Permanent Neow","Rare Cards Sparkle","Relic Sorter","Replay The Spire","Spicy Shops","StSLib","The Servant 0.9.4","Together in Spire"],"gold_per_floor":[117,178,195,195,208,208,238,238,292,292,292,309,324,424,424,523,523,541,541,541,558,648,87,100,100,100,100,100],"floor_reached":27,"language":"ENG","playtime":1800,"items_purged":["Delirium"],"score":186,"play_id":"69ac9af9-ee97-4319-adc4-593b2c4fd7f5","local_time":"20210215005142","is_ascension_mode":false,"campfire_choices":[{"data":"Dagger Spray","floor":6.0,"key":"SMITH"},{"data":"Backstab","floor":8.0,"key":"SMITH"},{"data":"ReplayTheSpireMod:From All Sides","floor":11.0,"key":"SMITH"},{"data":"Dagger Spray","floor":15.0,"key":"SMITH"},{"floor":25,"key":"REST"}],"circlet_count":0,"master_deck":["Strike_G","Strike_G","Strike_G","Strike_G","Strike_G","Defend_G","Defend_G","Defend_G","Defend_G","Defend_G","Survivor","Neutralize","Strike_S","Strike_G","Secret Technique","Underhanded Strike","Dagger Spray+1","Backstab+1","ReplayTheSpireMod:From All Sides+1","Quick Slash","Dagger Spray+1","Phantasmal Killer","Flying Knee+1","Caltrops+1","Endless Agony","Pot Of Greed","Pot Of Greed","Pot Of Greed","Hidden Blade","Finesse","Infinite Blades"],"relics":["Ring of the Snake","Bronze Scales","Meat on the Bone","Ancient Tea Set","Ring of Hypnosis","SlaversCollar","Ring of Fury","Grinning Jar","Oddly Smooth Stone","Pantograph"],"acts_visited":["TheCity"],"potions_floor_usage":[],"damage_taken":[{"damage":0.0,"enemies":"Small Slimes","floor":1.0,"turns":1.0},{"damage":0.0,"enemies":"Jaw Worm","floor":3.0,"turns":1.0},{"damage":0.0,"enemies":"Cultist","floor":5.0,"turns":1.0},{"damage":0.0,"enemies":"Replay:BlueRogue","floor":7.0,"turns":2.0},{"damage":0.0,"enemies":"Looter","floor":12.0,"turns":1.0},{"damage":0.0,"enemies":"3 Louse","floor":13.0,"turns":1.0},{"damage":36,"enemies":"Hexaghost","floor":16,"turns":4},{"damage":9,"enemies":"Shell Parasite","floor":18,"turns":3},{"damage":7,"enemies":"Spheric Guardian","floor":21,"turns":2},{"damage":9,"enemies":"Centurion and Healer","floor":24,"turns":3},{"damage":0,"enemies":"Gremlin Leader","floor":27,"turns":1}],"seed_played":"-256849556390087202","potions_obtained":[{"floor":1.0,"key":"FearPotion"},{"floor":7.0,"key":"SpeedPotion"},{"floor":13.0,"key":"LiquidBronze"}],"is_trial":false,"path_per_floor":["M","?","M","?","M","R","E","R","T","?","R","M","M","?","R","B",null,"M","?","?","M","?","$","M","R","T","E"],"character_chosen":"THE_SILENT","items_purchased":["Endless Agony","Grinning Jar","Oddly Smooth Stone","Hidden Blade","Finesse"],"campfire_rested":1,"item_purchase_floors":[23,23,23,23,23],"current_hp_per_floor":[70,70,70,70,70,70,70,70,70,70,70,70,70,70,70,46,70,61,45,45,38,26,26,29,50,50,50,50],"gold":100,"neow_bonus":"RANDOM_COLORLESS_2","is_daily":false,"chose_seed":false,"campfire_upgraded":4,"win_rate":0.0,"timestamp":1613321502,"path_taken":["M","?","M","?","M","R","E","R","T","?","R","M","M","?","R","BOSS","M","?","?","M","?","$","M","R","T","E"],"items_purchased_type":["Card","Relic","Relic","Card","Card"],"build_version":"2020-12-22","purchased_purges":1,"victory":false,"max_hp_per_floor":[70,70,70,70,70,70,70,70,70,70,70,70,70,70,70,70,70,70,70,70,70,70,70,70,70,70,70,70],"card_choices":[{"not_picked":["Panache","HandOfGreed"],"picked":"Secret Technique","floor":0.0},{"not_picked":["Poisoned Stab","Sucker Punch"],"picked":"Underhanded Strike","floor":1.0},{"not_picked":["Backflip","Dodge and Roll"],"picked":"Dagger Spray","floor":3.0},{"not_picked":["Dodge and Roll","Fluid Movement"],"picked":"Backstab","floor":5.0},{"not_picked":["ReplayTheSpireMod:Tripwire","Draining Mist"],"picked":"ReplayTheSpireMod:From All Sides","floor":7.0},{"not_picked":["Prepared","Deflect"],"picked":"Quick Slash","floor":12.0},{"not_picked":["Masterful Stab","Deflect"],"picked":"Dagger Spray","floor":13.0},{"not_picked":["ReplayTheSpireMod:From All Sides","ReplayTheSpireMod:Necrosis"],"picked":"Phantasmal Killer","floor":16},{"not_picked":["Backflip+1","Quick Slash"],"picked":"Flying Knee+1","floor":18},{"not_picked":["Acrobatics","Masterful Stab"],"picked":"Caltrops+1","floor":21},{"not_picked":["Adrenaline","Prepared"],"picked":"Infinite Blades","floor":24}],"player_experience":5698,"relics_obtained":[{"floor":4.0,"key":"Bronze Scales"},{"floor":7.0,"key":"Meat on the Bone"},{"floor":9.0,"key":"Ancient Tea Set"},{"floor":10.0,"key":"Ring of Hypnosis"},{"floor":20,"key":"Ring of Fury"},{"floor":26,"key":"Pantograph"}],"event_choices":[{"damage_healed":0.0,"max_hp_gain":0.0,"max_hp_loss":0.0,"gold_gain":61.0,"event_name":"Golden Wing","player_choice":"Gained Gold","floor":2.0,"gold_loss":0.0,"damage_taken":0.0},{"damage_healed":0.0,"max_hp_gain":0.0,"max_hp_loss":0.0,"gold_gain":100.0,"event_name":"Wheel of Change","player_choice":"Gold","floor":14.0,"gold_loss":0.0,"damage_taken":0.0},{"damage_healed":0,"gold_gain":0,"player_choice":"Obtained Book","damage_taken":16,"max_hp_gain":0,"max_hp_loss":0,"event_name":"Cursed Tome","floor":19,"gold_loss":0},{"damage_healed":0,"gold_gain":90,"player_choice":"GOLD ","damage_taken":12,"max_hp_gain":0,"max_hp_loss":0,"event_name":"Knowing Skull","floor":22,"potions_obtained":[],"gold_loss":0,"cards_obtained":[]}],"is_beta":false,"boss_relics":[{"not_picked":["Replay:Drink Me","Cursed Key"],"picked":"SlaversCollar"}],"items_purged_floors":[23],"is_endless":false,"potions_floor_spawned":[1,7,13,16],"killed_by":"Gremlin Leader","ascension_level":0}}