{"host":"2ty4h143nj8vwezc","time":1613266949,"event":{"mods":["BaseMod","Colored Map","Googly Eyes","Highlight Path","Minty Spire (QoL Compilation)","Quick Restart","StSLib"],"gold_per_floor":[112,132,132,147,164,192,192,219,219,234,250,250,250,200,200,200,200],"floor_reached":16,"language":"ENG","playtime":475,"items_purged":[],"score":162,"play_id":"ff058618-35a4-4cf2-8c81-0cd4bff16579","local_time":"20210213204229","is_ascension_mode":true,"campfire_choices":[{"data":"Cold Snap","floor":7,"key":"SMITH"},{"floor":13,"key":"REST"},{"data":"Streamline","floor":15,"key":"SMITH"}],"circlet_count":0,"master_deck":["Strike_B","Strike_B","Strike_B","Defend_B","Defend_B","Defend_B","Defend_B","Zap","Dualcast","Cold Snap+1","Go for the Eyes+1","Machine Learning","Leap","Chill","Capacitor","Streamline+1","Go for the Eyes","Streamline"],"relics":["Cracked Core","NeowsBlessing","Prayer Wheel","Bronze Scales","Orichalcum","Question Card"],"acts_visited":["Exordium"],"potions_floor_usage":[6,8,16,16],"damage_taken":[{"damage":0,"enemies":"2 Louse","floor":1,"turns":1},{"damage":0,"enemies":"Jaw Worm","floor":2,"turns":1},{"damage":0,"enemies":"Cultist","floor":4,"turns":1},{"damage":8,"enemies":"Red Slaver","floor":5,"turns":3},{"damage":27,"enemies":"Gremlin Nob","floor":6,"turns":4},{"damage":18,"enemies":"Lagavulin","floor":8,"turns":7},{"damage":6,"enemies":"Exordium Thugs","floor":10,"turns":4},{"damage":0,"enemies":"3 Louse","floor":11,"turns":4},{"damage":37,"enemies":"Slime Boss","floor":16,"turns":5}],"seed_played":"1258007444397240718","potions_obtained":[{"floor":2,"key":"DistilledChaos"},{"floor":5,"key":"Energy Potion"},{"floor":6,"key":"AttackPotion"},{"floor":8,"key":"Weak Potion"},{"floor":10,"key":"FearPotion"}],"is_trial":false,"path_per_floor":["M","M","?","M","M","E","R","E","T","M","M","T","R","?","R","B"],"character_chosen":"DEFECT","items_purchased":[],"campfire_rested":1,"item_purchase_floors":[],"current_hp_per_floor":[68,68,68,68,60,33,33,15,15,9,9,9,31,31,31,0,0],"gold":200,"neow_bonus":"THREE_ENEMY_KILL","is_daily":false,"chose_seed":false,"campfire_upgraded":2,"win_rate":0.0,"timestamp":1613266949,"path_taken":["M","M","?","M","M","E","R","E","T","M","M","?","R","?","R","BOSS"],"items_purchased_type":[],"build_version":"2020-12-22","purchased_purges":0,"victory":false,"max_hp_per_floor":[75,75,75,75,75,75,75,75,75,75,75,75,75,75,75,75,75],"card_choices":[{"not_picked":["Turbo","Hologram"],"picked":"Cold Snap","floor":1},{"not_picked":["Sunder","Melter"],"picked":"Go for the Eyes","floor":2},{"not_picked":["Gash","Hologram"],"picked":"Machine Learning","floor":4},{"not_picked":["Turbo","Hologram"],"picked":"Leap","floor":5},{"not_picked":["Hologram","Conserve Battery"],"picked":"Chill","floor":6},{"not_picked":["BootSequence","Reprogram"],"picked":"Capacitor","floor":8},{"not_picked":["Leap","Rebound"],"picked":"Streamline","floor":10},{"not_picked":["Leap","Conserve Battery"],"picked":"Go for the Eyes","floor":10},{"not_picked":["Sweeping Beam","Machine Learning"],"picked":"Streamline","floor":11},{"not_picked":["Turbo","Coolheaded","Doom and Gloom"],"picked":"SKIP","floor":11}],"player_experience":419842,"relics_obtained":[{"floor":6,"key":"Prayer Wheel"},{"floor":8,"key":"Bronze Scales"},{"floor":9,"key":"Orichalcum"},{"floor":12,"key":"Question Card"}],"event_choices":[{"damage_healed":0,"gold_gain":0,"player_choice":"Grow","damage_taken":0,"max_hp_gain":0,"max_hp_loss":0,"event_name":"Living Wall","floor":3,"gold_loss":0,"cards_upgraded":["Go for the Eyes"]},{"cards_removed":["Strike_B"],"damage_healed":0,"gold_gain":0,"player_choice":"Card Removal","damage_taken":0,"max_hp_gain":0,"max_hp_loss":0,"event_name":"The Cleric","floor":14,"gold_loss":50}],"is_beta":false,"boss_relics":[],"items_purged_floors":[],"is_endless":false,"potions_floor_spawned":[2,5,6,8,10],"killed_by":"Slime Boss","ascension_level":9}}