{"host":"m4pe905ae9bldoe7","time":1613266863,"event":{"mods":["BaseMod","Bestiary","Block Reminder","Downfall","Minty Spire (QoL Compilation)","StSLib"],"gold_per_floor":[111,129,129,139,139,139,139,166,166,185,214,214,139,154,229,229,329,329,341,341,91,105,24,24,24],"floor_reached":24,"language":"ENG","playtime":956,"items_purged":["Strike_G","Shame"],"score":306,"play_id":"3457d646-7404-4e74-bf36-34a2ff9cac2d","local_time":"20210214024103","is_ascension_mode":true,"campfire_choices":[{"data":"Tactician","floor":6,"key":"SMITH"},{"floor":12,"key":"REST"},{"floor":16,"key":"REST"}],"circlet_count":0,"master_deck":["AscendersBane","Strike_G","Strike_G","Strike_G","Strike_G","Defend_G","Defend_G","Defend_G","Defend_G","Defend_G","Survivor","Neutralize","Cloak And Dagger+1","Tactician+1","A Thousand Cuts","Cloak And Dagger","Cloak And Dagger","Storm of Steel","Accuracy"],"relics":["Ring of the Snake","NeowsBlessing","Pocketwatch","Pantograph","Eternal Feather","SlaversCollar","Boot","Nunchaku"],"acts_visited":["Exordium","TheCity"],"potions_floor_usage":[17,17,24],"damage_taken":[{"damage":0,"enemies":"Small Slimes","floor":1,"turns":2},{"damage":0,"enemies":"Cultist","floor":2,"turns":1},{"damage":0,"enemies":"2 Louse","floor":4,"turns":1},{"damage":12,"enemies":"3 Sentries","floor":8,"turns":12},{"damage":12,"enemies":"Looter","floor":10,"turns":4},{"damage":11,"enemies":"Lagavulin","floor":11,"turns":9},{"damage":2,"enemies":"3 Louse","floor":14,"turns":4},{"damage":48,"enemies":"The Guardian","floor":17,"turns":19},{"damage":4,"enemies":"3 Byrds","floor":19,"turns":5},{"damage":18,"enemies":"Chosen","floor":22,"turns":5},{"damage":93,"enemies":"Book of Stabbing","floor":24,"turns":9}],"seed_played":"-3493450397068920820","potions_obtained":[{"floor":3,"key":"FairyPotion"},{"floor":3,"key":"Poison Potion"},{"floor":3,"key":"Swift Potion"},{"floor":10,"key":"Energy Potion"},{"floor":17,"key":"FairyPotion"},{"floor":19,"key":"PowerPotion"}],"is_trial":false,"path_per_floor":["M","M","?","M","?","R","?","E","T","M","E","R","$","M","?","R","B",null,"M","?","$","M","$","E"],"character_chosen":"THE_SILENT","items_purchased":["Nunchaku","Accuracy"],"campfire_rested":2,"item_purchase_floors":[21,23],"current_hp_per_floor":[63,63,63,63,63,63,51,39,39,27,16,46,46,44,33,63,22,58,54,54,54,36,36,0,0],"gold":24,"neow_bonus":"THREE_ENEMY_KILL","is_daily":false,"chose_seed":false,"campfire_upgraded":1,"win_rate":0.0,"timestamp":1613266863,"path_taken":["M","M","?","?","?","R","?","E","T","M","E","R","$","M","?","R","BOSS","M","?","$","M","$","E"],"items_purchased_type":["Relic","Card"],"build_version":"2020-12-22","purchased_purges":2,"victory":false,"max_hp_per_floor":[70,70,70,70,70,70,70,70,70,70,70,70,70,70,70,70,70,70,70,70,70,70,70,70,70],"card_choices":[{"not_picked":["Underhanded Strike","Outmaneuver","Quick Slash"],"picked":"SKIP","floor":1},{"not_picked":["Caltrops","Escape Plan"],"picked":"Cloak And Dagger","floor":2},{"not_picked":["Slice","Poisoned Stab"],"picked":"Tactician","floor":4},{"not_picked":["Malaise","Backflip"],"picked":"A Thousand Cuts","floor":8},{"not_picked":["Acrobatics","Footwork"],"picked":"Cloak And Dagger","floor":10},{"not_picked":["Catalyst","Reflex"],"picked":"Cloak And Dagger","floor":11},{"not_picked":["Underhanded Strike","Quick Slash","Flying Knee"],"picked":"SKIP","floor":14},{"not_picked":["Phantasmal Killer","Envenom"],"picked":"Storm of Steel","floor":17},{"not_picked":["Tactician","Poisoned Stab","Flying Knee"],"picked":"SKIP","floor":19},{"not_picked":["Concentrate+1","Dagger Spray","Leg Sweep"],"picked":"SKIP","floor":22}],"player_experience":609205,"relics_obtained":[{"floor":8,"key":"Pantograph"},{"floor":11,"key":"Eternal Feather"}],"event_choices":[{"damage_healed":0,"gold_gain":0,"player_choice":"Got Potions","damage_taken":0,"max_hp_gain":0,"max_hp_loss":0,"event_name":"Lab","floor":3,"gold_loss":0},{"damage_healed":0,"gold_gain":0,"player_choice":"Grow","damage_taken":0,"max_hp_gain":0,"max_hp_loss":0,"event_name":"Living Wall","floor":5,"gold_loss":0,"cards_upgraded":["Cloak And Dagger"]},{"damage_healed":0,"gold_gain":0,"player_choice":"Success","damage_taken":12,"relics_obtained":["Pocketwatch"],"max_hp_gain":0,"max_hp_loss":0,"event_name":"Scrap Ooze","floor":7,"gold_loss":0},{"damage_healed":0,"gold_gain":75,"player_choice":"Gather Gold","damage_taken":11,"max_hp_gain":0,"max_hp_loss":0,"event_name":"World of Goop","floor":15,"gold_loss":0},{"damage_healed":0,"gold_gain":0,"player_choice":"Stole Relic","damage_taken":0,"relics_obtained":["Boot"],"max_hp_gain":0,"max_hp_loss":0,"event_name":"Addict","floor":20,"gold_loss":0,"cards_obtained":["Shame"]}],"is_beta":false,"boss_relics":[{"not_picked":["Tiny House","Ring of the Serpent"],"picked":"SlaversCollar"}],"items_purged_floors":[13,21],"is_endless":false,"potions_floor_spawned":[10,11,14,17,19,22],"killed_by":"Book of Stabbing","ascension_level":10}}