{"host":"xp27heuvanyklt0b","time":1613317364,"event":{"mods":["100% Spire Juice","BaseMod","CapriCore","Lobotomy","Minty Spire (QoL Compilation)","Replay The Spire","StSLib","The Immortal"],"gold_per_floor":[114,127,139,153,169,169,180,193,193,193,193,218,233,233,233,332,332,342,31,41,55,73,73,88,98,98,98,132,143,143,160,160,263,263,278,117,117,117,117,152,162,162,162],"floor_reached":42,"language":"KOR","playtime":3612,"items_purged":["Strike_P"],"score":681,"play_id":"801ddbd9-9f01-4580-8d0a-ccc73e6ade63","local_time":"20210215004244","is_ascension_mode":false,"campfire_choices":[{"data":"ThirdEye","floor":6,"key":"SMITH"},{"data":"ThirdEye","floor":10,"key":"SMITH"},{"floor":15,"key":"REST"},{"data":"Weave","floor":23,"key":"SMITH"},{"data":"CutThroughFate","floor":27,"key":"SMITH"},{"data":"ThirdEye","floor":32,"key":"SMITH"}],"circlet_count":0,"master_deck":["Strike_P","Strike_P","Defend_P","Defend_P","Defend_P","Defend_P","Eruption+1","Consecrate","Evaluate","ThirdEye+1","ThirdEye+1","Sanctity","JustLucky","WheelKick","Tantrum","Scrawl+1","CurseOfTheBell","Replay:Cycle+1","FollowUp","Replay:ManipulateFuture+1","Nirvana+1","Weave+1","ClearTheMind","Replay:Hum","FollowUp","Replay:AtTheReady+1","CutThroughFate+1","EmptyBody","ThirdEye+1","WaveOfTheHand","Vault+1","Wish+1","Mind Blast+1","Bandage Up","Pray","LessonLearned+1","ThirdEye","TalkToTheHand"],"relics":["PureWater","Golden Egg","Calling Bell","ReplayTheSpireMod:Lightbulb","Replay:Accelerometer","GoldenEye","Prayer Wheel","Eternal Feather","Akabeko","Black Star","Matryoshka","Replay:Ringing Soul"],"acts_visited":["Exordium","TheCity","TheBeyond"],"potions_floor_usage":[12,12,28,40,41],"damage_taken":[{"damage":0,"enemies":"Cultist","floor":1,"turns":2},{"damage":0,"enemies":"Small Slimes","floor":2,"turns":3},{"damage":0,"enemies":"Jaw Worm","floor":3,"turns":4},{"damage":6,"enemies":"Large Slime","floor":4,"turns":10},{"damage":0,"enemies":"2 Fungi Beasts","floor":5,"turns":2},{"damage":6,"enemies":"3 Louse","floor":7,"turns":5},{"damage":11,"enemies":"Lots of Slimes","floor":8,"turns":5},{"damage":32,"enemies":"3 Sentries","floor":12,"turns":10},{"damage":5,"enemies":"Blue Slaver","floor":13,"turns":5},{"damage":26,"enemies":"Fading Forest","floor":16,"turns":11},{"damage":1,"enemies":"Chosen","floor":18,"turns":6},{"damage":8,"enemies":"3 Byrds","floor":20,"turns":5},{"damage":22,"enemies":"Centurion and Healer","floor":21,"turns":9},{"damage":9,"enemies":"Snecko","floor":22,"turns":5},{"damage":21,"enemies":"Chosen and Byrds","floor":24,"turns":8},{"damage":30,"enemies":"3 Cultists","floor":25,"turns":7},{"damage":0,"enemies":"Gremlin Leader","floor":28,"turns":6},{"damage":0,"enemies":"Centurion and Healer","floor":29,"turns":6},{"damage":0,"enemies":"Cultist and Chosen","floor":31,"turns":5},{"damage":20,"enemies":"Pondfish","floor":33,"turns":13},{"damage":0,"enemies":"Orb Walker","floor":35,"turns":3},{"damage":53,"enemies":"Nemesis","floor":40,"turns":17},{"damage":26,"enemies":"3 Darklings","floor":41,"turns":6},{"damage":29,"enemies":"Sphere and 2 Shapes","floor":42,"turns":5}],"seed_played":"-6791760412255474377","potions_obtained":[{"floor":4,"key":"Weak Potion"},{"floor":5,"key":"Explosive Potion"},{"floor":12,"key":"FairyPotion"},{"floor":16,"key":"GamblersBrew"},{"floor":22,"key":"DistilledChaos"},{"floor":28,"key":"SteroidPotion"},{"floor":29,"key":"Ancient Potion"},{"floor":40,"key":"Regen Potion"}],"is_trial":false,"path_per_floor":["M","M","M","M","M","R","M","M","T","R","?","E","M","?","R","B",null,"M","$","M","M","M","R","M","M","T","R","E","M","?","M","R","B",null,"M","$","?","?","?","E","M","M"],"character_chosen":"WATCHER","items_purchased":["Prayer Wheel","Mind Blast"],"campfire_rested":1,"item_purchase_floors":[19,36],"current_hp_per_floor":[72,72,72,66,66,66,60,49,49,49,49,17,12,12,33,31,72,71,71,63,41,32,32,11,3,3,21,21,21,21,21,39,19,72,72,72,72,72,72,26,19,0,0],"gold":162,"neow_bonus":"THREE_CARDS","is_daily":false,"chose_seed":false,"campfire_upgraded":5,"win_rate":0.0,"timestamp":1613317364,"path_taken":["M","M","M","M","M","R","?","M","T","R","?","E","M","?","R","BOSS","M","$","M","M","M","R","?","M","T","R","E","M","?","M","R","BOSS","M","$","?","?","?","E","?","M"],"items_purchased_type":["Relic","Card"],"build_version":"2020-12-22","purchased_purges":1,"victory":false,"max_hp_per_floor":[72,72,72,72,72,72,72,72,72,72,72,72,72,72,72,72,72,72,72,72,72,72,72,72,72,72,72,72,72,72,72,72,72,72,72,72,72,72,72,75,78,78,78],"card_choices":[{"not_picked":["Replay:ManipulateFuture","FearNoEvil"],"picked":"Consecrate","floor":0},{"not_picked":["BowlingBash","Replay:Battleflow"],"picked":"Evaluate","floor":1},{"not_picked":["FlyingSleeves","EmptyBody"],"picked":"Worship","floor":2},{"not_picked":["FollowUp","Perseverance"],"picked":"ThirdEye","floor":3},{"not_picked":["Wallop","Replay:BluntJabs"],"picked":"ThirdEye","floor":4},{"not_picked":["ClearTheMind","EmptyFist"],"picked":"Sanctity","floor":5},{"not_picked":["CarveReality","BowlingBash"],"picked":"JustLucky","floor":7},{"not_picked":["Consecrate","Protect","WreathOfFlame"],"picked":"SKIP","floor":8},{"not_picked":["EmptyFist","JustLucky"],"picked":"WheelKick","floor":12},{"not_picked":["EmptyFist","SashWhip"],"picked":"Tantrum","floor":13},{"not_picked":["DevaForm","Brilliance"],"picked":"Scrawl","floor":16},{"not_picked":["Replay:Anticipation","Swivel"],"picked":"Replay:Cycle+1","floor":18},{"not_picked":["Perseverance","FlyingSleeves"],"picked":"FollowUp","floor":20},{"not_picked":["CarveReality","Omniscience"],"picked":"Replay:ManipulateFuture+1","floor":20},{"not_picked":["EmptyBody","Wallop"],"picked":"Nirvana+1","floor":21},{"not_picked":["CrushJoints","Worship"],"picked":"Weave","floor":21},{"not_picked":["Sanctity+1","Replay:ManipulateFuture"],"picked":"ClearTheMind","floor":22},{"not_picked":["ClearTheMind+1","FlyingSleeves"],"picked":"Replay:Hum","floor":22},{"not_picked":["CarveReality","PathToVictory"],"picked":"FollowUp","floor":24},{"not_picked":["Replay:AtTheReady","Replay:Anticipation","Consecrate+1"],"picked":"SKIP","floor":24},{"not_picked":["CarveReality","EmptyFist+1"],"picked":"Replay:AtTheReady","floor":25},{"not_picked":["Establishment","ClearTheMind"],"picked":"CutThroughFate","floor":25},{"not_picked":["Halt+1","Pray"],"picked":"EmptyBody","floor":28},{"not_picked":["Protect","FlyingSleeves"],"picked":"ThirdEye","floor":29},{"not_picked":["Establishment","WindmillStrike+1","Protect"],"picked":"SKIP","floor":29},{"not_picked":["Tantrum","ThirdEye","FollowUp"],"picked":"SKIP","floor":31},{"not_picked":["Halt+1","Consecrate","FollowUp"],"picked":"SKIP","floor":31},{"not_picked":["Blasphemy","Brilliance"],"picked":"Wish","floor":33},{"not_picked":["FlurryOfBlows+1","ThirdEye","PathToVictory"],"picked":"SKIP","floor":35},{"not_picked":["SashWhip+1","Tantrum","Adaptation+1"],"picked":"SKIP","floor":35},{"not_picked":["Blind","Swift Strike"],"picked":"Bandage Up","floor":37},{"not_picked":["BowlingBash","WaveOfTheHand"],"picked":"LessonLearned","floor":40},{"not_picked":["EmptyBody+1","FlurryOfBlows"],"picked":"ThirdEye","floor":41},{"not_picked":["Consecrate+1","SignatureMove+1"],"picked":"TalkToTheHand","floor":41}],"player_experience":271777,"relics_obtained":[{"floor":12,"key":"Golden Egg"},{"floor":17,"key":"ReplayTheSpireMod:Lightbulb"},{"floor":17,"key":"Replay:Accelerometer"},{"floor":17,"key":"GoldenEye"},{"floor":26,"key":"Eternal Feather"},{"floor":28,"key":"Akabeko"},{"floor":40,"key":"Matryoshka"},{"floor":40,"key":"Replay:Ringing Soul"}],"event_choices":[{"damage_healed":0,"gold_gain":0,"player_choice":"Fled","damage_taken":0,"max_hp_gain":0,"max_hp_loss":0,"event_name":"Scrap Ooze","floor":11,"gold_loss":0},{"damage_healed":0,"gold_gain":0,"player_choice":"Upgraded","damage_taken":0,"max_hp_gain":0,"max_hp_loss":0,"event_name":"Upgrade Shrine","floor":14,"gold_loss":0,"cards_upgraded":["Eruption"]},{"damage_healed":0,"gold_gain":0,"cards_transformed":["Worship","Vigilance"],"player_choice":"Became Test Subject","damage_taken":0,"max_hp_gain":0,"max_hp_loss":0,"event_name":"Drug Dealer","floor":30,"gold_loss":0,"cards_obtained":["WaveOfTheHand","Vault"]},{"damage_healed":0,"gold_gain":0,"player_choice":"Memory 1","damage_taken":0,"max_hp_gain":0,"max_hp_loss":0,"event_name":"SensoryStone","floor":37,"gold_loss":0},{"damage_healed":0,"gold_gain":0,"player_choice":"Ignored","damage_taken":0,"max_hp_gain":0,"max_hp_loss":0,"event_name":"Mysterious Sphere","floor":38,"gold_loss":0},{"damage_healed":0,"gold_gain":0,"cards_transformed":["Strike_P"],"player_choice":"Transformed","damage_taken":0,"max_hp_gain":0,"max_hp_loss":0,"event_name":"Transmorgrifier","floor":39,"gold_loss":0,"cards_obtained":["Pray"]}],"is_beta":false,"boss_relics":[{"not_picked":["Fusion Hammer","Runic Pyramid"],"picked":"Calling Bell"},{"not_picked":["ChewingGum","Coffee Dripper"],"picked":"Black Star"}],"items_purged_floors":[36],"is_endless":false,"potions_floor_spawned":[4,5,12,16,22,28,29,31,40],"killed_by":"Sphere and 2 Shapes","ascension_level":0}}