{"host":"27wa8ufp4ryspt1p","time":1613275481,"event":{"mods":["2.2 Compatiblity","A Penny For Your Troubles","Abigail Mod","Act Like it!","Aspiration","BaseMod","Better Altar","Better Match","Better Note","Better Skull","Better Third Choice","Colored Map","Conspire","Curses Come First","Dota2Spire","Downfall-Rebalance","Elementarium","Energized Spire","Fox Events","Friendly Minions","Gensokyo","GifTheSpireLib","Gold Saver","Halation","Hallownest","HololiveMod","Hubris","Humility","Infinite Spire","Keyboard Shortcuts","Menagerie","Mimic Mod","Minty Spire (QoL Compilation)","Pale of the Ancients","Poor People Problems","Quarter Circle Forward PUNCH!","Reimu??????","Relic Filter Mod","Relic Sorter","Relic Stats","Reliquary","Replay The Spire","Reworked Bosses","Shop Mod","Spicy Shops","Spikes Relics","Spire Arcade","StSLib","Stuff the Spire","SuperFastMode","The Cursed","The Exalted","The Judge","The Necromancer","Trackpad","Waifu the Spire","Wandering Minibosses","[IsaacMod]????","??????REMEMod","????"],"gold_per_floor":[418,434,534,534,549,549,549,581,620,307,384,384,417,475,475,546,571,587,621,621,655,675,675,707,707,747,763,810,660,691,691,691,768,785,812,829,732,732,202,202,302,302,351,351,368,400,400,434,434,434,435,445,459,459,223,223,241,241,3,3,3],"floor_reached":62,"language":"SPA","playtime":3761,"items_purged":["Voices","Madness"],"score":3652,"play_id":"19a917e0-c7c9-4157-bb41-fa1009fda5d9","local_time":"20210213220441","daily_mods":["SealedDeck","Colorless Cards","Heirloom","Elite Swarm","Lethality"],"is_ascension_mode":true,"campfire_choices":[{"floor":6.0,"key":"RECALL"},{"data":"Bromod:Rejuvenation","floor":12.0,"key":"SMITH"},{"data":"Bromod:FashionFrame","floor":15.0,"key":"SMITH"},{"data":"Bromod:JaggedEdge","floor":23.0,"key":"SMITH"},{"data":"infinitespire:NeuralNetwork","floor":25.0,"key":"SMITH"},{"data":"EpicFetus","floor":32,"key":"SMITH"},{"data":"Bromod:LethalTorrent","floor":40,"key":"SMITH"},{"data":"Bromod:LethalTorrent","floor":42,"key":"SMITH"},{"data":"Enlightenment","floor":44,"key":"SMITH"},{"data":"conspire:Banana","floor":47,"key":"SMITH"},{"data":"Alpha","floor":49,"key":"SMITH"},{"data":"Bromod:BriefRespite","floor":56,"key":"SMITH"},{"data":"Bromod:SteelFiber","floor":58,"key":"SMITH"}],"circlet_count":0,"master_deck":["AscendersBane","BettingIsNotGood","expansioncontent:Hexaburn","expansioncontent:PrepareCrush","Swift Strike","Bromod:SteelFiber+1","Bromod:OrganShatter","Bromod:OrganShatter","Bromod:Reflection+1","Bromod:BulletJump","Bromod:ArchwingLauncher","Bromod:Vitality","Poisoned Strike","ReplayTheSpireMod:Private Reserves","Bromod:OrganShatter","Bromod:FashionFrame+1","expansioncontent:Collect","Bromod:Rejuvenation+1","expansioncontent:DashGenerateEvil","Bromod:Frostbite","Madness+1","Madness","Madness","Madness","Bromod:JaggedEdge+1","expansioncontent:TimeRipple","infinitespire:NeuralNetwork+1","Protect","Omniscience","Bromod:OrganShatter+1","DeusExMachina","Madness","Madness","Madness","Madness","Madness","EpicFetus+1","Bromod:LethalTorrent+1","Bromod:LethalTorrent+1","Bromod:Intensify","Bromod:Intensify","Bromod:ToxicBarrage","Bromod:Rejuvenation+1","Enlightenment+1","Bromod:Continuity","conspire:Banana+1","Alpha+1","Bromod:BriefRespite+1","Sadistic Nature","Bromod:ToxicBarrage+1"],"relics":["Bromod:Ordis","paleoftheancients:SoulOfTheHexaghost","trackpad:CultistFigurine","wanderingMiniBosses:AbyssPearl","BookOfRevelations","Dota2Spire:EyeOfSkadi","LugNut","AnarchistCookbook","Bromod:AscarisDevice","HushsDoor","REME_ComplimentaryCards","Calipers","Ring of Searing","hubris:Towel","Guardian:PocketSentry","Replay:Wax Seal","REME_PuzzleBoxRelic","MerchantsRug","Leech","infinitespire:Cupcake","Replay:Bronze Core","Bronze Scales","Dota2Spire:LinkenSphere","hubris:SphereOfDissonance","PreservedInsect","conspire:Boomerang","qcfpunch:Chain_With_Nametags","halation:PromiseList","Elementarium:ElementariumTrophy","CosmicIsotope","reliquary:PartyBalloon","Dota2Spire:BattleFury","StuffTheSpire:DarkSteelAnvil","Dota2Spire:Mjollnir","ShockBauble","ForgetMeNow","Replay:Bottled Flurry","paleoftheancients:Timepiece","paleoftheancients:KeyRelic"],"acts_visited":["Gensokyo:Gensokyo","Elementarium:Elementarium","TheBeyond","paleoftheancients:PaleOfTheAncients"],"potions_floor_usage":[],"damage_taken":[{"damage":0.0,"enemies":"Gensokyo:Python","floor":2.0,"turns":3.0},{"damage":19.0,"enemies":"Gensokyo:Gryphon","floor":5.0,"turns":3.0},{"damage":44.0,"enemies":"Gensokyo:Cirno","floor":8.0,"turns":7.0},{"damage":0.0,"enemies":"Gensokyo:2_Kodama","floor":9.0,"turns":6.0},{"damage":0.0,"enemies":"Gensokyo:Aya","floor":11.0,"turns":5.0},{"damage":0.0,"enemies":"Gensokyo:Mamizou","floor":13.0,"turns":3.0},{"damage":0.0,"enemies":"Gensokyo:Yukari","floor":16.0,"turns":5.0},{"damage":0.0,"enemies":"Elementarium:MUD_AND_TAR_GOLEMS","floor":18.0,"turns":2.0},{"damage":11.0,"enemies":"Elementarium:VoidCorruption","floor":19.0,"turns":2.0},{"damage":9.0,"enemies":"Elementarium:RubyGolem","floor":21.0,"turns":2.0},{"damage":8.0,"enemies":"Elementarium:STONE_GOLEMS","floor":22.0,"turns":3.0},{"damage":0.0,"enemies":"Nightmare","floor":24.0,"turns":5.0},{"damage":32.0,"enemies":"Elementarium:Hydrostalker","floor":26.0,"turns":5.0},{"damage":5.0,"enemies":"Elementarium:Hydrostalker","floor":27.0,"turns":3.0},{"damage":1.0,"enemies":"Elementarium:WarGolem","floor":28.0,"turns":2.0},{"damage":36,"enemies":"Elementarium:ElementalPortal","floor":30,"turns":6},{"damage":0,"enemies":"Elementarium:GolemEmperor","floor":33,"turns":4},{"damage":32,"enemies":"Orb Walker","floor":35,"turns":4},{"damage":21,"enemies":"3 Darklings","floor":36,"turns":4},{"damage":0,"enemies":"Transient","floor":43,"turns":4},{"damage":0,"enemies":"Transient","floor":45,"turns":4},{"damage":0,"enemies":"Reptomancer","floor":46,"turns":3},{"damage":0,"enemies":"R_Hoarder","floor":48,"turns":3},{"damage":0,"enemies":"bossMod:newShapes","floor":50,"turns":5},{"damage":4,"enemies":"bossMod:newAwakened","floor":51,"turns":5},{"damage":66,"enemies":"bossMod:newAwakened","floor":52,"turns":4},{"damage":3,"enemies":"bossMod:newAwakened","floor":53,"turns":4},{"damage":0,"enemies":"bossMod:newAwakened","floor":57,"turns":5},{"damage":89,"enemies":"paleoftheancients:N","floor":61,"turns":6}],"seed_played":"-2923993052082066871","potions_obtained":[{"floor":5.0,"key":"DuplicationPotion"},{"floor":8.0,"key":"Strength Potion"},{"floor":18.0,"key":"ZuzhouPotion:ReiMu"},{"floor":21.0,"key":"sneckomod:MuddlingPotion"},{"floor":30,"key":"FearPotion"},{"floor":35,"key":"Milkshake"},{"floor":36,"key":"Regen Potion"},{"floor":45,"key":"SneckoOil"},{"floor":52,"key":"Energy Potion"}],"is_trial":true,"path_per_floor":["?","M","?","?","M","R","?","E","MIM","R","E","R","E","$","R","B",null,"M","M","AVR","M","M","R","NM","R","MIM","M","E","$","E","?","R_BF","B",null,"M","M","$","?","$","R","?","R","MIM","R","M","E","R","E","R","B","B","M","M","?","$","R","M","R","$","?","B",null],"character_chosen":"THE_EXALTED","items_purchased":["MerchantsRug","Bromod:Rejuvenation","Block Potion","Leech","Fruit Juice","conspire:Boomerang","EpicFetus","halation:NonexistentMirror","reliquary:PartyBalloon","Dota2Spire:BattleFury","DollysMirror","Enlightenment","Bromod:BriefRespite","BookOfRevelations","Sadistic Nature","Bromod:ToxicBarrage+1"],"campfire_rested":0,"item_purchase_floors":[10,10,10,14,14,29,29,29,37,39,39,39,55,55,59,59],"current_hp_per_floor":[63,63,63,63,49,49,49,5,5,5,8,8,16,24,24,32,73,74,67,70,65,59,59,71,71,46,43,46,49,21,27,27,34,94,65,50,50,50,53,53,53,53,59,59,66,76,76,79,79,87,129,116,134,141,144,144,152,152,152,152,113],"gold":3,"neow_bonus":"","is_daily":false,"chose_seed":false,"campfire_upgraded":12,"win_rate":0.0,"timestamp":1613275481,"path_taken":["?","M","?","?","M","R","?","E","MIM","R","E","R","E","$","R","BOSS","M","M","AVR","M","M","R","NM","R","MIM","M","E","$","E","?","R_BF","BOSS","M","M","$","?","?","R","?","R","MIM","R","M","E","R","E","R","BOSS","BOSS","M","M","?","$","R","M","R","$","?","BOSS"],"items_purchased_type":["Relic","Card","Potion","Relic","Potion","Relic","Card","Relic","Relic","Relic","Relic","Card","Card","Relic","Card","Card"],"build_version":"2020-12-22","purchased_purges":2,"victory":true,"max_hp_per_floor":[70,70,70,70,70,70,70,70,70,70,73,73,76,84,84,87,87,87,90,93,96,96,96,99,99,102,102,105,108,111,111,111,114,114,114,117,117,117,120,120,120,120,123,123,126,134,134,134,134,134,140,149,149,149,152,152,152,152,152,152,155],"relic_stats":{"counters":[29,117],"Bronze Scales":[199],"PreservedInsect":307,"obtain_stats":[{"Bromod:AscarisDevice":0,"Calipers":0,"ShockBauble":43,"reliquary:PartyBalloon":37,"Ring of Searing":4,"Leech":14,"Replay:Ringing Soul":11,"Dota2Spire:EyeOfSkadi":46,"DollysMirror":39,"Replay:Bronze Core":24,"Dota2Spire:Mjollnir":43,"halation:PromiseList":30,"Replay:Bottled Flurry":48,"Replay:Wax Seal":9,"trackpad:CultistFigurine":26,"qcfpunch:Chain_With_Nametags":30,"LugNut":46,"KeepersGift":0,"MerchantsRug":10,"paleoftheancients:KeyRelic":51,"hubris:SphereOfDissonance":26,"BookOfRevelations":55,"Guardian:PocketSentry":8,"conspire:Boomerang":29,"aspiration:SeaSaltIceCream":24,"Bromod:Ordis":0,"War Paint":24,"paleoftheancients:Timepiece":51,"Elementarium:ElementariumTrophy":33,"Bronze Scales":26,"ForgetMeNow":48,"StuffTheSpire:DarkSteelAnvil":43,"Black Star":20,"CosmicIsotope":34,"HushsDoor":0,"infinitespire:Cupcake":17,"AnarchistCookbook":43,"StoneCalendar":13,"wanderingMiniBosses:AbyssPearl":26,"PokeGo":0,"hubris:DisguiseKit":20,"paleoftheancients:SoulOfTheHexaghost":57,"PreservedInsect":28,"Dota2Spire:BattleFury":39,"hubris:Towel":7,"reliquary:RosewoodLute":28,"halation:NonexistentMirror":29,"Dota2Spire:LinkenSphere":26,"REME_PuzzleBoxRelic":9,"REME_ComplimentaryCards":0},{"Bromod:AscarisDevice":0,"Calipers":0,"ShockBauble":20,"reliquary:PartyBalloon":19,"Ring of Searing":1,"Leech":6,"Replay:Ringing Soul":5,"Dota2Spire:EyeOfSkadi":22,"DollysMirror":19,"Replay:Bronze Core":12,"Dota2Spire:Mjollnir":20,"halation:PromiseList":16,"Replay:Bottled Flurry":23,"Replay:Wax Seal":4,"trackpad:CultistFigurine":13,"qcfpunch:Chain_With_Nametags":16,"LugNut":22,"KeepersGift":0,"MerchantsRug":4,"paleoftheancients:KeyRelic":25,"hubris:SphereOfDissonance":13,"BookOfRevelations":27,"Guardian:PocketSentry":3,"conspire:Boomerang":15,"aspiration:SeaSaltIceCream":12,"Bromod:Ordis":0,"War Paint":12,"paleoftheancients:Timepiece":25,"Elementarium:ElementariumTrophy":17,"Bronze Scales":13,"ForgetMeNow":23,"StuffTheSpire:DarkSteelAnvil":20,"Black Star":9,"CosmicIsotope":17,"HushsDoor":0,"infinitespire:Cupcake":7,"AnarchistCookbook":20,"StoneCalendar":6,"wanderingMiniBosses:AbyssPearl":13,"PokeGo":0,"hubris:DisguiseKit":9,"paleoftheancients:SoulOfTheHexaghost":28,"PreservedInsect":15,"Dota2Spire:BattleFury":19,"hubris:Towel":2,"reliquary:RosewoodLute":15,"halation:NonexistentMirror":15,"Dota2Spire:LinkenSphere":13,"REME_PuzzleBoxRelic":4,"REME_ComplimentaryCards":0},{"Bromod:AscarisDevice":0,"Calipers":0,"ShockBauble":78,"reliquary:PartyBalloon":74,"Ring of Searing":3,"Leech":27,"Replay:Ringing Soul":24,"Dota2Spire:EyeOfSkadi":85,"DollysMirror":74,"Replay:Bronze Core":46,"Dota2Spire:Mjollnir":78,"halation:PromiseList":62,"Replay:Bottled Flurry":88,"Replay:Wax Seal":19,"trackpad:CultistFigurine":51,"qcfpunch:Chain_With_Nametags":62,"LugNut":85,"KeepersGift":0,"MerchantsRug":19,"paleoftheancients:KeyRelic":98,"hubris:SphereOfDissonance":51,"BookOfRevelations":106,"Guardian:PocketSentry":13,"conspire:Boomerang":56,"aspiration:SeaSaltIceCream":46,"Bromod:Ordis":0,"War Paint":46,"paleoftheancients:Timepiece":98,"Elementarium:ElementariumTrophy":66,"Bronze Scales":51,"ForgetMeNow":88,"StuffTheSpire:DarkSteelAnvil":78,"Black Star":36,"CosmicIsotope":66,"HushsDoor":0,"infinitespire:Cupcake":32,"AnarchistCookbook":78,"StoneCalendar":27,"wanderingMiniBosses:AbyssPearl":51,"PokeGo":0,"hubris:DisguiseKit":36,"paleoftheancients:SoulOfTheHexaghost":111,"PreservedInsect":56,"Dota2Spire:BattleFury":74,"hubris:Towel":6,"reliquary:RosewoodLute":56,"halation:NonexistentMirror":56,"Dota2Spire:LinkenSphere":51,"REME_PuzzleBoxRelic":19,"REME_ComplimentaryCards":0}]},"card_choices":[{"not_picked":[],"picked":"BettingIsNotGood","floor":0.0},{"not_picked":["Bromod:QuickDraw","Bromod:PointStrike"],"picked":"ReplayTheSpireMod:Private Reserves","floor":2.0},{"not_picked":["Bromod:BodyCount","Bromod:FastHands"],"picked":"Bromod:OrganShatter","floor":5.0},{"not_picked":["Thinking Ahead","REME_BuildACard"],"picked":"Bromod:FashionFrame","floor":8.0},{"not_picked":["Bromod:PressurePoint","Bromod:Reflection"],"picked":"expansioncontent:Collect","floor":9.0},{"not_picked":["Bromod:FashionFrame","Bromod:Frostbite"],"picked":"expansioncontent:DashGenerateEvil","floor":11.0},{"not_picked":["expansioncontent:StudyTheSpire","Bromod:Rage"],"picked":"Bromod:Frostbite","floor":13.0},{"not_picked":["Bromod:LifeStrike","Battery"],"picked":"Bromod:JaggedEdge","floor":16.0},{"not_picked":["Bromod:Redirection+1","Bromod:BulletJump","Bromod:FastHands"],"picked":"SKIP","floor":18.0},{"not_picked":["Bromod:BulletJump","Bromod:PointStrike"],"picked":"expansioncontent:TimeRipple","floor":19.0},{"not_picked":["expansioncontent:DarkVoid","Bromod:PointStrike","Bromod:ChillingReload"],"picked":"Protect","floor":21.0},{"not_picked":["Bromod:SlipMagazine","Bromod:FastHands","Bromod:PointStrike","Worship"],"picked":"SKIP","floor":22.0},{"not_picked":["Bromod:RadialJavelin","REME_HeartOfCthun","Bromod:FocusEnergy"],"picked":"Omniscience","floor":24.0},{"not_picked":["Bromod:RadialBlind","Bromod:Fury","Indignation"],"picked":"Bromod:OrganShatter+1","floor":26.0},{"not_picked":["Bromod:FastHands+1","Bromod:QuickDraw","Bromod:Vitality","CrushJoints"],"picked":"SKIP","floor":27.0},{"not_picked":["Bromod:Continuity","Mayhem","Bromod:Adaptation"],"picked":"DeusExMachina","floor":28.0},{"not_picked":["REME_HeartOfCthun","Violence","Replay:LoomingThreat"],"picked":"Bromod:LethalTorrent","floor":30},{"not_picked":["expansioncontent:QuickStudy","SuicideKing","ConjureBlade"],"picked":"Bromod:Intensify","floor":33},{"not_picked":["Degenerate","Bromod:PressurePoint","Bromod:OrganShatter","JustLucky"],"picked":"SKIP","floor":35},{"not_picked":["Bromod:FastHands","expansioncontent:SlimeTackle+1","Meditate"],"picked":"Bromod:ToxicBarrage","floor":36},{"not_picked":["Bromod:BulletJump","expansioncontent:LastStand+1","Replay:Hum"],"picked":"Bromod:Continuity","floor":43},{"not_picked":["Bromod:SlashDash+1","Bromod:PointStrike","JustLucky"],"picked":"conspire:Banana","floor":45},{"not_picked":["StuffTheSpire:Recharge","Bromod:ConditionOverload","Transmutation"],"picked":"Alpha","floor":46},{"not_picked":["Bromod:FocusEnergy","Transmutation","Bromod:VitalSense","REME_CRH"],"picked":"SKIP","floor":48},{"not_picked":["Degenerate","Bromod:FastHands","StuffTheSpire:PlasmaPunch","BowlingBash"],"picked":"SKIP","floor":52},{"not_picked":["Bromod:SlashDash+1","Bromod:Vitality","Bromod:FastHands","Replay:ManipulateFuture"],"picked":"SKIP","floor":53},{"not_picked":["Bromod:FastHands","Bromod:Reflection","expansioncontent:Torchfire+1","REME_Repentance"],"picked":"SKIP","floor":57}],"player_experience":4014168,"relics_obtained":[{"floor":4.0,"key":"Ring of Searing"},{"floor":8.0,"key":"Guardian:PocketSentry"},{"floor":9.0,"key":"Replay:Wax Seal"},{"floor":9.0,"key":"REME_PuzzleBoxRelic"},{"floor":11.0,"key":"Replay:Ringing Soul"},{"floor":13.0,"key":"StoneCalendar"},{"floor":24.0,"key":"aspiration:SeaSaltIceCream"},{"floor":24.0,"key":"War Paint"},{"floor":26.0,"key":"Bronze Scales"},{"floor":26.0,"key":"wanderingMiniBosses:AbyssPearl"},{"floor":26.0,"key":"trackpad:CultistFigurine"},{"floor":26.0,"key":"Dota2Spire:LinkenSphere"},{"floor":26.0,"key":"hubris:SphereOfDissonance"},{"floor":28.0,"key":"PreservedInsect"},{"floor":28.0,"key":"reliquary:RosewoodLute"},{"floor":30,"key":"qcfpunch:Chain_With_Nametags"},{"floor":30,"key":"halation:PromiseList"},{"floor":43,"key":"StuffTheSpire:DarkSteelAnvil"},{"floor":43,"key":"Dota2Spire:Mjollnir"},{"floor":43,"key":"ShockBauble"},{"floor":43,"key":"AnarchistCookbook"},{"floor":46,"key":"LugNut"},{"floor":46,"key":"Dota2Spire:EyeOfSkadi"},{"floor":48,"key":"ForgetMeNow"},{"floor":48,"key":"Replay:Bottled Flurry"},{"floor":57,"key":"paleoftheancients:SoulOfTheHexaghost"}],"event_choices":[{"damage_healed":0,"gold_gain":0,"player_choice":"Ignored","damage_taken":0,"max_hp_gain":0,"max_hp_loss":0,"event_name":"Elementarium:ChestOfTheGoldenMirage","floor":38,"gold_loss":0}],"is_beta":false,"boss_relics":[{"not_picked":["aspiration:RitualDagger","energizedSpire:DeadBattery"],"picked":"infinitespire:Cupcake"},{"not_picked":[]},{"not_picked":["ChewingGum","Dota2Spire:Bloodstone"],"picked":"CosmicIsotope"},{"not_picked":[]}],"items_purged_floors":[20,37],"is_endless":false,"potions_floor_spawned":[5,8,18,21,28,30,35,36,45,52,53],"ascension_level":20,"is_humility":true}}