{"host":"1qpqdhcm6rajo15h","time":1613286547,"event":{"mods":["BaseMod","Colored Powertips","Downfall","Gremlin Mod","Hermit","Highlight Path","Infinite Spire","Jorbs\u0027s Wanderer Trilogy","Mimic Mod","Minty Spire (QoL Compilation)","Potionbrewer","Relic Stats","Replay The Spire","StSLib","Td1madao Mod","The Marked","The Poker Player","The Runesmith","The Sage","TheBandit"],"gold_per_floor":[99,119,104,104,121,121,171,71,104,4,18,18,38,54,69,69,69,69],"floor_reached":16,"language":"ENG","playtime":1330,"items_purged":[],"score":127,"play_id":"72030c43-2225-434d-a477-4624da3ad57d","local_time":"20210214020907","is_ascension_mode":false,"metric_token":1298,"campfire_choices":[{"floor":1,"key":"DIG"},{"data":"PokerPlayerMod:Club1","floor":6,"key":"SMITH"},{"floor":8,"key":"RECALL"},{"floor":10,"key":"REST"}],"circlet_count":0,"master_deck":["PokerPlayerMod:Diamond1","PokerPlayerMod:Diamond2","PokerPlayerMod:Diamond3","PokerPlayerMod:Diamond4","PokerPlayerMod:Diamond5","PokerPlayerMod:Spade1","PokerPlayerMod:Spade2","PokerPlayerMod:Spade3","PokerPlayerMod:Spade4","PokerPlayerMod:Club2","PokerPlayerMod:Club2","PokerPlayerMod:Heart2","PokerPlayerMod:TrumpStrike","PokerPlayerMod:BadJoker","PokerPlayerMod:Mulligan","PokerPlayerMod:Diamond5","PokerPlayerMod:CardPrinter","PokerPlayerMod:Trickery","PokerPlayerMod:Heart2","PokerPlayerMod:Harden","PokerPlayerMod:GamblerForm"],"relics":["PokerPlayerMod:DeckCase","Lantern","downfall:HeartBlessingBlue","Replay:Mystery Machine","downfall:HeartBlessingRed"],"acts_visited":["Exordium"],"potions_floor_usage":[14,16],"damage_taken":[{"damage":0,"enemies":"2 Louse","floor":2,"turns":1},{"damage":0,"enemies":"downfall:FleeingMerchant","floor":3,"turns":4},{"damage":3,"enemies":"Cultist","floor":5,"turns":3},{"damage":27,"enemies":"Lagavulin","floor":9,"turns":7},{"damage":7,"enemies":"Jaw Worm","floor":11,"turns":2},{"damage":12,"enemies":"Blue Slaver","floor":13,"turns":3},{"damage":0,"enemies":"Lots of Slimes","floor":14,"turns":1},{"damage":17,"enemies":"Gremlin Gang","floor":15,"turns":4},{"damage":35,"enemies":"IC_STATUS_ARCHETYPE","floor":16,"turns":8}],"seed_played":"6862462675241344239","potions_obtained":[{"floor":9,"key":"AttackPotion"},{"floor":15,"key":"potionbrewer:ToxicPotion"}],"is_trial":false,"path_per_floor":["R","M","$","?","M","R","T","R","E","R","M","?","M","M","M","B"],"character_chosen":"THE_POKER_PLAYER","items_purchased":[],"campfire_rested":1,"item_purchase_floors":[],"current_hp_per_floor":[57,57,57,57,54,54,54,64,40,60,53,53,45,45,32,0,0,0],"gold":69,"neow_bonus":"TEN_PERCENT_HP_BONUS","is_daily":false,"chose_seed":false,"campfire_upgraded":1,"win_rate":0.0,"timestamp":1613286547,"path_taken":["R","M","$","?","M","R","T","R","E","R","M","?","M","M","M","BOSS"],"items_purchased_type":[],"build_version":"2020-12-22","purchased_purges":0,"victory":false,"max_hp_per_floor":[57,57,57,57,57,57,57,67,67,67,67,67,67,67,67,67,67,67],"relic_stats":{"counters":[9,33],"obtain_stats":[{"PokerPlayerMod:DeckCase":0,"Lantern":1,"downfall:HeartBlessingRed":10,"downfall:HeartBlessingBlue":8,"Replay:Mystery Machine":9},{"PokerPlayerMod:DeckCase":0,"Lantern":0,"downfall:HeartBlessingRed":4,"downfall:HeartBlessingBlue":3,"Replay:Mystery Machine":4},{"PokerPlayerMod:DeckCase":0,"Lantern":0,"downfall:HeartBlessingRed":15,"downfall:HeartBlessingBlue":8,"Replay:Mystery Machine":15}]},"card_choices":[{"not_picked":["PokerPlayerMod:MagicTrick","PokerPlayerMod:Club8"],"picked":"PokerPlayerMod:Diamond5","floor":2},{"not_picked":["PokerPlayerMod:FlyingCard","PokerPlayerMod:Diamond1","PokerPlayerMod:ClubStrike"],"picked":"SKIP","floor":3},{"not_picked":["PokerPlayerMod:Extraction","PokerPlayerMod:Diamond8"],"picked":"PokerPlayerMod:CardPrinter","floor":5},{"not_picked":["PokerPlayerMod:Diamond7","PokerPlayerMod:Diamond3"],"picked":"PokerPlayerMod:Trickery","floor":9},{"not_picked":["PokerPlayerMod:JackOfSpades","PokerPlayerMod:Spade4","PokerPlayerMod:FlyingCard"],"picked":"SKIP","floor":11},{"not_picked":["PokerPlayerMod:ClubDance","PokerPlayerMod:Diamond1"],"picked":"PokerPlayerMod:Harden","floor":13},{"not_picked":["PokerPlayerMod:Spade1","PokerPlayerMod:JackOfSpades"],"picked":"PokerPlayerMod:GamblerForm","floor":14},{"not_picked":["PokerPlayerMod:DartThrow","PokerPlayerMod:Diamond4","PokerPlayerMod:PoorCopy"],"picked":"SKIP","floor":15}],"player_experience":23939,"relics_obtained":[{"floor":1,"key":"Lantern"},{"floor":9,"key":"Replay:Mystery Machine"}],"event_choices":[{"damage_healed":0,"gold_gain":0,"player_choice":"Ignored","damage_taken":0,"max_hp_gain":0,"max_hp_loss":0,"event_name":"PokerPlayerMod:ExordiumClub","floor":4,"gold_loss":0}],"is_beta":false,"boss_relics":[],"items_purged_floors":[],"is_endless":false,"potions_floor_spawned":[9,15],"killed_by":"IC_STATUS_ARCHETYPE","ascension_level":0}}