{"host":"bvp2uifzy1c463d9","time":1613270746,"event":{"mods":["AchievementEnabler","BaseMod","Better Note","Block Reminder","Bossed Relics","ChefMod","Colored Map","Colored Powertips","Energized Spire","Hermit","Highlight Path","Hubris","Infinite Spire","Minty Spire (QoL Compilation)","Random Character Button","Relic Sorter","Relic Stats","Reliquary","Replay The Spire","Robot Space Explorer","StSLib","The Blue Laboratory","The Jungle","The Servant 0.9.4","Wandering Minibosses"],"gold_per_floor":[109,109,121,138,63,63,81,113,140,140,155,166,183,203,203,299,299,314,334,409,38,38,67,67,144,167,167,177,177,244,258,258,258,258],"floor_reached":33,"language":"ENG","playtime":1734,"items_purged":["hermit:Defend_Hermit"],"score":296,"play_id":"d76a9e42-c073-4cc4-9db7-59780e0e342e","local_time":"20210213204546","is_ascension_mode":false,"campfire_choices":[{"data":"hermit:Quickdraw","floor":6,"key":"SMITH"},{"data":"hermit:CursedWeapon","floor":24,"key":"SMITH"},{"data":"hermit:Coalescence","floor":27,"key":"SMITH"},{"floor":32,"key":"REST"}],"circlet_count":0,"master_deck":["hermit:Strike_Hermit","hermit:Strike_Hermit","hermit:Defend_Hermit","hermit:Defend_Hermit","hermit:Defend_Hermit","hermit:Snapshot","hermit:Covet","hermit:Manifest+1","hermit:Spite","hermit:Quickdraw+1","hermit:Coalescence+1","hermit:PistolWhip","hermit:Malice","hermit:Brawl","hermit:Cheat+1","hermit:HeroicBravado","hermit:Misfire","hermit:CursedWeapon+1","RobotSpaceExplorer:SurgingShield","ReplayTheSpireMod:Haul","hermit:LowProfile+1","ReplayTheSpireMod:Splinters","hermit:Determination"],"relics":["hermit:Momento","infinitespire:ShieldingShard","Smiling Mask","Singing Bowl","hubris:Potato","reliquary:Stiletto","Gambling Chip","SsserpentHead"],"acts_visited":["Exordium","TheCity"],"potions_floor_usage":[8,23,33],"damage_taken":[{"damage":0,"enemies":"2 Louse","floor":1,"turns":2},{"damage":0,"enemies":"Small Slimes","floor":3,"turns":4},{"damage":1,"enemies":"Cultist","floor":4,"turns":4},{"damage":0,"enemies":"Red Slaver","floor":7,"turns":2},{"damage":0,"enemies":"Gremlin Nob","floor":8,"turns":3},{"damage":3,"enemies":"Exordium Thugs","floor":11,"turns":6},{"damage":0,"enemies":"Large Slime","floor":12,"turns":6},{"damage":0,"enemies":"3 Louse","floor":13,"turns":1},{"damage":5,"enemies":"Lots of Slimes","floor":14,"turns":2},{"damage":50,"enemies":"Slime Boss","floor":16,"turns":9},{"damage":19,"enemies":"Shell Parasite","floor":18,"turns":6},{"damage":1,"enemies":"Chosen","floor":19,"turns":4},{"damage":46,"enemies":"Nightmare","floor":23,"turns":13},{"damage":1,"enemies":"Snake Plant","floor":28,"turns":6},{"damage":6,"enemies":"3 Cultists","floor":30,"turns":5},{"damage":1,"enemies":"Shelled Parasite and Fungi","floor":31,"turns":5},{"damage":58,"enemies":"Collector","floor":33,"turns":7}],"seed_played":"6594620162116519862","potions_obtained":[{"floor":1,"key":"blueLaboratory:BubblePotion"},{"floor":3,"key":"SteroidPotion"},{"floor":8,"key":"Venom Potion"},{"floor":13,"key":"Explosive Potion"},{"floor":23,"key":"BlessingOfTheForge"}],"is_trial":false,"path_per_floor":["M","?","M","M","$","R","M","E","T","?","M","M","M","M","R_BF","B",null,"M","M","T","$","?","NM","R","?","T","R","M","?","M","M","R","B"],"character_chosen":"HERMIT","items_purchased":["hubris:Potato","hermit:CursedWeapon"],"campfire_rested":1,"item_purchase_floors":[21,21],"current_hp_per_floor":[75,75,75,74,74,74,74,74,74,74,71,71,71,66,75,25,75,56,55,55,55,55,9,9,11,11,11,12,12,8,7,31,0,0],"gold":258,"neow_bonus":"REMOVE_CARD","is_daily":false,"chose_seed":false,"campfire_upgraded":3,"win_rate":0.0,"timestamp":1613270746,"path_taken":["M","?","M","M","$","R","M","E","T","?","M","M","?","M","R_BF","BOSS","M","M","?","$","?","NM","R","?","T","R","?","?","?","M","R","BOSS"],"items_purchased_type":["Relic","Card"],"build_version":"2020-12-22","purchased_purges":1,"victory":false,"max_hp_per_floor":[75,75,75,75,75,75,75,75,75,75,75,75,75,75,75,75,75,75,75,75,75,75,75,75,77,77,77,79,79,81,81,81,81,81],"relic_stats":{"SsserpentHead":50,"Singing Bowl":6,"counters":[17,85],"Gambling Chip":[7],"Smiling Mask":0,"obtain_stats":[{"SsserpentHead":29,"infinitespire:ShieldingShard":8,"Singing Bowl":20,"Gambling Chip":28,"reliquary:Stiletto":23,"Smiling Mask":9,"hermit:Momento":0,"hubris:Potato":21,"reliquary:FerryPass":26},{"SsserpentHead":14,"infinitespire:ShieldingShard":5,"Singing Bowl":12,"Gambling Chip":14,"reliquary:Stiletto":13,"Smiling Mask":5,"hermit:Momento":0,"hubris:Potato":12,"reliquary:FerryPass":13},{"SsserpentHead":68,"infinitespire:ShieldingShard":15,"Singing Bowl":49,"Gambling Chip":68,"reliquary:Stiletto":62,"Smiling Mask":15,"hermit:Momento":0,"hubris:Potato":49,"reliquary:FerryPass":62}]},"card_choices":[{"not_picked":["hermit:Misfire","hermit:NoHoldsBarred"],"picked":"hermit:Manifest","floor":1},{"not_picked":["hermit:Feint","hermit:HighCaliber"],"picked":"hermit:Spite","floor":3},{"not_picked":["hermit:Vantage","hermit:Desperado"],"picked":"hermit:Quickdraw","floor":4},{"not_picked":["hermit:CalledShot","hermit:NoHoldsBarred"],"picked":"hermit:Coalescence","floor":7},{"not_picked":["hermit:TakeCover","hermit:CalledShot"],"picked":"hermit:PistolWhip","floor":8},{"not_picked":["hermit:Vantage","hermit:FromBeyond"],"picked":"hermit:Malice","floor":11},{"not_picked":["hermit:Manifest","hermit:Coalescence"],"picked":"hermit:Brawl","floor":12},{"not_picked":["hermit:TrackingShot","hermit:Coalescence","hermit:HoleUp"],"picked":"SKIP","floor":13},{"not_picked":["hermit:Headshot","hermit:Combo"],"picked":"hermit:Cheat","floor":14},{"not_picked":["hermit:HighNoon","hermit:EternalForm"],"picked":"hermit:HeroicBravado","floor":16},{"not_picked":["hermit:Enervate","hermit:HighCaliber","hermit:Maintenance"],"picked":"SKIP","floor":18},{"not_picked":["hermit:Coalescence","hermit:Desperado"],"picked":"hermit:Misfire","floor":19},{"not_picked":["infinitespire:Execution","infinitespire:UltimateForm"],"picked":"ReplayTheSpireMod:Haul","floor":23},{"not_picked":["hermit:DeadOrAlive","hermit:Vantage"],"picked":"hermit:LowProfile+1","floor":23},{"not_picked":["hermit:Malice","hermit:ItchyTrigger","hermit:Coalescence"],"picked":"Singing Bowl","floor":25},{"not_picked":["hermit:SprayPray","hermit:TrackingShot","hermit:DeadOrAlive"],"picked":"Singing Bowl","floor":28},{"not_picked":["hermit:Snipe","hermit:SprayPray+1","hermit:Desperado"],"picked":"Singing Bowl","floor":30},{"not_picked":["hermit:Misfire","hermit:ItchyTrigger"],"picked":"hermit:Determination","floor":31}],"player_experience":343278,"relics_obtained":[{"floor":8,"key":"infinitespire:ShieldingShard"},{"floor":9,"key":"Smiling Mask"},{"floor":20,"key":"Singing Bowl"},{"floor":23,"key":"reliquary:Stiletto"},{"floor":26,"key":"reliquary:FerryPass"},{"floor":28,"key":"Gambling Chip"}],"event_choices":[{"cards_removed":["hermit:Strike_Hermit"],"damage_healed":0,"gold_gain":0,"player_choice":"Offered Basic","damage_taken":0,"max_hp_gain":0,"max_hp_loss":0,"event_name":"Bonfire Elementals","floor":10,"gold_loss":0},{"damage_healed":0,"gold_gain":0,"player_choice":"Take","damage_taken":0,"max_hp_gain":0,"max_hp_loss":0,"event_name":"betterNote:BetterNote","floor":22,"gold_loss":0,"cards_obtained":["RobotSpaceExplorer:SurgingShield"]},{"damage_healed":0,"gold_gain":0,"player_choice":"Trade","damage_taken":0,"relics_obtained":["SsserpentHead"],"max_hp_gain":0,"max_hp_loss":0,"event_name":"FaceTrader","floor":29,"gold_loss":0}],"is_beta":false,"boss_relics":[{"not_picked":["reliquary:RedPaperclip","hubris:GrandSneckoEye","hubris:BlackHole"]}],"items_purged_floors":[5],"is_endless":false,"potions_floor_spawned":[1,3,8,13,16,23,28,30],"killed_by":"Collector","ascension_level":0}}