{"host":"og21o26alpnbwmz8","time":1613326475,"event":{"mods":["Act Like it!","Aspiration","BaseMod","Conspire","Downfall","Gensokyo","Halation","Hubris","Jedi Mod","Mimic Mod","Minty Spire (QoL Compilation)","Pale of the Ancients","Reliquary","Replay The Spire","Shop Mod","Spikes Relics","StSLib","The Alterego","The Blue Laboratory","The Clintock","The Disciple","The Poker Player","The Witch","Waifu the Spire","Yuri Mod"],"gold_per_floor":[109,109,121,121,121,121,121,121,121,76,76,76,76,76,76,76,76,76,76],"floor_reached":18,"language":"ENG","playtime":619,"items_purged":["clintock:ClintockStrike"],"score":164,"play_id":"54acc8b4-4623-4714-920a-374a0d9fdc6c","local_time":"20210214131435","is_ascension_mode":false,"campfire_choices":[{"data":"clintock:Fluorescein","floor":13,"key":"SMITH"},{"data":"clintock:DegradedPrimer","floor":15,"key":"SMITH"}],"circlet_count":0,"master_deck":["clintock:ClintockStrike","clintock:ClintockStrike","clintock:ClintockStrike","clintock:ClintockDefend","clintock:ClintockDefend","clintock:ClintockDefend","clintock:ClintockDefend","clintock:BaseSynthesis","clintock:Replenish","clintock:DegradedPrimer","clintock:DAMP","clintock:Fluorescein+1","clintock:Thymidine","clintock:DegradedPrimer+1","clintock:BoloPunch"],"relics":["clintock:BiomoleculePool","NeowsBlessing","InkBottle","jedi:ominousloannote","Blue Doll","hubris:Icosahedron","reliquary:BallBearing","Replay:Towering Pillar of Hats","Snecko Eye"],"acts_visited":["Exordium","TheCity"],"potions_floor_usage":[16],"damage_taken":[{"damage":0,"enemies":"Cultist","floor":1,"turns":2},{"damage":0,"enemies":"Jaw Worm","floor":6,"turns":1},{"damage":0,"enemies":"Small Slimes","floor":7,"turns":1},{"damage":0,"enemies":"Exordium Wildlife","floor":8,"turns":5},{"damage":9,"enemies":"Looter","floor":10,"turns":4},{"damage":31,"enemies":"3 Sentries","floor":11,"turns":8},{"damage":0,"enemies":"3 Louse","floor":12,"turns":3},{"damage":8,"enemies":"Red Slaver","floor":14,"turns":3},{"damage":3,"enemies":"The Guardian","floor":16,"turns":8},{"damage":0,"enemies":"conspire:FuzzyDice","floor":18,"turns":2}],"seed_played":"-2244823636980832425","potions_obtained":[{"floor":6,"key":"jedi:StrikingPotion"},{"floor":8,"key":"blueLaboratory:BottledHope"},{"floor":12,"key":"blueLaboratory:BottleOfRum"},{"floor":16,"key":"blueLaboratory:AbyssPotion"}],"is_trial":false,"path_per_floor":["M","T","$","?","?","M","M","M","T","M","E","M","R","M","R","B",null,"M"],"character_chosen":"CLINTOCK_CLASS","items_purchased":["jedi:ominousloannote","Blue Doll","clintock:DAMP","clintock:Fluorescein"],"campfire_rested":0,"item_purchase_floors":[3,3,3,3],"current_hp_per_floor":[80,80,80,80,85,85,85,85,85,76,45,45,45,37,37,34,85,85,85],"gold":76,"neow_bonus":"THREE_ENEMY_KILL","is_daily":false,"chose_seed":false,"campfire_upgraded":2,"win_rate":0.0,"timestamp":1613326475,"path_taken":["M","?","$","?","?","M","?","M","T","M","E","M","R","M","R","BOSS","M"],"items_purchased_type":["Relic","Relic","Card","Card"],"build_version":"2020-12-22","purchased_purges":1,"victory":false,"max_hp_per_floor":[80,80,80,80,85,85,85,85,85,85,85,85,85,85,85,85,85,85,85],"card_choices":[{"not_picked":["clintock:Interrupt","clintock:Immunodeficiency"],"picked":"clintock:DegradedPrimer","floor":1},{"not_picked":["clintock:Excavate","clintock:Interrupt","clintock:ATPReserves"],"picked":"SKIP","floor":6},{"not_picked":["clintock:ProteinUtilization","clintock:Immunodeficiency","clintock:Polymerize"],"picked":"SKIP","floor":7},{"not_picked":["clintock:EnergyDrink","clintock:Excavate","clintock:Mitosis"],"picked":"SKIP","floor":8},{"not_picked":["clintock:EnergyDrink","clintock:Immunodeficiency"],"picked":"clintock:Thymidine","floor":10},{"not_picked":["clintock:Bateson9000","clintock:ATPReserves"],"picked":"clintock:DegradedPrimer","floor":11},{"not_picked":["clintock:Ketosis","clintock:Epidemic","clintock:Immunodeficiency"],"picked":"SKIP","floor":12},{"not_picked":["clintock:Interrupt","clintock:Deoxyguanosine","clintock:Excavate"],"picked":"SKIP","floor":14},{"not_picked":["clintock:GeneAmplification","clintock:Mitosis"],"picked":"clintock:BoloPunch","floor":16}],"player_experience":304264,"relics_obtained":[{"floor":2,"key":"InkBottle"},{"floor":9,"key":"reliquary:BallBearing"},{"floor":11,"key":"Replay:Towering Pillar of Hats"}],"event_choices":[{"damage_healed":0,"gold_gain":0,"player_choice":"Donut","damage_taken":0,"max_hp_gain":5,"max_hp_loss":0,"event_name":"Big Fish","floor":5,"gold_loss":0}],"is_beta":false,"boss_relics":[{"not_picked":["conspire:SlowCooker","Replay:Bronze Core"],"picked":"Snecko Eye"}],"items_purged_floors":[3],"is_endless":false,"potions_floor_spawned":[6,8,12,16],"killed_by":"conspire:FuzzyDice","ascension_level":0}}