{"host":"0qlrtuw7bw78ucw4","time":1613309904,"event":{"mods":["BaseMod","Downfall","Minty Spire (QoL Compilation)","StSLib"],"gold_per_floor":[99,115,130,230,243,153,153,178,208,208,220,220,220,251,266,266,266,266],"floor_reached":16,"language":"ENG","playtime":792,"items_purged":["Guardian:Strike_Guardian"],"score":198,"play_id":"c697bca6-5879-4e87-a7bb-0761217cc9b7","local_time":"20210215003824","is_ascension_mode":true,"campfire_choices":[{"data":"Guardian:TwinSlam","floor":1,"key":"SMITH"},{"data":"Guardian:ConstructionForm","floor":10,"key":"SMITH"},{"data":"Guardian:PrimingBeam","floor":13,"key":"SMITH"}],"circlet_count":0,"master_deck":["AscendersBane","Guardian:Strike_Guardian","Guardian:Strike_Guardian","Guardian:Strike_Guardian","Guardian:Defend_Guardian","Guardian:Defend_Guardian","Guardian:Defend_Guardian","Guardian:Defend_Guardian","Guardian:CurlUp","Guardian:TwinSlam+1","Guardian:EvasiveProtocol","Guardian:PrimingBeam+1","Guardian:ConstructionForm+1","Guardian:ShieldCharger","Guardian:Gem_Green","Guardian:SpikerProtocol"],"relics":["Philosopher\u0027s Stone","HornCleat","Orichalcum","hexamod:BolsterEngine","Guardian:PickAxe","Happy Flower"],"acts_visited":["Exordium"],"potions_floor_usage":[12,12,16],"damage_taken":[{"damage":3,"enemies":"Jaw Worm","floor":2,"turns":4},{"damage":2,"enemies":"Cultist","floor":3,"turns":3},{"damage":12,"enemies":"2 Louse","floor":5,"turns":2},{"damage":5,"enemies":"downfall:FleeingMerchant","floor":6,"turns":4},{"damage":22,"enemies":"Gremlin Nob","floor":9,"turns":6},{"damage":0,"enemies":"2 Fungi Beasts","floor":11,"turns":4},{"damage":0,"enemies":"2 Fungi Beasts","floor":12,"turns":4},{"damage":1,"enemies":"3 Sentries","floor":14,"turns":8},{"damage":9,"enemies":"Blue Slaver","floor":15,"turns":3},{"damage":18,"enemies":"DF_ARCHETYPE_STREAMLINE","floor":16,"turns":9}],"seed_played":"3681688821669932459","potions_obtained":[{"floor":3,"key":"ColorlessPotion"},{"floor":9,"key":"ColorlessPotion"},{"floor":14,"key":"FearPotion"}],"is_trial":false,"path_per_floor":["R","M","M","?","M","$","T","T","E","R","M","?","R","E","M","B"],"character_chosen":"GUARDIAN","items_purchased":[],"campfire_rested":0,"item_purchase_floors":[],"current_hp_per_floor":[65,62,60,60,48,43,43,43,21,21,21,21,21,20,11,0,0,0],"gold":266,"neow_bonus":"BOSS_RELIC","is_daily":false,"chose_seed":false,"campfire_upgraded":3,"win_rate":0.0,"timestamp":1613309904,"path_taken":["R","M","M","?","M","?","T","?","E","R","?","?","R","E","M","BOSS"],"items_purchased_type":[],"build_version":"2020-12-22","purchased_purges":1,"victory":false,"max_hp_per_floor":[72,72,72,72,72,72,72,72,72,72,72,72,72,72,72,72,72,72],"card_choices":[{"not_picked":["Guardian:Emergency","Guardian:TemporalStrike"],"picked":"Guardian:Gem_Red","floor":2},{"not_picked":["Guardian:ShieldCharger","Guardian:Gem_Green"],"picked":"Guardian:EvasiveProtocol","floor":3},{"not_picked":["Guardian:Preprogram","Guardian:MultiBeam"],"picked":"Guardian:PrimingBeam","floor":5},{"not_picked":["Guardian:PolyBeam","Guardian:Reroute"],"picked":"Guardian:Gem_Fragmented","floor":6},{"not_picked":["Guardian:Gem_Yellow","Guardian:BronzeOrb"],"picked":"Guardian:ConstructionForm","floor":9},{"not_picked":["Guardian:Incinerate","Guardian:TemporalStrike"],"picked":"Guardian:ShieldCharger","floor":11},{"not_picked":["Guardian:Gem_Yellow","Guardian:Emergency"],"picked":"Guardian:Gem_Green","floor":14},{"not_picked":["Guardian:TemporalShield","Guardian:VentSteam"],"picked":"Guardian:SpikerProtocol","floor":15}],"player_experience":1018649,"relics_obtained":[{"floor":7,"key":"HornCleat"},{"floor":8,"key":"Orichalcum"},{"floor":9,"key":"hexamod:BolsterEngine"},{"floor":14,"key":"Happy Flower"}],"event_choices":[],"is_beta":false,"boss_relics":[],"items_purged_floors":[6],"is_endless":false,"potions_floor_spawned":[3,9,12,14],"killed_by":"DF_ARCHETYPE_STREAMLINE","ascension_level":16}}