{"host":"6a9c3xws62y7efyw","time":1613291218,"event":{"mods":["BaseMod","Colored Map","Minty Spire (QoL Compilation)","Relic Stats","StSLib"],"gold_per_floor":[112,126,142,217,132,132,166,15,15,15,15,15,15,46,46,120,120,130,147,159,159,159,159,193,243,269,281,308,320,320],"floor_reached":29,"language":"ENG","playtime":1127,"items_purged":[],"score":548,"play_id":"b07273a3-2e0e-46f2-80ea-c335a6d801ae","local_time":"20210214002658","is_ascension_mode":true,"campfire_choices":[{"data":"Crippling Poison","floor":10,"key":"SMITH"},{"floor":13,"key":"REST"},{"data":"Footwork","floor":15,"key":"SMITH"},{"data":"Catalyst","floor":23,"key":"SMITH"},{"data":"Catalyst","floor":27,"key":"SMITH"}],"circlet_count":0,"master_deck":["AscendersBane","Survivor","Neutralize","Blade Dance","All Out Attack","Terror","Footwork+1","Underhanded Strike","Crippling Poison+1","Backstab","Dodge and Roll","Wraith Form v2+1","Underhanded Strike","Deadly Poison","Concentrate","Skewer","Concentrate","Catalyst+1","Tactician","Expertise","Blur","Well Laid Plans+1","Catalyst+1","Dash","Underhanded Strike+1","Writhe","Ghostly","Ghostly","Ghostly","Malaise"],"relics":["Ring of the Snake","Blue Candle","Shuriken","Frozen Egg 2","Pandora\u0027s Box","Omamori","StrikeDummy","MawBank"],"acts_visited":["Exordium","TheCity"],"potions_floor_usage":[16,20,24],"damage_taken":[{"damage":7.0,"enemies":"Small Slimes","floor":1.0,"turns":4.0},{"damage":4.0,"enemies":"Jaw Worm","floor":2.0,"turns":3.0},{"damage":7,"enemies":"2 Louse","floor":3,"turns":2},{"damage":19,"enemies":"Lagavulin","floor":7,"turns":7},{"damage":0,"enemies":"Gremlin Nob","floor":14,"turns":3},{"damage":17,"enemies":"Slime Boss","floor":16,"turns":9},{"damage":10,"enemies":"Shell Parasite","floor":18,"turns":5},{"damage":3,"enemies":"3 Byrds","floor":19,"turns":3},{"damage":8,"enemies":"Centurion and Healer","floor":20,"turns":5},{"damage":7,"enemies":"Book of Stabbing","floor":24,"turns":6},{"damage":16,"enemies":"Snake Plant","floor":28,"turns":6},{"damage":38,"enemies":"Gremlin Leader","floor":29,"turns":7}],"seed_played":"-600703546581504270","potions_obtained":[{"floor":2.0,"key":"Swift Potion"},{"floor":7,"key":"SteroidPotion"},{"floor":19,"key":"FairyPotion"},{"floor":20,"key":"SneckoOil"}],"is_trial":false,"path_per_floor":["M","M","M","?","$","?","E","$","T","R","$","?","R","E","R","B",null,"M","M","M","?","?","R","E","?","T","R","M","E"],"character_chosen":"THE_SILENT","items_purchased":["Footwork","Crippling Poison","Backstab"],"campfire_rested":1,"item_purchase_floors":[5,8,8],"current_hp_per_floor":[58,54,47,36,36,41,22,22,22,22,22,22,45,45,45,28,65,55,52,44,44,38,38,31,31,31,31,15,0,0],"gold":320,"neow_bonus":"TEN_PERCENT_HP_BONUS","is_daily":false,"chose_seed":false,"campfire_upgraded":4,"win_rate":0.0,"timestamp":1613291218,"path_taken":["M","M","M","?","$","?","E","$","T","R","$","?","R","E","R","BOSS","M","M","M","?","?","R","E","?","T","R","M","E"],"items_purchased_type":["Card","Card","Card"],"build_version":"2020-12-22","purchased_purges":0,"victory":false,"max_hp_per_floor":[72,72,72,72,72,77,77,77,77,77,77,77,77,77,77,77,77,77,77,77,77,38,38,38,38,38,38,38,38,38],"relic_stats":{"counters":[12,60],"Shuriken":[13],"Blue Candle":[2],"Pandora\u0027s Box":["Underhanded Strike","Deadly Poison","Concentrate","Skewer","Concentrate","Catalyst","Tactician","Expertise","Blur","Well Laid Plans"],"MawBank":36,"obtain_stats":[{"Shuriken":9,"Blue Candle":7,"Pandora\u0027s Box":17,"Omamori":21,"Frozen Egg 2":14,"StrikeDummy":24,"MawBank":26,"Ring of the Snake":0},{"Shuriken":4,"Blue Candle":4,"Pandora\u0027s Box":6,"Omamori":9,"Frozen Egg 2":5,"StrikeDummy":10,"MawBank":10,"Ring of the Snake":0},{"Shuriken":16,"Blue Candle":16,"Pandora\u0027s Box":28,"Omamori":41,"Frozen Egg 2":19,"StrikeDummy":47,"MawBank":47,"Ring of the Snake":0}],"Ring of the Snake":[24]},"card_choices":[{"not_picked":["Cloak And Dagger","PiercingWail"],"picked":"Blade Dance","floor":1.0},{"not_picked":["Caltrops","Masterful Stab"],"picked":"All Out Attack","floor":2.0},{"not_picked":["PiercingWail","Deflect"],"picked":"Terror","floor":3},{"not_picked":["Well Laid Plans","Quick Slash"],"picked":"Underhanded Strike","floor":7},{"not_picked":["Outmaneuver","Acrobatics"],"picked":"Dodge and Roll","floor":14},{"not_picked":["Bullet Time","Venomology"],"picked":"Wraith Form v2+1","floor":16},{"not_picked":["Prepared","Eviscerate"],"picked":"Catalyst","floor":18},{"not_picked":["Setup+1","Poisoned Stab"],"picked":"Dash","floor":19},{"not_picked":["Slice","Poisoned Stab"],"picked":"Underhanded Strike+1","floor":20},{"not_picked":["Poisoned Stab","Dagger Spray"],"picked":"Malaise","floor":24},{"not_picked":["Riddle With Holes+1","Poisoned Stab","Slice"],"picked":"SKIP","floor":28}],"player_experience":1529056,"relics_obtained":[{"floor":7,"key":"Blue Candle"},{"floor":9,"key":"Shuriken"},{"floor":14,"key":"Frozen Egg 2"},{"floor":24,"key":"StrikeDummy"},{"floor":26,"key":"MawBank"}],"event_choices":[{"damage_healed":0,"gold_gain":75,"player_choice":"Gather Gold","damage_taken":11,"max_hp_gain":0,"max_hp_loss":0,"event_name":"World of Goop","floor":4,"gold_loss":0},{"damage_healed":0,"gold_gain":0,"player_choice":"Donut","damage_taken":0,"max_hp_gain":5,"max_hp_loss":0,"event_name":"Big Fish","floor":6,"gold_loss":0},{"damage_healed":0,"gold_gain":0,"player_choice":"Ignored","damage_taken":0,"max_hp_gain":0,"max_hp_loss":0,"event_name":"Shining Light","floor":12,"gold_loss":0},{"damage_healed":0,"gold_gain":0,"player_choice":"Opened","damage_taken":0,"relics_obtained":["Omamori"],"max_hp_gain":0,"max_hp_loss":0,"event_name":"The Mausoleum","floor":21,"gold_loss":0,"cards_obtained":["Writhe"]},{"damage_healed":0,"gold_gain":0,"player_choice":"Became a Ghost","damage_taken":0,"max_hp_gain":0,"max_hp_loss":39,"event_name":"Ghosts","floor":22,"gold_loss":0,"cards_obtained":["Ghostly","Ghostly","Ghostly"]},{"damage_healed":0,"gold_gain":50,"player_choice":"Stole From Cult","damage_taken":0,"max_hp_gain":0,"max_hp_loss":0,"event_name":"Nest","floor":25,"gold_loss":0}],"is_beta":false,"boss_relics":[{"not_picked":["Black Star","Philosopher\u0027s Stone"],"picked":"Pandora\u0027s Box"}],"items_purged_floors":[],"is_endless":false,"potions_floor_spawned":[2,7,19,20],"killed_by":"Gremlin Leader","ascension_level":20}}