{"host":"a5lz0e76zb3fcwkm","time":1613327863,"event":{"mods":["AchievementEnabler","BaseMod","Colored Map","Colored Powertips","Minty Spire (QoL Compilation)","StSLib","SuperFastMode"],"gold_per_floor":[114,114,0,0,0,0,32,49,97,115,115,147,147,182,194,278,290,312,107,126,141,3,33,33,33,33,33,49,64,64,64],"floor_reached":30,"language":"KOR","playtime":683,"items_purged":["Strike_B","Strike_B","Defend_B"],"score":632,"play_id":"0f48418d-d8f6-4aab-952d-b10affbcf082","local_time":"20210215033743","is_ascension_mode":true,"campfire_choices":[{"data":"Consume","floor":6,"key":"SMITH"},{"data":"Sunder","floor":11,"key":"SMITH"},{"data":"Dualcast","floor":13,"key":"SMITH"},{"data":"Zap","floor":15,"key":"SMITH"},{"floor":25,"key":"REST"},{"data":"Loop","floor":27,"key":"SMITH"}],"circlet_count":0,"master_deck":["AscendersBane","Defend_B","Defend_B","Zap+1","Dualcast+1","Consume+1","Sunder+1","Cold Snap","Coolheaded","Cold Snap","Reboot","Ball Lightning","Self Repair","Compile Driver+1","Loop+1","White Noise","Turbo+1"],"relics":["Cracked Core","NeowsBlessing","FaceOfCleric","Emotion Chip","InkBottle","Smiling Mask","Boot","MawBank","Empty Cage","MealTicket","Bag of Marbles"],"acts_visited":["Exordium","TheCity"],"potions_floor_usage":[12,14,16,21,23,23,29],"damage_taken":[{"damage":0.0,"enemies":"Small Slimes","floor":1.0,"turns":1.0},{"damage":0,"enemies":"Gremlin Nob","floor":7,"turns":1},{"damage":0,"enemies":"Cultist","floor":8,"turns":1},{"damage":7,"enemies":"Jaw Worm","floor":10,"turns":3},{"damage":10,"enemies":"Lagavulin","floor":12,"turns":5},{"damage":0,"enemies":"3 Sentries","floor":14,"turns":8},{"damage":28,"enemies":"Slime Boss","floor":16,"turns":9},{"damage":17,"enemies":"Shell Parasite","floor":18,"turns":6},{"damage":6,"enemies":"Chosen","floor":20,"turns":4},{"damage":7,"enemies":"Centurion and Healer","floor":21,"turns":8},{"damage":52,"enemies":"Book of Stabbing","floor":23,"turns":6},{"damage":26,"enemies":"Shelled Parasite and Fungi","floor":28,"turns":5},{"damage":13,"enemies":"Cultist and Chosen","floor":29,"turns":5},{"damage":12,"enemies":"Snake Plant","floor":30,"turns":2}],"seed_played":"-8226279176569563094","potions_obtained":[{"floor":1.0,"key":"Fire Potion"},{"floor":7,"key":"Explosive Potion"},{"floor":12,"key":"DistilledChaos"},{"floor":16,"key":"LiquidMemories"},{"floor":18,"key":"Block Potion"},{"floor":21,"key":"Swift Potion"},{"floor":28,"key":"Explosive Potion"}],"is_trial":false,"path_per_floor":["M","?","$","T","?","R","E","M","T","M","R","E","R","E","R","B",null,"M","$","M","M","$","E","?","R","T","R","M","M","M"],"character_chosen":"DEFECT","items_purchased":["Sunder","MealTicket","Loop"],"campfire_rested":1,"item_purchase_floors":[3,19,22],"current_hp_per_floor":[64,64,64,64,64,64,65,66,66,60,60,51,51,52,52,25,64,48,48,43,44,59,15,15,39,39,39,21,9,0,0],"gold":64,"neow_bonus":"THREE_ENEMY_KILL","is_daily":false,"chose_seed":false,"campfire_upgraded":5,"win_rate":0.0,"timestamp":1613327863,"path_taken":["M","?","$","?","?","R","E","M","T","?","R","E","R","E","R","BOSS","M","$","M","M","$","E","?","R","T","R","M","M","M"],"items_purchased_type":["Card","Relic","Card"],"build_version":"2020-12-22","purchased_purges":3,"victory":false,"max_hp_per_floor":[71,71,71,71,71,71,72,73,73,74,74,75,75,76,76,77,77,78,78,79,80,80,81,81,81,81,81,82,83,83,83],"card_choices":[{"not_picked":["Ball Lightning","Go for the Eyes"],"picked":"Consume","floor":1.0},{"not_picked":["Rip and Tear","Redo"],"picked":"Cold Snap","floor":7},{"not_picked":["Conserve Battery","Stack"],"picked":"Coolheaded","floor":8},{"not_picked":["Hello World","Rebound"],"picked":"Cold Snap","floor":10},{"not_picked":["Sunder","Redo","Amplify"],"picked":"SKIP","floor":12},{"not_picked":["Go for the Eyes","Storm","Consume"],"picked":"SKIP","floor":14},{"not_picked":["Hyperbeam","Fission"],"picked":"Reboot","floor":16},{"not_picked":["Sweeping Beam+1","Coolheaded"],"picked":"Ball Lightning","floor":18},{"not_picked":["Genetic Algorithm","Sweeping Beam"],"picked":"Self Repair","floor":20},{"not_picked":["Stack","Rainbow"],"picked":"Compile Driver+1","floor":21},{"not_picked":["Beam Cell","Storm","Aggregate"],"picked":"SKIP","floor":23},{"not_picked":["Glacier","Stack+1"],"picked":"White Noise","floor":28},{"not_picked":["Force Field","Chill"],"picked":"Turbo+1","floor":29}],"player_experience":1894328,"relics_obtained":[{"floor":4.0,"key":"Emotion Chip"},{"floor":7,"key":"InkBottle"},{"floor":9,"key":"Smiling Mask"},{"floor":12,"key":"Boot"},{"floor":14,"key":"MawBank"},{"floor":23,"key":"Bag of Marbles"}],"event_choices":[{"damage_healed":0.0,"max_hp_gain":0.0,"max_hp_loss":0.0,"gold_gain":0.0,"event_name":"FaceTrader","player_choice":"Trade","floor":2.0,"gold_loss":0.0,"damage_taken":0.0,"relics_obtained":["FaceOfCleric"]},{"cards_removed":["Defend_B"],"damage_healed":0,"gold_gain":0,"player_choice":"Forget","damage_taken":0,"max_hp_gain":0,"max_hp_loss":0,"event_name":"Living Wall","floor":5,"gold_loss":0},{"damage_healed":0,"gold_gain":0,"player_choice":"Ignored","damage_taken":0,"max_hp_gain":0,"max_hp_loss":0,"event_name":"Vampires","floor":24,"gold_loss":0}],"is_beta":false,"boss_relics":[{"not_picked":["Calling Bell","Velvet Choker"],"picked":"Empty Cage"}],"items_purged_floors":[3,19,22],"is_endless":false,"potions_floor_spawned":[1,7,12,16,18,21,28],"killed_by":"Snake Plant","ascension_level":20}}