{"host":"lv7etzzgwahaenh9","time":1613271420,"event":{"mods":["AchievementEnabler","BaseMod","Colored Map","Colored Powertips","Highlight Path","Minty Spire (QoL Compilation)","Permanent Neow","Quick Restart","Random Character Button","StSLib"],"gold_per_floor":[110,127,137,147,158,158,173,173,198,209,239,239,255,289,289,388,388,405,419,434,29,29,29],"floor_reached":22,"language":"ENG","playtime":1257,"items_purged":[],"score":313,"play_id":"480112ed-2408-487e-bfd5-d7a59801eab8","local_time":"20210213185700","is_ascension_mode":true,"campfire_choices":[{"data":"Adrenaline","floor":6,"key":"SMITH"},{"data":"Neutralize","floor":8,"key":"SMITH"},{"floor":12,"key":"REST"},{"data":"Cloak And Dagger","floor":15,"key":"SMITH"}],"circlet_count":0,"master_deck":["AscendersBane","Strike_G","Strike_G","Strike_G","Strike_G","Strike_G","Defend_G","Defend_G","Defend_G","Defend_G","Defend_G","Survivor","Neutralize+1","Grand Finale","Acrobatics","Quick Slash","Sucker Punch","Choke","Adrenaline+1","Cloak And Dagger+1","Slice","Acrobatics","Dagger Throw","Cloak And Dagger","Grand Finale","Dagger Throw","Caltrops","Dash","Footwork","Quick Slash"],"relics":["Ring of the Snake","Art of War","Shuriken","Bronze Scales","WristBlade","Turnip"],"acts_visited":["Exordium","TheCity"],"potions_floor_usage":[11,16,22,22],"damage_taken":[{"damage":1.0,"enemies":"Small Slimes","floor":1.0,"turns":4.0},{"damage":7.0,"enemies":"Jaw Worm","floor":2.0,"turns":6.0},{"damage":0.0,"enemies":"Cultist","floor":3.0,"turns":4.0},{"damage":0,"enemies":"Large Slime","floor":4,"turns":5},{"damage":5,"enemies":"Blue Slaver","floor":5,"turns":6},{"damage":0,"enemies":"Looter","floor":7,"turns":3},{"damage":0,"enemies":"Red Slaver","floor":10,"turns":3},{"damage":17,"enemies":"Gremlin Nob","floor":11,"turns":3},{"damage":0,"enemies":"2 Fungi Beasts","floor":13,"turns":2},{"damage":22,"enemies":"3 Sentries","floor":14,"turns":9},{"damage":22,"enemies":"The Guardian","floor":16,"turns":10},{"damage":0,"enemies":"3 Byrds","floor":18,"turns":2},{"damage":18,"enemies":"2 Thieves","floor":19,"turns":4},{"damage":9,"enemies":"Centurion and Healer","floor":20,"turns":6},{"damage":10,"enemies":"Shelled Parasite and Fungi","floor":22,"turns":3}],"seed_played":"-5294886203384473266","potions_obtained":[{"floor":4,"key":"SteroidPotion"},{"floor":5,"key":"PowerPotion"},{"floor":13,"key":"GamblersBrew"},{"floor":14,"key":"CultistPotion"},{"floor":19,"key":"CunningPotion"}],"is_trial":false,"path_per_floor":["M","M","M","M","M","R","M","R","T","M","E","R","M","E","R","B",null,"M","M","M","$","M"],"character_chosen":"THE_SILENT","items_purchased":["Turnip","Footwork","Quick Slash"],"campfire_rested":1,"item_purchase_floors":[21,21,21],"current_hp_per_floor":[62,55,55,55,50,50,50,50,50,50,33,54,54,32,32,10,55,55,37,28,28,18,18],"gold":29,"neow_bonus":"ONE_RANDOM_RARE_CARD","is_daily":false,"chose_seed":false,"campfire_upgraded":3,"win_rate":0.0,"timestamp":1613271420,"path_taken":["M","M","M","M","M","R","M","R","T","M","E","R","M","E","R","BOSS","M","M","M","$","M"],"items_purchased_type":["Relic","Card","Card"],"build_version":"2020-12-22","purchased_purges":0,"victory":false,"max_hp_per_floor":[70,70,70,70,70,70,70,70,70,70,70,70,70,70,70,70,70,70,70,70,70,70,70],"card_choices":[{"not_picked":["Dagger Spray","Cloak And Dagger"],"picked":"Acrobatics","floor":1.0},{"not_picked":["Masterful Stab","All Out Attack"],"picked":"Quick Slash","floor":2.0},{"not_picked":["Blur","Riddle With Holes"],"picked":"Sucker Punch","floor":3.0},{"not_picked":["Blade Dance","Finisher"],"picked":"Choke","floor":4},{"not_picked":["Leg Sweep","Endless Agony"],"picked":"Adrenaline","floor":5},{"not_picked":["Blur","Outmaneuver"],"picked":"Cloak And Dagger","floor":7},{"not_picked":["Flying Knee","Masterful Stab"],"picked":"Slice","floor":10},{"not_picked":["Bane","Blade Dance"],"picked":"Acrobatics","floor":11},{"not_picked":["Distraction","Deflect"],"picked":"Dagger Throw","floor":13},{"not_picked":["Accuracy","Blade Dance"],"picked":"Cloak And Dagger","floor":14},{"not_picked":["Storm of Steel","Adrenaline"],"picked":"Grand Finale","floor":16},{"not_picked":["Cloak And Dagger","Bane+1"],"picked":"Dagger Throw","floor":18},{"not_picked":["Outmaneuver","Masterful Stab"],"picked":"Caltrops","floor":19},{"not_picked":["Sucker Punch","Underhanded Strike"],"picked":"Dash","floor":20}],"player_experience":383287,"relics_obtained":[{"floor":9,"key":"Art of War"},{"floor":11,"key":"Shuriken"},{"floor":14,"key":"Bronze Scales"}],"event_choices":[],"is_beta":false,"boss_relics":[{"not_picked":["HoveringKite","Astrolabe"],"picked":"WristBlade"}],"items_purged_floors":[],"is_endless":false,"potions_floor_spawned":[4,5,7,13,14,19,20],"killed_by":"Shelled Parasite and Fungi","ascension_level":11}}