{"host":"k4t1rqzyfa1bjnq8","time":1613326720,"event":{"mods":["BaseMod","Colored Powertips","Downfall","Minty Spire (QoL Compilation)","StSLib","The Cursed","The Jungle","The Servant 0.9.4"],"gold_per_floor":[114,114,389,69,86,114,114,147,194,228,251,263,275,317,329,341,341],"floor_reached":16,"language":"ENG","playtime":4707,"items_purged":[],"score":130,"play_id":"4e76f1bf-cce0-4263-a52a-469f8476754e","local_time":"20210214201840","is_ascension_mode":true,"campfire_choices":[{"floor":7.0,"key":"RECALL"},{"floor":12.0,"key":"REST"},{"floor":15.0,"key":"REST"}],"circlet_count":0,"master_deck":["TheCursedMod:Strike_TheCursed","TheCursedMod:Strike_TheCursed","TheCursedMod:Strike_TheCursed","TheCursedMod:Defend_TheCursed","TheCursedMod:Defend_TheCursed","TheCursedMod:Defend_TheCursed","TheCursedMod:Defend_TheCursed","TheCursedMod:CursedWand","TheCursedMod:CleanUpWorkshop","TheCursedMod:Dregs","TheCursedMod:EmpowerCircles","TheCursedMod:SurpriseAttack","Regret","Panache","TheCursedMod:Grudge","TheCursedMod:WearCloak","TheCursedMod:TroublousMinions","TheCursedMod:CircleOfWindfury","TheCursedMod:RapidMovement","Regret","TheCursedMod:CollectTribute","TheCursedMod:SoulReap"],"relics":["TheCursedMod:BlackMagic101","Nunchaku","Regal Pillow","Orichalcum","Dream Catcher","MawBank","Akabeko","Blood Vial"],"acts_visited":["Exordium"],"potions_floor_usage":[16],"damage_taken":[{"damage":6.0,"enemies":"Jaw Worm","floor":1.0,"turns":8.0},{"damage":2.0,"enemies":"Small Slimes","floor":5.0,"turns":3.0},{"damage":10.0,"enemies":"3 Sentries","floor":6.0,"turns":10.0},{"damage":26.0,"enemies":"Lagavulin","floor":8.0,"turns":15.0},{"damage":3.0,"enemies":"3 Sentries","floor":10.0,"turns":13.0},{"damage":13.0,"enemies":"Lagavulin","floor":14.0,"turns":10.0},{"damage":86,"enemies":"Hexaghost","floor":16,"turns":15}],"seed_played":"932997712302420779","potions_obtained":[{"floor":5.0,"key":"AttackPotion"},{"floor":10.0,"key":"AttackPotion"}],"is_trial":false,"path_per_floor":["M","?","?","$","M","E","R","E","T","E","T","R","?","E","R","B"],"character_chosen":"THE_CURSED","items_purchased":["Nunchaku","Panache"],"campfire_rested":2,"item_purchase_floors":[4,4],"current_hp_per_floor":[69,69,69,69,67,57,57,31,31,28,28,65,65,52,75,0,0],"gold":341,"neow_bonus":"TRANSFORM_CARD","is_daily":false,"chose_seed":false,"campfire_upgraded":0,"win_rate":0.0,"timestamp":1613326720,"path_taken":["M","?","?","$","?","E","R","E","T","E","?","R","?","E","R","BOSS"],"items_purchased_type":["Relic","Card"],"build_version":"2020-12-22","purchased_purges":0,"victory":false,"max_hp_per_floor":[75,75,75,75,75,75,75,75,75,75,75,75,75,75,75,75,75],"card_choices":[{"not_picked":["TheCursedMod:VitalStrike","TheCursedMod:TacticalStrike"],"picked":"TheCursedMod:SurpriseAttack","floor":1.0},{"not_picked":["TheCursedMod:RavingStaff","TheCursedMod:CursedMace"],"picked":"TheCursedMod:Grudge","floor":5.0},{"not_picked":["TheCursedMod:TacticalStrike","TheCursedMod:Evocation"],"picked":"TheCursedMod:WearCloak","floor":6.0},{"not_picked":["TheCursedMod:SoulCrush","TheCursedMod:CursedBlade"],"picked":"TheCursedMod:TroublousMinions","floor":8.0},{"not_picked":["TheCursedMod:CursedShiv","TheCursedMod:WearCloak"],"picked":"TheCursedMod:CircleOfWindfury","floor":10.0},{"not_picked":["TheCursedMod:TacticalStrike","TheCursedMod:Stretching"],"picked":"TheCursedMod:RapidMovement","floor":12.0},{"not_picked":["TheCursedMod:ManaBullet","TheCursedMod:Neurasthenia"],"picked":"TheCursedMod:CollectTribute","floor":14.0},{"not_picked":["TheCursedMod:SaltUponWound","TheCursedMod:SoulCrush"],"picked":"TheCursedMod:SoulReap","floor":15.0}],"player_experience":1101678,"relics_obtained":[{"floor":6.0,"key":"Regal Pillow"},{"floor":8.0,"key":"Orichalcum"},{"floor":10.0,"key":"Dream Catcher"},{"floor":11.0,"key":"MawBank"},{"floor":14.0,"key":"Blood Vial"}],"event_choices":[{"damage_healed":0.0,"max_hp_gain":0.0,"max_hp_loss":0.0,"gold_gain":0.0,"event_name":"Golden Wing","player_choice":"Ignored","floor":2.0,"gold_loss":0.0,"damage_taken":0.0},{"damage_healed":0.0,"max_hp_gain":0.0,"max_hp_loss":0.0,"gold_gain":275.0,"event_name":"Golden Shrine","player_choice":"Desecrate","floor":3.0,"gold_loss":0.0,"damage_taken":0.0,"cards_obtained":["Regret"]},{"damage_healed":0.0,"max_hp_gain":0.0,"max_hp_loss":0.0,"gold_gain":0.0,"event_name":"Big Fish","player_choice":"Box","floor":13.0,"gold_loss":0.0,"damage_taken":0.0,"relics_obtained":["Akabeko"],"cards_obtained":["Regret"]}],"is_beta":false,"boss_relics":[],"items_purged_floors":[],"is_endless":false,"potions_floor_spawned":[5,10],"killed_by":"Hexaghost","ascension_level":1}}