{"host":"x52zk6e1f2bye2h7","time":1613307687,"event":{"mods":["AchievementEnabler","BaseMod","Highlight Path","Minty Spire (QoL Compilation)","everything is the same but u backflip on backflip"],"gold_per_floor":[115,129,54,54,71,71,71,101,101,1,17,43,43,61,61,166,166,180,149,24,24,37,65,65,80,103,103,114,114,39,52,52,152,202,212,212,212,222,72,72,86,86,113,123,123,73,73,93,93,93],"floor_reached":51,"language":"ENG","playtime":5109,"items_purged":["Strike_G","Strike_G","Defend_G","Strike_G","Strike_G"],"score":895,"play_id":"699641d1-f065-41a0-9138-a096352a9765","local_time":"20210214130127","is_ascension_mode":true,"campfire_choices":[{"data":"Prepared","floor":7.0,"key":"SMITH"},{"data":"After Image","floor":15.0,"key":"SMITH"},{"data":"Tactician","floor":24.0,"key":"SMITH"},{"data":"Envenom","floor":27.0,"key":"SMITH"},{"data":"Prepared","floor":29.0,"key":"SMITH"},{"data":"Tactician","floor":32.0,"key":"SMITH"},{"data":"Well Laid Plans","floor":40,"key":"SMITH"},{"data":"Adrenaline","floor":45,"key":"SMITH"},{"data":"Madness","floor":47,"key":"SMITH"},{"data":"Madness","floor":49,"key":"SMITH"}],"circlet_count":0,"master_deck":["Defend_G","Defend_G","Defend_G","Survivor","Neutralize","Poisoned Stab","Backflip","Prepared+1","Tactician+1","After Image+1","Envenom+1","Acrobatics+1","Well Laid Plans+1","Prepared+1","Blur+1","Tactician+1","Quick Slash","Madness+1","Madness+1","Finesse","Backflip","Adrenaline+1"],"relics":["Ring of the Snake","Letter Opener","Question Card","Turnip","Calipers","SlaversCollar","Tingsha","Akabeko","Tiny House","Smiling Mask"],"acts_visited":["Exordium","TheCity","TheBeyond"],"potions_floor_usage":[],"damage_taken":[{"damage":0.0,"enemies":"Cultist","floor":1.0,"turns":4.0},{"damage":0.0,"enemies":"Jaw Worm","floor":2.0,"turns":4.0},{"damage":0.0,"enemies":"2 Louse","floor":5.0,"turns":3.0},{"damage":14.0,"enemies":"3 Sentries","floor":8.0,"turns":7.0},{"damage":4.0,"enemies":"Exordium Wildlife","floor":11.0,"turns":4.0},{"damage":12.0,"enemies":"Lagavulin","floor":12.0,"turns":7.0},{"damage":0.0,"enemies":"2 Fungi Beasts","floor":14.0,"turns":3.0},{"damage":0.0,"enemies":"The Guardian","floor":16.0,"turns":15.0},{"damage":3.0,"enemies":"Shell Parasite","floor":18.0,"turns":11.0},{"damage":17.0,"enemies":"2 Thieves","floor":19.0,"turns":5.0},{"damage":6.0,"enemies":"Centurion and Healer","floor":22.0,"turns":7.0},{"damage":5.0,"enemies":"Gremlin Leader","floor":23.0,"turns":5.0},{"damage":29.0,"enemies":"Cultist and Chosen","floor":25.0,"turns":8.0},{"damage":2.0,"enemies":"Chosen and Byrds","floor":28.0,"turns":5.0},{"damage":0.0,"enemies":"Sentry and Sphere","floor":31.0,"turns":4.0},{"damage":0.0,"enemies":"Automaton","floor":33.0,"turns":9.0},{"damage":1.0,"enemies":"3 Darklings","floor":35.0,"turns":5.0},{"damage":13.0,"enemies":"3 Shapes","floor":38.0,"turns":6.0},{"damage":0,"enemies":"Spire Growth","floor":41,"turns":3},{"damage":10,"enemies":"Writhing Mass","floor":44,"turns":4},{"damage":0,"enemies":"Maw","floor":48,"turns":2},{"damage":0,"enemies":"Awakened One","floor":50,"turns":4}],"seed_played":"384916339015793357","potions_obtained":[{"floor":5.0,"key":"DistilledChaos"},{"floor":11.0,"key":"EntropicBrew"},{"floor":12.0,"key":"EntropicBrew"},{"floor":22.0,"key":"Swift Potion"},{"floor":23.0,"key":"SkillPotion"},{"floor":25.0,"key":"Ancient Potion"},{"floor":28.0,"key":"Regen Potion"},{"floor":33.0,"key":"Strength Potion"}],"is_trial":false,"path_per_floor":["M","M","$","?","M","T","R","E","T","$","M","E","$","M","R","B",null,"M","M","$","?","M","E","R","M","T","R","M","R","?","M","R","B",null,"M","?","?","M","$","R","M","?","T","M","R","$","R","M","R","B",null],"character_chosen":"THE_SILENT","items_purchased":[],"campfire_rested":0,"item_purchase_floors":[],"current_hp_per_floor":[70,70,70,70,70,70,70,56,56,56,52,40,40,40,40,55,70,67,50,50,50,44,39,39,10,10,10,8,8,8,20,20,20,75,74,65,65,52,52,52,52,52,52,42,42,42,42,42,42,42],"gold":93,"neow_bonus":"THREE_CARDS","is_daily":false,"chose_seed":false,"campfire_upgraded":10,"win_rate":0.0,"timestamp":1613307687,"path_taken":["M","?","$","?","M","?","R","E","T","?","M","E","$","M","R","BOSS","M","M","$","?","M","E","R","M","T","R","M","R","?","M","R","BOSS","M","?","?","M","$","R","M","?","T","M","R","$","R","M","R","BOSS"],"items_purchased_type":[],"build_version":"2020-12-22","purchased_purges":5,"victory":true,"max_hp_per_floor":[70,70,70,70,70,70,70,70,70,70,70,70,70,70,70,70,70,70,70,70,70,70,70,70,70,70,70,70,70,70,70,70,70,75,75,75,75,75,75,75,75,75,75,75,75,75,75,75,75,75],"card_choices":[{"not_picked":["Bane","Slice"],"picked":"Poisoned Stab","floor":0.0},{"not_picked":["Caltrops","Outmaneuver"],"picked":"Backflip","floor":1.0},{"not_picked":["Bane","Cloak And Dagger"],"picked":"Prepared","floor":2.0},{"not_picked":["Skewer","Sucker Punch"],"picked":"Tactician","floor":5.0},{"not_picked":["Bane","Underhanded Strike","Backstab"],"picked":"SKIP","floor":8.0},{"not_picked":["Deflect","Blade Dance","Underhanded Strike","Finisher"],"picked":"SKIP","floor":11.0},{"not_picked":["Outmaneuver","Blade Dance","Wraith Form v2"],"picked":"After Image","floor":12.0},{"not_picked":["Slice","Eviscerate","Distraction","Bouncing Flask"],"picked":"SKIP","floor":14.0},{"not_picked":["Malaise","Glass Knife","Unload"],"picked":"Envenom","floor":16.0},{"not_picked":["Dagger Spray","Caltrops+1","Bane"],"picked":"Acrobatics+1","floor":18.0},{"not_picked":["Outmaneuver","All Out Attack+1","Backstab"],"picked":"Well Laid Plans","floor":19.0},{"not_picked":["Distraction","Dagger Throw+1","Slice","Deadly Poison"],"picked":"SKIP","floor":22.0},{"not_picked":["Dagger Throw+1","Riddle With Holes","Dagger Spray","Underhanded Strike"],"picked":"SKIP","floor":23.0},{"not_picked":["Bane","Acrobatics","Quick Slash"],"picked":"Prepared","floor":25.0},{"not_picked":["Dagger Spray","Underhanded Strike","Blade Dance"],"picked":"Blur","floor":28.0},{"not_picked":["Cloak And Dagger","Unload","Outmaneuver+1"],"picked":"Tactician","floor":31.0},{"not_picked":["Poisoned Stab","Tactician","Bouncing Flask+1"],"picked":"Quick Slash","floor":35.0},{"not_picked":["Enlightenment","Trip","Deep Breath"],"picked":"Finesse","floor":37.0},{"not_picked":["Wraith Form v2","Slice","Dagger Throw+1","Backstab"],"picked":"SKIP","floor":38.0},{"not_picked":["Flying Knee+1","Deflect+1","Dodge and Roll"],"picked":"Backflip","floor":41},{"not_picked":["Deadly Poison","Acrobatics","All Out Attack"],"picked":"Adrenaline","floor":44},{"not_picked":["Caltrops+1","Blade Dance+1","Dash+1","PiercingWail+1"],"picked":"SKIP","floor":48}],"player_experience":113339,"relics_obtained":[{"floor":6.0,"key":"Letter Opener"},{"floor":8.0,"key":"Question Card"},{"floor":9.0,"key":"Turnip"},{"floor":12.0,"key":"Calipers"},{"floor":23.0,"key":"Akabeko"},{"floor":43,"key":"Smiling Mask"}],"event_choices":[{"cards_removed":["Defend_G"],"damage_healed":0.0,"max_hp_gain":0.0,"max_hp_loss":0.0,"gold_gain":0.0,"event_name":"Living Wall","player_choice":"Forget","floor":4.0,"gold_loss":0.0,"damage_taken":0.0},{"damage_healed":0.0,"max_hp_gain":0.0,"max_hp_loss":0.0,"gold_gain":0.0,"event_name":"Addict","player_choice":"Stole Relic","floor":21.0,"gold_loss":0.0,"damage_taken":0.0,"relics_obtained":["Tingsha"],"cards_obtained":["Shame"]},{"cards_removed":["Shame"],"damage_healed":0.0,"max_hp_gain":0.0,"max_hp_loss":0.0,"gold_gain":0.0,"event_name":"Beggar","player_choice":"Gave Gold","floor":30.0,"gold_loss":75.0,"damage_taken":0.0},{"damage_healed":0.0,"max_hp_gain":0.0,"max_hp_loss":0.0,"gold_gain":0.0,"event_name":"Winding Halls","player_choice":"Embrace Madness","floor":36.0,"gold_loss":0.0,"damage_taken":9.0,"cards_obtained":["Madness","Madness"]},{"damage_healed":0.0,"max_hp_gain":0.0,"max_hp_loss":0.0,"gold_gain":0.0,"event_name":"SensoryStone","player_choice":"Memory 1","floor":37.0,"gold_loss":0.0,"damage_taken":0.0},{"cards_removed":["Strike_G"],"damage_healed":0,"gold_gain":0,"player_choice":"Removed Attack","damage_taken":0,"max_hp_gain":0,"max_hp_loss":0,"event_name":"Falling","floor":42,"gold_loss":0}],"is_beta":false,"boss_relics":[{"not_picked":["Busted Crown","Ectoplasm"],"picked":"SlaversCollar"},{"not_picked":["Fusion Hammer","Sozu"],"picked":"Tiny House"}],"items_purged_floors":[3,10,20,39,46],"is_endless":false,"potions_floor_spawned":[5,11,12,22,23,25,28,33,35,41,44],"ascension_level":1}}