{"host":"8u1cu4kisw6g21am","time":1613343110,"event":{"mods":["AchievementEnabler","BaseMod","Bestiary","Better Note","BetterRewards","Marked Mod","Mimic Mod","Minty Spire (QoL Compilation)","Quick Restart","Shop Mod","Spicy Shops","StSLib"],"gold_per_floor":[112,112,112,287,297,325,102,102,102,29,41,41,51,51,51,149,149,161,174,30,30,41,68,83,101,101,101,121,121,48,248,248,348,348,358,371,382,398,126,126,156,170,205,205,222,237,10,0,0,0],"floor_reached":51,"language":"ENG","playtime":7402,"items_purged":["Decay","Blasphemy","Worship+1","Study+1"],"score":699,"play_id":"3db83b48-db66-4400-a688-7819d5a02ee4","local_time":"20210214175150","is_ascension_mode":false,"campfire_choices":[{"floor":12.0,"key":"REST"},{"data":"MarkedMod:Acupuncture","floor":15.0,"key":"SMITH"},{"data":"Eruption","floor":27.0,"key":"SMITH"},{"data":"MarkedMod:GracefulMovements","floor":32.0,"key":"SMITH"},{"data":"MarkedMod:FirstStrike","floor":40.0,"key":"SMITH"},{"floor":44.0,"key":"REST"},{"floor":49,"key":"REST"}],"circlet_count":0,"master_deck":["Strike_P","Strike_P","Defend_P","Eruption+1","Vigilance","ThirdEye","Weave","PathToVictory","PathToVictory+1","MarkedMod:Acupuncture+1","PathToVictory","PathToVictory+1","MarkedMod:FirstStrike+1","InnerPeace","EmptyBody+1","MarkedMod:PinPointDefense","PathToVictory+1","MarkedMod:GracefulMovements+1","DevaForm+1","MarkedMod:FirstStrike","Sanctity+1","MarkedMod:OneThousandNeedles+1"],"relics":["PureWater","Ornamental Fan","Anchor","Pear","Gambling Chip","SlaversCollar","ClockworkSouvenir","Nloth\u0027s Gift","Happy Flower","Astrolabe","MarkedMod:AcupunctureKit","Potion Belt","Dead Branch","Red Mask"],"acts_visited":["Exordium","TheCity","TheBeyond"],"potions_floor_usage":[50,50],"damage_taken":[{"damage":0.0,"enemies":"Small Slimes","floor":1.0,"turns":2.0},{"damage":1.0,"enemies":"Jaw Worm","floor":5.0,"turns":2.0},{"damage":42.0,"enemies":"Gremlin Nob","floor":6.0,"turns":5.0},{"damage":0.0,"enemies":"Cultist","floor":11.0,"turns":2.0},{"damage":2.0,"enemies":"Blue Slaver","floor":13.0,"turns":2.0},{"damage":70.0,"enemies":"Hexaghost","floor":16.0,"turns":3.0},{"damage":0.0,"enemies":"3 Byrds","floor":18.0,"turns":4.0},{"damage":2.0,"enemies":"2 Thieves","floor":19.0,"turns":2.0},{"damage":0.0,"enemies":"Shelled Parasite and Fungi","floor":22.0,"turns":2.0},{"damage":8.0,"enemies":"Gremlin Leader","floor":23.0,"turns":5.0},{"damage":0.0,"enemies":"3 Cultists","floor":24.0,"turns":2.0},{"damage":0.0,"enemies":"Cultist and Chosen","floor":25.0,"turns":3.0},{"damage":0.0,"enemies":"Snake Plant","floor":28.0,"turns":2.0},{"damage":6.0,"enemies":"Automaton","floor":33.0,"turns":4.0},{"damage":0.0,"enemies":"3 Darklings","floor":35.0,"turns":3.0},{"damage":0.0,"enemies":"Orb Walker","floor":36.0,"turns":1.0},{"damage":0.0,"enemies":"Maw","floor":37.0,"turns":4.0},{"damage":2.0,"enemies":"Spire Growth","floor":38.0,"turns":2.0},{"damage":46.0,"enemies":"Reptomancer","floor":41.0,"turns":3.0},{"damage":22.0,"enemies":"Transient","floor":42.0,"turns":5.0},{"damage":1.0,"enemies":"Sphere and 2 Shapes","floor":43.0,"turns":3.0},{"damage":0.0,"enemies":"Sphere and 2 Shapes","floor":45.0,"turns":2.0},{"damage":0,"enemies":"Writhing Mass","floor":46,"turns":2},{"damage":15,"enemies":"Time Eater","floor":50,"turns":4}],"seed_played":"1791364242930901658","potions_obtained":[{"floor":1.0,"key":"BottledMiracle"},{"floor":13.0,"key":"EntropicBrew"},{"floor":22.0,"key":"Swift Potion"},{"floor":24.0,"key":"Regen Potion"},{"floor":25.0,"key":"LiquidBronze"},{"floor":33.0,"key":"EssenceOfSteel"},{"floor":36.0,"key":"EssenceOfSteel"},{"floor":41.0,"key":"BottledMiracle"},{"floor":42.0,"key":"GamblersBrew"},{"floor":46,"key":"SneckoOil"}],"is_trial":false,"path_per_floor":["M","?","T","?","M","E","$","?","T","$","M","R","M","?","R","B",null,"M","M","$","?","M","E","M","M","T","R","M","?","$","?","R","B",null,"M","M","M","M","$","R","E","M","MIM","R","M","M","$","?","R","B",null],"character_chosen":"WATCHER","items_purchased":["PathToVictory","Gambling Chip","ClockworkSouvenir","MarkedMod:GracefulMovements","MarkedMod:AcupunctureKit","Regen Potion"],"campfire_rested":3,"item_purchase_floors":[7,10,20,30,39,47],"current_hp_per_floor":[72,69,69,69,68,26,26,26,36,36,36,60,58,82,82,12,82,82,80,80,80,80,72,72,72,72,72,72,72,72,72,72,75,82,82,82,82,80,80,80,34,12,11,35,35,35,35,35,59,56],"gold":0,"neow_bonus":"TRANSFORM_TWO_CARDS","is_daily":false,"chose_seed":false,"campfire_upgraded":4,"win_rate":0.0,"timestamp":1613343110,"path_taken":["M","?","?","?","M","E","$","?","T","$","M","R","?","?","R","BOSS","M","M","$","?","M","E","M","M","T","R","?","?","$","?","R","BOSS","M","M","M","M","$","R","E","M","MIM","R","?","M","$","?","R","BOSS"],"items_purchased_type":["Card","Relic","Relic","Card","Relic","Potion"],"build_version":"2020-12-22","purchased_purges":4,"victory":true,"max_hp_per_floor":[72,72,72,72,72,72,72,72,82,82,82,82,82,82,82,82,82,82,82,82,82,82,82,82,82,82,82,82,82,82,82,82,82,82,82,82,82,82,82,82,82,82,82,82,82,82,82,82,82,82],"card_choices":[{"not_picked":["EmptyBody","MarkedMod:FirstStrike"],"picked":"Weave","floor":1.0},{"not_picked":["BowlingBash","Tantrum"],"picked":"PathToVictory","floor":5.0},{"not_picked":["WreathOfFlame","FlurryOfBlows","ThirdEye"],"picked":"SKIP","floor":6.0},{"not_picked":["Nirvana","Crescendo"],"picked":"MarkedMod:Acupuncture","floor":11.0},{"not_picked":["ThirdEye","DeceiveReality"],"picked":"PathToVictory","floor":13.0},{"not_picked":["Halt","BowlingBash","DeceiveReality"],"picked":"SKIP","floor":18.0},{"not_picked":["Crescendo+1","FlurryOfBlows"],"picked":"PathToVictory+1","floor":19.0},{"not_picked":["EmptyFist","Collect+1"],"picked":"MarkedMod:FirstStrike","floor":22.0},{"not_picked":["MarkedMod:FirstStrike","LessonLearned"],"picked":"InnerPeace","floor":23.0},{"not_picked":["Prostrate+1","TalkToTheHand"],"picked":"EmptyBody+1","floor":24.0},{"not_picked":["Consecrate+1","FollowUp+1","FlurryOfBlows"],"picked":"SKIP","floor":25.0},{"not_picked":["Consecrate","EmptyBody+1"],"picked":"MarkedMod:PinPointDefense","floor":28.0},{"not_picked":["Halt+1","Perseverance","Nirvana"],"picked":"SKIP","floor":35.0},{"not_picked":["SashWhip+1","SandsOfTime+1"],"picked":"MarkedMod:FirstStrike","floor":36.0},{"not_picked":["Consecrate+1","Brilliance"],"picked":"Sanctity+1","floor":37.0},{"not_picked":["FlyingSleeves+1","Evaluate+1","Prostrate+1"],"picked":"SKIP","floor":38.0},{"not_picked":["ThirdEye","Judgement","Protect+1"],"picked":"SKIP","floor":41.0},{"not_picked":["Consecrate+1","Fasting2","CutThroughFate+1"],"picked":"SKIP","floor":42.0},{"not_picked":["LikeWater","DeceiveReality"],"picked":"MarkedMod:OneThousandNeedles+1","floor":45.0},{"not_picked":["DeceiveReality+1","Wallop","Worship"],"picked":"SKIP","floor":46}],"player_experience":260103,"relics_obtained":[{"floor":3.0,"key":"Omamori"},{"floor":6.0,"key":"Anchor"},{"floor":9.0,"key":"Pear"},{"floor":23.0,"key":"Happy Flower"},{"floor":41.0,"key":"Potion Belt"},{"floor":43.0,"key":"Dead Branch"}],"event_choices":[{"damage_healed":0.0,"max_hp_gain":0.0,"max_hp_loss":0.0,"gold_gain":0.0,"event_name":"Scrap Ooze","player_choice":"Success","floor":2.0,"gold_loss":0.0,"damage_taken":3.0,"relics_obtained":["Ornamental Fan"]},{"damage_healed":0.0,"max_hp_gain":0.0,"max_hp_loss":0.0,"gold_gain":175.0,"event_name":"Liars Game","player_choice":"AGREE","floor":4.0,"gold_loss":0.0,"damage_taken":0.0,"cards_obtained":["Doubt"]},{"damage_healed":0.0,"max_hp_gain":0.0,"max_hp_loss":0.0,"gold_gain":0.0,"event_name":"Living Wall","player_choice":"Grow","floor":8.0,"gold_loss":0.0,"damage_taken":0.0,"cards_upgraded":["PathToVictory"]},{"damage_healed":27.0,"max_hp_gain":0.0,"max_hp_loss":0.0,"gold_gain":0.0,"event_name":"Big Fish","player_choice":"Banana","floor":14.0,"gold_loss":0.0,"damage_taken":0.0},{"damage_healed":0.0,"max_hp_gain":0.0,"max_hp_loss":0.0,"gold_gain":0.0,"event_name":"N\u0027loth","player_choice":"Traded Relic","floor":21.0,"relics_lost":["Omamori"],"gold_loss":0.0,"damage_taken":0.0,"relics_obtained":["Nloth\u0027s Gift"]},{"damage_healed":0.0,"max_hp_gain":0.0,"max_hp_loss":0.0,"gold_gain":0.0,"event_name":"Duplicator","player_choice":"Copied","floor":29.0,"gold_loss":0.0,"damage_taken":0.0,"cards_obtained":["PathToVictory"]},{"damage_healed":0.0,"max_hp_gain":0.0,"max_hp_loss":0.0,"gold_gain":200.0,"event_name":"Wheel of Change","player_choice":"Gold","floor":31.0,"gold_loss":0.0,"damage_taken":0.0},{"damage_healed":0,"gold_gain":0,"player_choice":"Paid","damage_taken":0,"relics_obtained":["Red Mask"],"max_hp_gain":0,"max_hp_loss":0,"event_name":"Tomb of Lord Red Mask","floor":48,"gold_loss":10}],"is_beta":false,"boss_relics":[{"not_picked":["VioletLotus","Runic Dome"],"picked":"SlaversCollar"},{"not_picked":["Calling Bell","SacredBark"],"picked":"Astrolabe"}],"items_purged_floors":[7,7,39,47],"is_endless":false,"potions_floor_spawned":[1,13,22,24,25,33,36,41,42,46],"ascension_level":0}}