{"host":"wmojtwekh6s3tor5","time":1613291943,"event":{"mods":["BaseMod","Colored Map","Colored Powertips","DeckTracker","Highlight Path","Minty Spire (QoL Compilation)","Quick Restart","StSLib"],"gold_per_floor":[109,120,120,66,84,84,116,116,116,41,41,41,52,18,18,18,18],"floor_reached":16,"language":"ZHS","playtime":717,"items_purged":["Strike_R"],"score":127,"play_id":"f6431365-2480-43af-a117-e852107e5249","local_time":"20210214163903","is_ascension_mode":true,"campfire_choices":[{"data":"Pommel Strike","floor":6.0,"key":"SMITH"},{"data":"Feed","floor":8,"key":"SMITH"},{"data":"Metallicize","floor":15,"key":"SMITH"}],"circlet_count":0,"master_deck":["Strike_R","Strike_R","Strike_R+1","Strike_R","Defend_R+1","Defend_R","Defend_R","Defend_R","Thunderclap","Thunderclap","Feed+1","Pommel Strike+1","Intimidate","Metallicize+1"],"relics":["Burning Blood","Darkstone Periapt","Kunai"],"acts_visited":["Exordium"],"potions_floor_usage":[7,16],"damage_taken":[{"damage":8.0,"enemies":"Small Slimes","floor":1.0,"turns":5.0},{"damage":8.0,"enemies":"2 Louse","floor":2.0,"turns":2.0},{"damage":7.0,"enemies":"Jaw Worm","floor":5.0,"turns":3.0},{"damage":26,"enemies":"Gremlin Nob","floor":7,"turns":5},{"damage":0,"enemies":"2 Fungi Beasts","floor":13,"turns":3},{"damage":72,"enemies":"Hexaghost","floor":16,"turns":12}],"seed_played":"-8641959480479422944","potions_obtained":[{"floor":5.0,"key":"Weak Potion"},{"floor":13,"key":"Strength Potion"}],"is_trial":false,"path_per_floor":["M","M","?","$","M","R","E","R","T","$","?","?","M","$","R","B"],"character_chosen":"IRONCLAD","items_purchased":["Pommel Strike","Metallicize"],"campfire_rested":0,"item_purchase_floors":[4,14],"current_hp_per_floor":[70,68,68,68,67,67,50,50,50,50,33,60,70,70,70,0,0],"gold":18,"neow_bonus":"THREE_CARDS","is_daily":false,"chose_seed":false,"campfire_upgraded":3,"win_rate":0.0,"timestamp":1613291943,"path_taken":["M","M","?","$","M","R","E","R","T","$","?","?","M","$","R","BOSS"],"items_purchased_type":["Card","Card"],"build_version":"2020-12-22","purchased_purges":1,"victory":false,"max_hp_per_floor":[80,80,80,80,80,80,83,83,83,83,83,83,87,87,87,87,87],"card_choices":[{"not_picked":["Anger","Metallicize"],"picked":"Thunderclap","floor":0.0},{"not_picked":["Havoc","Perfected Strike"],"picked":"Thunderclap","floor":1.0},{"not_picked":["Thunderclap","Iron Wave"],"picked":"Feed","floor":2.0},{"not_picked":["Power Through","Sentinel","Combust"],"picked":"SKIP","floor":5.0},{"not_picked":["Second Wind","Searing Blow"],"picked":"Intimidate","floor":7},{"not_picked":["True Grit","Dual Wield","Wild Strike"],"picked":"SKIP","floor":13}],"player_experience":608817,"relics_obtained":[{"floor":7,"key":"Darkstone Periapt"},{"floor":9,"key":"Kunai"}],"event_choices":[{"cards_removed":["Bash"],"damage_healed":0.0,"max_hp_gain":0.0,"max_hp_loss":0.0,"gold_gain":0.0,"event_name":"Living Wall","player_choice":"Forget","floor":3.0,"gold_loss":0.0,"damage_taken":0.0},{"damage_healed":0,"gold_gain":0,"player_choice":"Entered Light","damage_taken":17,"max_hp_gain":0,"max_hp_loss":0,"event_name":"Shining Light","floor":11,"gold_loss":0,"cards_upgraded":["Defend_R","Strike_R"]},{"damage_healed":27,"gold_gain":0,"player_choice":"Banana","damage_taken":0,"max_hp_gain":0,"max_hp_loss":0,"event_name":"Big Fish","floor":12,"gold_loss":0}],"is_beta":false,"boss_relics":[],"items_purged_floors":[10],"is_endless":false,"potions_floor_spawned":[5,13],"killed_by":"Hexaghost","ascension_level":6}}