{"host":"y27lpgkuecypkeb8","time":1613335393,"event":{"mods":["AchievementEnabler","Aspiration","BaseMod","Colored Map","Colored Powertips","Conspire","DeckTracker","GifTheSpireLib","Highlight Path","Hubris","Infinite Spire","Minty Spire (QoL Compilation)","Permanent Neow","Rare Cards Sparkle","Relic Sorter","Replay The Spire","Spicy Shops","StSLib","Stuff the Spire","Together in Spire"],"gold_per_floor":[14,14,33,51,51,51,67,102,102,102,102,114,114,114,114,215,215,228,228,66,66,66,66,12,29,54,74,86,104,104,104],"floor_reached":30,"language":"ENG","playtime":2381,"items_purged":[],"score":205,"play_id":"28403918-72da-4173-8759-a535e31c6026","local_time":"20210215044313","is_ascension_mode":false,"campfire_choices":[{"floor":6,"key":"REST"},{"data":"Blade Dance","floor":10,"key":"SMITH"},{"data":"StuffTheSpire:Perfection","floor":15,"key":"SMITH"},{"data":"After Image","floor":23,"key":"SMITH"}],"circlet_count":0,"master_deck":["Strike_G","Strike_G","Strike_G+1","Strike_G","Defend_G","Defend_G","Defend_G","Defend_G+1","Neutralize+1","Bane+1","Slice+1","Blade Dance+1","StuffTheSpire:ReptileScales","Bane","m_Survivalism","Escape Plan","After Image+1","conspire:Banana","Fluid Movement","Fluid Movement","Distraction","Sucker Punch+1"],"relics":["Ring of the Snake","hubris:Spice","Nilry\u0027s Codex","hubris:Towel"],"acts_visited":["Exordium","TheCity"],"potions_floor_usage":[],"damage_taken":[{"damage":1,"enemies":"2 Louse","floor":1,"turns":2},{"damage":0,"enemies":"Small Slimes","floor":3,"turns":1},{"damage":11,"enemies":"Jaw Worm","floor":4,"turns":2},{"damage":0,"enemies":"Exordium Thugs","floor":7,"turns":2},{"damage":0,"enemies":"Lagavulin","floor":8,"turns":3},{"damage":0,"enemies":"Exordium Wildlife","floor":12,"turns":2},{"damage":16,"enemies":"The Guardian","floor":16,"turns":5},{"damage":0,"enemies":"Spheric Guardian","floor":18,"turns":2},{"damage":5,"enemies":"Shell Parasite","floor":25,"turns":3},{"damage":0,"enemies":"Snake Plant","floor":27,"turns":4},{"damage":9,"enemies":"Shelled Parasite and Fungi","floor":28,"turns":2},{"damage":0,"enemies":"Snecko","floor":29,"turns":2},{"damage":1,"enemies":"Centurion and Healer","floor":30,"turns":4}],"seed_played":"1636616315096208915","potions_obtained":[{"floor":8,"key":"Dexterity Potion"},{"floor":25,"key":"SkillPotion"},{"floor":28,"key":"PowerPotion"},{"floor":29,"key":"SpeedPotion"}],"is_trial":false,"path_per_floor":["M","?","M","M","?","R","M","E","T","R","?","M","?","?","R","B",null,"M","?","$","?","?","R","$","M","T","M","M","M","M"],"character_chosen":"THE_SILENT","items_purchased":["conspire:Banana","Fluid Movement"],"campfire_rested":1,"item_purchase_floors":[20,24],"current_hp_per_floor":[69,55,55,44,27,50,50,57,65,65,65,65,65,65,65,49,77,69,69,69,53,53,53,53,50,50,52,43,45,46,46],"gold":104,"neow_bonus":"REMOVE_TWO","is_daily":false,"chose_seed":false,"campfire_upgraded":3,"win_rate":0.0,"timestamp":1613335393,"path_taken":["M","?","M","M","?","R","M","E","T","R","?","M","?","?","R","BOSS","M","?","$","?","?","R","?","M","T","?","M","M","M"],"items_purchased_type":["Card","Card"],"build_version":"2020-12-22","purchased_purges":0,"victory":false,"max_hp_per_floor":[70,70,70,70,78,78,78,85,93,93,93,93,85,85,85,85,77,69,69,69,69,69,69,69,63,55,57,57,59,61,61],"card_choices":[{"not_picked":["Eviscerate","Slice"],"picked":"Bane","floor":1},{"not_picked":["Deflect","Underhanded Strike"],"picked":"Slice","floor":3},{"not_picked":["Slice","StuffTheSpire:BumpUp"],"picked":"Blade Dance","floor":4},{"not_picked":["Fluid Movement","Flechettes"],"picked":"StuffTheSpire:ReptileScales","floor":7},{"not_picked":["StuffTheSpire:Fury","StuffTheSpire:Repulse"],"picked":"Bane","floor":8},{"not_picked":["Malaise","ReplayTheSpireMod:Shiv Toss"],"picked":"Escape Plan","floor":12},{"not_picked":["StuffTheSpire:Vigor","StuffTheSpire:Ambrosia"],"picked":"StuffTheSpire:Perfection","floor":14},{"not_picked":["A Thousand Cuts","Glass Knife"],"picked":"After Image","floor":16},{"not_picked":["StuffTheSpire:Injection","Quick Slash"],"picked":"hubris:SpiceAddiction","floor":18},{"not_picked":["Replay:Poison Smokescreen+1","Heel Hook+1"],"picked":"hubris:SpiceAddiction","floor":25},{"not_picked":["Quick Slash","hubris:SlightOfHand","hubris:SpiceAddiction"],"picked":"SKIP","floor":27},{"not_picked":["hubris:SpiceAddiction","hubris:SpiceAddiction"],"picked":"Distraction","floor":28},{"not_picked":["Blade Dance","hubris:SpiceAddiction"],"picked":"Sucker Punch+1","floor":29}],"player_experience":27061,"relics_obtained":[{"floor":8,"key":"Strawberry"},{"floor":9,"key":"hubris:Spice"},{"floor":13,"key":"hubris:Spice"},{"floor":21,"key":"Nilry\u0027s Codex"},{"floor":26,"key":"hubris:Spice"}],"event_choices":[{"damage_healed":0,"gold_gain":0,"player_choice":"Entered Light","damage_taken":14,"max_hp_gain":0,"max_hp_loss":0,"event_name":"Shining Light","floor":2,"gold_loss":0,"cards_upgraded":["Bane","Neutralize"]},{"damage_healed":0,"gold_gain":0,"player_choice":"Success","damage_taken":25,"relics_obtained":["hubris:Spice"],"max_hp_gain":0,"max_hp_loss":0,"event_name":"Scrap Ooze","floor":5,"gold_loss":0},{"damage_healed":0,"gold_gain":0,"player_choice":"Obtained Book","damage_taken":16,"max_hp_gain":0,"max_hp_loss":0,"event_name":"Cursed Tome","floor":21,"gold_loss":0}],"is_beta":false,"boss_relics":[{"not_picked":["hubris:Spice","hubris:Spice"],"picked":"hubris:Spice"}],"items_purged_floors":[],"is_endless":false,"potions_floor_spawned":[8,25,28,29],"killed_by":"Centurion and Healer","ascension_level":0}}