{"host":"5dk97cf2ubw2v967","time":1613325287,"event":{"mods":["AlwaysNeverKeys","BaseMod","Better Altar","Better Vampires","Block Reminder","Card Filter","Colored Powertips","Downfall","Googly Eyes","Highlight Path","Minty Spire (QoL Compilation)","Permanent Neow","Potion Indicator Mod","Quick Restart","Relic Filter","Relic Stats","Say the Spire","Spicy Shops","StSLib","Waifu the Spire","everything is the same but u backflip on backflip"],"gold_per_floor":[119,119,119,138,138,138,172,172,172,172,172],"floor_reached":10,"language":"ENG","playtime":240,"items_purged":[],"score":128,"play_id":"8a4f2560-154b-47ed-94d8-90f6fd3f3f6a","local_time":"20210214175447","is_ascension_mode":true,"campfire_choices":[{"data":"Bash","floor":6,"key":"SMITH"},{"floor":8,"key":"REST"}],"circlet_count":0,"master_deck":["AscendersBane","Strike_R","Strike_R","Strike_R","Strike_R","Defend_R","Defend_R","Defend_R","Defend_R","Bash+1","Clothesline","Whirlwind","Seeing Red"],"relics":["Burning Blood","Blood Vial","Golden Idol","Kunai","Sundial","Shuriken"],"acts_visited":["Exordium"],"potions_floor_usage":[],"damage_taken":[{"damage":5,"enemies":"2 Louse","floor":1,"turns":4},{"damage":11,"enemies":"Jaw Worm","floor":4,"turns":5},{"damage":45,"enemies":"3 Sentries","floor":7,"turns":8},{"damage":30,"enemies":"Gremlin Nob","floor":10,"turns":4}],"seed_played":"3192991885611648308","potions_obtained":[{"floor":7,"key":"SpeedPotion"}],"is_trial":false,"path_per_floor":["M","?","?","M","T","R","E","R","T","E"],"character_chosen":"IRONCLAD","items_purchased":[],"campfire_rested":1,"item_purchase_floors":[],"current_hp_per_floor":[71,64,64,61,61,61,24,44,44,16,16],"gold":172,"neow_bonus":"RANDOM_COMMON_RELIC","is_daily":false,"chose_seed":false,"campfire_upgraded":1,"win_rate":0.0,"timestamp":1613325287,"path_taken":["M","?","?","M","?","R","E","R","T","E"],"items_purchased_type":[],"build_version":"2020-12-22","purchased_purges":0,"victory":false,"max_hp_per_floor":[75,75,68,68,68,68,68,68,68,68,68],"relic_stats":{"Blood Vial":8,"counters":[4,21],"Golden Idol":11,"Sundial":[0],"Shuriken":[2],"Kunai":[3],"obtain_stats":[{"Blood Vial":0,"Golden Idol":3,"Sundial":7,"Shuriken":9,"Kunai":5,"Burning Blood":0},{"Blood Vial":0,"Golden Idol":1,"Sundial":3,"Shuriken":3,"Kunai":2,"Burning Blood":0},{"Blood Vial":0,"Golden Idol":4,"Sundial":17,"Shuriken":17,"Kunai":9,"Burning Blood":0}],"Burning Blood":18},"card_choices":[{"not_picked":["Body Slam","Warcry"],"picked":"Clothesline","floor":1},{"not_picked":["Dark Embrace","Burning Pact"],"picked":"Whirlwind","floor":4},{"not_picked":["Sentinel","Pommel Strike"],"picked":"Seeing Red","floor":7}],"player_experience":1319327,"relics_obtained":[{"floor":5,"key":"Kunai"},{"floor":7,"key":"Sundial"},{"floor":9,"key":"Shuriken"}],"event_choices":[{"cards_removed":["Strike_R"],"damage_healed":0,"gold_gain":0,"player_choice":"Card Removal","damage_taken":7,"max_hp_gain":0,"max_hp_loss":0,"event_name":"Golden Wing","floor":2,"gold_loss":0},{"damage_healed":0,"gold_gain":0,"player_choice":"Lose Max HP","damage_taken":0,"relics_obtained":["Golden Idol"],"max_hp_gain":0,"max_hp_loss":7,"event_name":"Golden Idol","floor":3,"gold_loss":0}],"is_beta":false,"boss_relics":[],"items_purged_floors":[],"is_endless":false,"potions_floor_spawned":[7],"killed_by":"Gremlin Nob","ascension_level":20}}