{"host":"blhqr6uo32maonpv","time":1613332747,"event":{"mods":["BaseMod","Downfall","Minty Spire (QoL Compilation)","StSLib","The Bug Knight","The Marked"],"gold_per_floor":[116,22,36,36,36,64,64,74,74,74,49,81,36,99,99,199,199,199,199],"floor_reached":18,"language":"ENG","playtime":833,"items_purged":[],"score":191,"play_id":"8e6d452a-703b-4888-860f-496e718a8a56","local_time":"20210214155907","is_ascension_mode":false,"campfire_choices":[{"data":"HollowMod:CycloneSlash","floor":7,"key":"SMITH"},{"data":"HollowMod:HuntersJournal","floor":10,"key":"SMITH"},{"floor":15,"key":"REST"}],"circlet_count":0,"master_deck":["HollowMod:NailStrikeStart","HollowMod:NailStrikeStart","HollowMod:NailStrikeStart","HollowMod:NailStrikeStart","HollowMod:QuickDashStart","HollowMod:QuickDashStart","HollowMod:QuickDashStart","HollowMod:QuickDashStart","HollowMod:FocusHealStart","HollowMod:PogoStrike","HollowMod:BaldurShell","HollowMod:SoulStrike","HollowMod:MonarchWings+1","HollowMod:DungDefenderAura","HollowMod:CycloneSlash+1","HollowMod:HuntersJournal+1","HollowMod:LifebloodCocoon","HollowMod:RecoilStrike","HollowMod:HowlingWraiths","HollowMod:DoubleDash","HollowMod:LifebloodCore"],"relics":["HollowMod:VesselMask","NeowsBlessing","HollowMod:MantisClawRelic","Bag of Preparation","Darkstone Periapt","Toy Ornithopter","SlaversCollar"],"acts_visited":["Exordium","TheCity"],"potions_floor_usage":[12,16,16],"damage_taken":[{"damage":0,"enemies":"2 Louse","floor":1,"turns":1},{"damage":0,"enemies":"Cultist","floor":3,"turns":1},{"damage":0,"enemies":"3 Sentries","floor":6,"turns":2},{"damage":2,"enemies":"Small Slimes","floor":8,"turns":3},{"damage":33,"enemies":"Gremlin Nob","floor":12,"turns":5},{"damage":52,"enemies":"Lagavulin Event","floor":14,"turns":9},{"damage":41,"enemies":"HollowMod:FalseKnight","floor":16,"turns":11},{"damage":6,"enemies":"Spheric Guardian","floor":18,"turns":5}],"seed_played":"2902441484501816585","potions_obtained":[{"floor":3,"key":"LiquidMemories"},{"floor":6,"key":"Ancient Potion"},{"floor":14,"key":"CultistPotion"}],"is_trial":false,"path_per_floor":["M","$","M","?","?","E","R","M","T","R","$","E","$","?","R","B",null,"M"],"character_chosen":"THE_BUGKNIGHT","items_purchased":["HollowMod:SoulStrike","HollowMod:MonarchWings","HollowMod:LifebloodCocoon","HollowMod:HowlingWraiths"],"campfire_rested":1,"item_purchase_floors":[2,2,11,13],"current_hp_per_floor":[75,75,75,75,75,75,75,75,75,75,75,52,52,12,34,15,75,71,71],"gold":199,"neow_bonus":"THREE_ENEMY_KILL","is_daily":false,"chose_seed":false,"campfire_upgraded":2,"win_rate":0.0,"timestamp":1613332747,"path_taken":["M","$","M","?","?","E","R","?","T","R","?","E","?","?","R","BOSS","M"],"items_purchased_type":["Card","Card","Card","Card"],"build_version":"2020-12-22","purchased_purges":0,"victory":false,"max_hp_per_floor":[75,75,75,75,75,75,75,75,75,75,75,75,75,75,75,75,75,75,75],"card_choices":[{"not_picked":["HollowMod:WraithStrike","HollowMod:NewGlowingWomb"],"picked":"HollowMod:BaldurShell","floor":1},{"not_picked":["HollowMod:DoubleDash","HollowMod:SoulEater"],"picked":"HollowMod:DungDefenderAura","floor":3},{"not_picked":["HollowMod:BaldurShell","HollowMod:LifebloodCocoon"],"picked":"HollowMod:CycloneSlash","floor":6},{"not_picked":["HollowMod:ShadowDash","HollowMod:CoiledNail"],"picked":"HollowMod:HuntersJournal","floor":8},{"not_picked":["HollowMod:NewInfectedGuardian","HollowMod:SoulStrike"],"picked":"HollowMod:RecoilStrike","floor":12},{"not_picked":["HollowMod:CornifersMapStart","HollowMod:PerfectDash"],"picked":"HollowMod:DoubleDash","floor":14},{"not_picked":["HollowMod:Hiveblood","HollowMod:ElderbugsWisdom"],"picked":"HollowMod:LifebloodCore","floor":16}],"player_experience":10631,"relics_obtained":[{"floor":6,"key":"HollowMod:MantisClawRelic"},{"floor":9,"key":"Bag of Preparation"},{"floor":12,"key":"Darkstone Periapt"},{"floor":14,"key":"Toy Ornithopter"}],"event_choices":[{"damage_healed":0,"gold_gain":0,"player_choice":"Ignored","damage_taken":0,"max_hp_gain":0,"max_hp_loss":0,"event_name":"Golden Wing","floor":4,"gold_loss":0},{"damage_healed":0,"gold_gain":0,"player_choice":"Forge","damage_taken":0,"max_hp_gain":0,"max_hp_loss":0,"event_name":"Accursed Blacksmith","floor":5,"gold_loss":0,"cards_upgraded":["HollowMod:MonarchWings"]},{"damage_healed":0,"gold_gain":0,"player_choice":"Searched \u00271\u0027 times","damage_taken":0,"max_hp_gain":0,"max_hp_loss":0,"event_name":"Dead Adventurer","floor":14,"gold_loss":0}],"is_beta":false,"boss_relics":[{"not_picked":["Philosopher\u0027s Stone","Black Star"],"picked":"SlaversCollar"}],"items_purged_floors":[],"is_endless":false,"potions_floor_spawned":[3,6,14],"killed_by":"Spheric Guardian","ascension_level":0}}