{"host":"ctlqibkg0sskiu65","time":1613310309,"event":{"mods":["AchievementEnabler","Aspiration","Astrologer","BaseMod","Better Third Choice","BetterRewards","Colored Map","Colored Powertips","Conspire","Curses Come First","Fiend Mod","Infinite Spire","Minty Spire (QoL Compilation)","Potionbrewer","Quick Restart","Reliquary","Replay The Spire","Robot Space Explorer","Shade Mod","Shop Mod","StSLib","The Blackbeard","The Bladedancer","The Cursed","The Death Knight","The Hierophant","The Jungle","The Kombatant","The Necromancer","The Poker Player","The Servant 0.9.4","TheBandit","Wide Potions","thorton"],"gold_per_floor":[117,192,203,203,203,203,203,203],"floor_reached":7,"language":"ENG","playtime":282,"items_purged":["Strike_G"],"score":78,"play_id":"2cc418fa-28da-4da0-a104-1d9caa1b7504","local_time":"20210214074509","is_ascension_mode":true,"campfire_choices":[{"data":"Discovery","floor":6.0,"key":"SMITH"}],"circlet_count":0,"master_deck":["AscendersBane","Strike_G","Strike_G+1","Strike_G","Strike_G","Defend_G","Defend_G","Defend_G","Defend_G","Defend_G","Survivor","Neutralize","Flechettes","Calculated Gamble","Discovery+1","Sucker Punch+1"],"relics":["Ring of the Snake","Ice Cream","MerchantsRug"],"acts_visited":["Exordium"],"potions_floor_usage":[],"damage_taken":[{"damage":0.0,"enemies":"2 Louse","floor":1.0,"turns":2.0},{"damage":4.0,"enemies":"conspire:RoseBush","floor":3.0,"turns":5.0},{"damage":0,"enemies":"3 Sentries","floor":7,"turns":1}],"seed_played":"1676499707005208812","potions_obtained":[],"is_trial":false,"path_per_floor":["M","?","M","?","?","R","E"],"character_chosen":"THE_SILENT","items_purchased":["MerchantsRug","Flechettes","Calculated Gamble","Discovery"],"campfire_rested":0,"item_purchase_floors":[0,0,0,0],"current_hp_per_floor":[59,48,44,44,44,44,44,44],"gold":203,"neow_bonus":"","is_daily":false,"chose_seed":false,"campfire_upgraded":1,"win_rate":0.0,"timestamp":1613310309,"path_taken":["M","?","M","?","?","R","E"],"items_purchased_type":["Relic","Card","Card","Card"],"build_version":"2020-12-22","purchased_purges":1,"victory":false,"max_hp_per_floor":[66,66,66,66,66,66,66,66],"card_choices":[{"not_picked":["Quick Slash","Flying Knee","PiercingWail"],"picked":"SKIP","floor":1.0},{"not_picked":["Masterful Stab","Prepared"],"picked":"Sucker Punch","floor":3.0}],"player_experience":296262,"relics_obtained":[],"event_choices":[{"damage_healed":0.0,"max_hp_gain":0.0,"max_hp_loss":0.0,"gold_gain":75.0,"event_name":"betterThird:BetterGoop","player_choice":"Gold","floor":2.0,"gold_loss":0.0,"damage_taken":11.0}],"is_beta":false,"boss_relics":[],"items_purged_floors":[0],"is_endless":false,"potions_floor_spawned":[],"killed_by":"3 Sentries","ascension_level":20}}