{"host":"gh98ee7752e7cjcc","time":1613273266,"event":{"mods":["AchievementEnabler","Act Like it!","Arknights","BaseMod","Colored Powertips","Duelist Mod","Infinite Spire","Minty Spire (QoL Compilation)","Quick Restart","Reliquary","Replay The Spire","StSLib","SuperFastMode","The Hierophant"],"gold_per_floor":[136,146,146,146,4,37,37,66,141,168,168,183,183,200,200,200,200],"floor_reached":16,"language":"ENG","playtime":799,"items_purged":["theDuelist:BeaverWarrior"],"score":143,"play_id":"89f7902d-7a59-49a1-98b2-0784d7b6b4fa","local_time":"20210213222746","is_ascension_mode":false,"campfire_choices":[{"data":"theDuelist:WhiteHowling","floor":11,"key":"SMITH"},{"data":"theDuelist:SwordDeepSeated","floor":15,"key":"SMITH"}],"circlet_count":0,"master_deck":["theDuelist:BeaverWarrior","theDuelist:CastleWalls","theDuelist:CastleWalls","theDuelist:FinalFlame","theDuelist:GiantSoldier","theDuelist:GiantSoldier","theDuelist:ScrapFactory","theDuelist:Sparks","theDuelist:SolarWindJammer","theDuelist:ElectromagneticShield+1","theDuelist:WhiteHowling+1","theDuelist:RainbowKuriboh","theDuelist:SwordDeepSeated+1","theDuelist:RainbowKuriboh","theDuelist:RainbowNeos"],"relics":["theDuelist:MillenniumPuzzle","theDuelist:CardPoolRelic","theDuelist:CardPoolBasicRelic","theDuelist:BoosterPackPoolRelic","theDuelist:CardPoolAddRelic","theDuelist:CardPoolMinusRelic","theDuelist:CardPoolSaveRelic","theDuelist:CardPoolOptionsRelic","theDuelist:DuelistTeaSet","Simple Rune","Tough Bandages","Replay:Bottled Steam","Shuriken"],"acts_visited":["Exordium"],"potions_floor_usage":[16,16,16],"damage_taken":[{"damage":0,"enemies":"Small Slimes","floor":1,"turns":4},{"damage":1,"enemies":"Jaw Worm","floor":2,"turns":3},{"damage":11,"enemies":"Lagavulin","floor":6,"turns":8},{"damage":22,"enemies":"Gremlin Nob","floor":8,"turns":5},{"damage":0,"enemies":"Lagavulin","floor":10,"turns":5},{"damage":0,"enemies":"2 Louse","floor":12,"turns":2},{"damage":13,"enemies":"Exordium Thugs","floor":14,"turns":4},{"damage":32,"enemies":"The Guardian","floor":16,"turns":10}],"seed_played":"-5315357965253126029","potions_obtained":[{"floor":1,"key":"BlessingOfTheForge"},{"floor":6,"key":"BlessingOfTheForge"},{"floor":14,"key":"Flashbang"}],"is_trial":false,"path_per_floor":["M","M","?","?","$","E","?","E","T","E","R","M","$","M","R","B"],"character_chosen":"THE_DUELIST","items_purchased":["theDuelist:WhiteHowling"],"campfire_rested":0,"item_purchase_floors":[5],"current_hp_per_floor":[88,87,87,81,81,70,63,41,41,41,41,41,41,28,28,0,0],"gold":200,"neow_bonus":"TEN_PERCENT_HP_BONUS","is_daily":false,"chose_seed":false,"campfire_upgraded":2,"win_rate":0.0,"timestamp":1613273266,"path_taken":["M","M","?","?","$","E","?","E","T","E","R","?","$","M","R","BOSS"],"items_purchased_type":["Card"],"build_version":"2020-12-22","purchased_purges":1,"victory":false,"max_hp_per_floor":[88,88,88,88,88,88,88,88,88,88,88,88,88,88,88,88,88],"card_choices":[{"not_picked":["theDuelist:WhiteMagicalHat","theDuelist:LegendHeart","theDuelist:AfterTheStorm","theDuelist:PreventRat"],"picked":"theDuelist:SolarWindJammer","floor":1},{"not_picked":["theDuelist:ImperialOrder","theDuelist:Electrowhip","theDuelist:MiraculousDescent"],"picked":"theDuelist:ElectromagneticShield","floor":2},{"not_picked":["theDuelist:RainbowNeos","theDuelist:KamionTimelord","theDuelist:Eva","theDuelist:RainbowOverdragon"],"picked":"theDuelist:RainbowKuriboh","floor":6},{"not_picked":["theDuelist:Sangan","theDuelist:Wiretap","theDuelist:RainbowNeos","theDuelist:FrontierWiseman","theDuelist:InfernoFireBlast"],"picked":"SKIP","floor":8},{"not_picked":["theDuelist:Hinotama","theDuelist:CoreBlaster","theDuelist:DarkBurningAttack","theDuelist:UnderworldCannon"],"picked":"theDuelist:SwordDeepSeated","floor":10},{"not_picked":["theDuelist:RainbowNeos","theDuelist:HappyLover","theDuelist:Eva","theDuelist:RainbowOverdragon"],"picked":"theDuelist:RainbowKuriboh","floor":12},{"not_picked":["theDuelist:ScrapFactory","theDuelist:WormApocalypse","theDuelist:EgoBoost","theDuelist:PowerWall"],"picked":"theDuelist:RainbowNeos","floor":14}],"player_experience":167631,"relics_obtained":[{"floor":6,"key":"Simple Rune"},{"floor":8,"key":"Tough Bandages"},{"floor":9,"key":"Replay:Bottled Steam"},{"floor":10,"key":"Shuriken"}],"event_choices":[{"damage_healed":0,"gold_gain":0,"player_choice":"Grow","damage_taken":0,"max_hp_gain":0,"max_hp_loss":0,"event_name":"Living Wall","floor":3,"gold_loss":0,"cards_upgraded":["theDuelist:ElectromagneticShield"]},{"damage_healed":0,"gold_gain":0,"player_choice":"Dig - random Duelist relic","duelist":true,"damage_taken":0,"max_hp_gain":0,"max_hp_loss":0,"event_name":"Aknamkanon\u0027s Tomb","floor":4,"gold_loss":0},{"cards_removed":["theDuelist:Sparks"],"damage_healed":0,"gold_gain":0,"player_choice":"Card Removal","damage_taken":7,"max_hp_gain":0,"max_hp_loss":0,"event_name":"Golden Wing","floor":7,"gold_loss":0}],"is_beta":false,"boss_relics":[],"items_purged_floors":[5],"is_endless":false,"potions_floor_spawned":[1,6,14],"killed_by":"The Guardian","ascension_level":0}}