{"host":"ljaiy5ygc2blx6r2","time":1613310277,"event":{"mods":["Act Like it!","Arknights","BaseMod","Better Vampires","Challenge The Spire","Colored Powertips","Conspire","HornydragonMod","Marisa（F雨　魔理沙）","Minty Spire (QoL Compilation)","Pale of the Ancients","Reimu（博丽灵梦）","Reliquary","Remilia（蕾米莉亚）","Replay The Spire","RumiaBox-露米娅的神秘盒子","SOS（斯巴达之子）","StSLib","TestMod","The Administrix","The Animator","The Bug Knight","The Cursed","The Gatherer","The IronCluck","The Runesmith","The Servant 0.9.4","UnlockEverythingMod","[IsaacMod]以撒尖塔","【功能Mod】聪明的最终Boss","【遗物卡牌】REMEMod","篝火指南"],"gold_per_floor":[115,148,98,108,132,132,161,161,230,230,134,152,192,234,234,348,348,308,325,354,367,229,262,262,272,298,417,417,431,431,71,71,147,159,180,27,72,142,142,45,45,445,108,108],"floor_reached":45,"language":"ZHS","playtime":2319,"items_purged":[],"score":748,"play_id":"3425b397-70aa-4f8f-8cad-f8ef2d8bca1b","local_time":"20210214214437","is_ascension_mode":false,"campfire_choices":[{"data":"FloweringNight","floor":6.0,"key":"SMITH"},{"data":"StarChef","floor":8.0,"key":"SMITH"},{"data":"Defy","floor":10.0,"key":"SMITH"},{"data":"Sunlight","floor":15.0,"key":"SMITH"},{"floor":24.0,"key":"REST"},{"data":"Mayhem","floor":39.0,"key":"SMITH"}],"circlet_count":0,"master_deck":["Strike_S","Strike_S","Strike_S","Defend_S+1","Defend_S+1","Defend_S+1","Defend_S+1","KidneyShot","Exchange","FloweringNight+1","StarChef+1","Defy+1","conspire:SpireCoStock","Rearm","Deny+1","KidneyShot","Foresight","Sunlight+1","FastForward","Luminosity","MurderousAura","Desolation","ReturningBlade+1","Contraction+1","Rearm+1","Mayhem+1","Revamp","InstantArmor","MurderousAura","ReturningBlade+1","Shuttle","Replace+1","SurpressingFire+1","MurderousAura","BottledTime","Strike_S","Defy+1","GearUp","InstantArmor","Deep Breath"],"relics":["Uniform","testmod-TestBox","REME_ComplimentaryCards","testmod-BlackFramedGlasses","GuppysHead","NeowsBlessing","Baka","reliquary:TatteredRug","reliquary:JackalopeAntler","Strawberry","SlaversCollar","Red Mask","reliquary:TatteredRug","BookOfRevelations","ScarletDevilRocket","conspire:SpecialSausage","DeathBook","Pantograph","Orrery","Replay:Bottled Eggs","reliquary:PorcupineQuills","War Paint","WingedGreaves","REME_HandOfSuture"],"acts_visited":["Exordium","TheCity","TheBeyond"],"potions_floor_usage":[44,44],"damage_taken":[{"damage":0.0,"enemies":"Cultist","floor":1.0,"turns":1.0},{"damage":0.0,"enemies":"conspire:MimicChest","floor":2.0,"turns":1.0},{"damage":0.0,"enemies":"Small Slimes","floor":4.0,"turns":1.0},{"damage":3.0,"enemies":"2 Louse","floor":5.0,"turns":3.0},{"damage":9.0,"enemies":"Exordium Wildlife","floor":7.0,"turns":5.0},{"damage":0.0,"enemies":"Lots of Slimes","floor":12.0,"turns":1.0},{"damage":9.0,"enemies":"Blue Slaver","floor":13.0,"turns":3.0},{"damage":0.0,"enemies":"3 Louse","floor":14.0,"turns":1.0},{"damage":29.0,"enemies":"Fading Forest","floor":16.0,"turns":11.0},{"damage":16.0,"enemies":"conspire:FuzzyDice","floor":18.0,"turns":3.0},{"damage":21.0,"enemies":"Shell Parasite","floor":19.0,"turns":5.0},{"damage":0.0,"enemies":"Masked Bandits","floor":20.0,"turns":1.0},{"damage":16.0,"enemies":"Centurion and Healer","floor":21.0,"turns":7.0},{"damage":30.0,"enemies":"Replay:Snechameleon","floor":23.0,"turns":5.0},{"damage":0.0,"enemies":"Shelled Parasite and Fungi","floor":25.0,"turns":3.0},{"damage":26.0,"enemies":"Collector","floor":27.0,"turns":8.0},{"damage":13.0,"enemies":"3 Shapes","floor":29.0,"turns":4.0},{"damage":17.0,"enemies":"3 Darklings","floor":34.0,"turns":4.0},{"damage":0.0,"enemies":"Maw","floor":35.0,"turns":9.0},{"damage":0.0,"enemies":"Mind Bloom Boss Battle","floor":38.0,"turns":8.0},{"damage":0,"enemies":"Time Eater","floor":44,"turns":12}],"seed_played":"-4630383511123207127","potions_obtained":[{"floor":2.0,"key":"SteroidPotion"},{"floor":5.0,"key":"Elixir"},{"floor":7.0,"key":"Adrenaline Potion"},{"floor":14.0,"key":"AttackPotion"},{"floor":18.0,"key":"SmokeBomb"},{"floor":25.0,"key":"ColorlessPotion"},{"floor":29.0,"key":"SteroidPotion"},{"floor":34.0,"key":"LiquidMemories"}],"is_trial":false,"path_per_floor":["M","?","?","M","M","R","M","R","T","R","$","M","M","M","R","B",null,"M","M","?","M","$","E","R","M","T","B",null,"M","T","$","?","T","M","M","$","T","?","R","$","?","?","R","B",null],"character_chosen":"THE_SERVANT","items_purchased":["Sunlight","Mayhem","Revamp","Pantograph","Orrery","reliquary:PorcupineQuills","GearUp","FairyPotion","REME_HandOfSuture","Deep Breath","Cursed Concoction"],"campfire_rested":1,"item_purchase_floors":[11,22,22,31,31,36,36,40,43,43,43],"current_hp_per_floor":[65,65,65,65,64,64,59,59,59,59,59,60,54,55,55,54,72,58,42,43,34,34,9,30,33,33,15,72,62,62,62,62,62,49,58,58,58,72,72,72,72,72,72,72],"gold":108,"neow_bonus":"THREE_ENEMY_KILL","is_daily":false,"chose_seed":false,"campfire_upgraded":5,"win_rate":0.0,"timestamp":1613310277,"path_taken":["M","?","?","?","M","R","M","R","T","R","$","M","M","?","R","BOSS","M","M","?","?","?","E","R","M","T","BOSS","M","?","$","?","?","?","M","$","T","?","R","$","?","?","R","BOSS"],"items_purchased_type":["Card","Card","Card","Relic","Relic","Relic","Card","Potion","Relic","Card","Potion"],"build_version":"2020-12-22","purchased_purges":0,"victory":true,"max_hp_per_floor":[65,65,65,65,65,65,65,65,65,65,65,65,65,65,65,72,72,72,72,72,72,72,72,72,72,72,72,72,72,72,72,72,72,72,72,72,72,72,72,72,72,72,72,72],"card_choices":[{"not_picked":[],"picked":"Bomb","floor":0.0},{"not_picked":["Replace","Snipe"],"picked":"StarChef","floor":1.0},{"not_picked":["Starlight","Comet"],"picked":"Defy","floor":2.0},{"not_picked":["Bomb","Misdirection"],"picked":"Rearm","floor":4.0},{"not_picked":["Barrier","Spin"],"picked":"Deny","floor":5.0},{"not_picked":["Rearm","Replace"],"picked":"Foresight","floor":7.0},{"not_picked":["Starlight","Potential"],"picked":"FastForward","floor":12.0},{"not_picked":["Potential","Unruled","Spin"],"picked":"SKIP","floor":13.0},{"not_picked":["KillingDoll","Bomb"],"picked":"Luminosity","floor":14.0},{"not_picked":["Deny","Dilation"],"picked":"MurderousAura","floor":16.0},{"not_picked":["Rewind","Potential"],"picked":"Desolation","floor":18.0},{"not_picked":["Starlight","Potential"],"picked":"ReturningBlade+1","floor":19.0},{"not_picked":["DualDimension","Alleviate"],"picked":"Contraction+1","floor":20.0},{"not_picked":["Advance+1","ShatteredReality"],"picked":"Rearm","floor":21.0},{"not_picked":["Misdirection","Replace"],"picked":"DoubleEdge","floor":23.0},{"not_picked":["Shuttle","Revamp"],"picked":"InstantArmor","floor":25.0},{"not_picked":["FloweringNight","Sunlight"],"picked":"MurderousAura","floor":27.0},{"not_picked":["DoubleEdge+1","Spin"],"picked":"ReturningBlade+1","floor":29.0},{"not_picked":["Rearm","Spin"],"picked":"Shuttle","floor":31.0},{"not_picked":["FastForward","Alleviate"],"picked":"Replace+1","floor":31.0},{"not_picked":["Rearm+1","Replace+1"],"picked":"SurpressingFire+1","floor":31.0},{"not_picked":["Barrier","TimeWarp"],"picked":"MurderousAura","floor":31.0},{"not_picked":["ShatteredReality+1","Starlight"],"picked":"BottledTime","floor":31.0},{"not_picked":["TimeWarp","Potential+1","Advance+1"],"picked":"SKIP","floor":34.0},{"not_picked":["Comet","Reset+1"],"picked":"Defy+1","floor":35.0},{"not_picked":["Hightail+1","Foresight+1"],"picked":"InstantArmor","floor":38.0}],"player_experience":217028,"relics_obtained":[{"floor":1.0,"key":"Baka"},{"floor":2.0,"key":"reliquary:TatteredRug"},{"floor":9.0,"key":"reliquary:JackalopeAntler"},{"floor":16.0,"key":"Strawberry"},{"floor":20.0,"key":"Red Mask"},{"floor":21.0,"key":"reliquary:TatteredRug"},{"floor":23.0,"key":"BookOfRevelations"},{"floor":26.0,"key":"ScarletDevilRocket"},{"floor":30.0,"key":"DeathBook"},{"floor":33.0,"key":"Replay:Bottled Eggs"},{"floor":37.0,"key":"War Paint"},{"floor":38.0,"key":"WingedGreaves"}],"event_choices":[{"damage_healed":0.0,"max_hp_gain":0.0,"max_hp_loss":0.0,"gold_gain":0.0,"event_name":"conspire:Investor","player_choice":"Invest 1","floor":3.0,"gold_loss":0.0,"damage_taken":0.0},{"damage_healed":0.0,"max_hp_gain":0.0,"max_hp_loss":0.0,"gold_gain":0.0,"event_name":"Masked Bandits","player_choice":"Fought Bandits","floor":20.0,"gold_loss":0.0,"damage_taken":0.0},{"cards_removed":["Strike_S"],"damage_healed":0.0,"max_hp_gain":0.0,"max_hp_loss":0.0,"gold_gain":0.0,"event_name":"Falling","player_choice":"Removed Attack","floor":32.0,"gold_loss":0.0,"damage_taken":0.0},{"damage_healed":0.0,"max_hp_gain":0.0,"max_hp_loss":0.0,"gold_gain":0.0,"event_name":"MindBloom","player_choice":"Fight","floor":38.0,"gold_loss":0.0,"damage_taken":0.0},{"cards_removed":["DoubleEdge"],"damage_healed":0,"gold_gain":0,"player_choice":"Purged","damage_taken":0,"max_hp_gain":0,"max_hp_loss":0,"event_name":"Purifier","floor":41,"gold_loss":0},{"damage_healed":0,"gold_gain":400,"player_choice":"Sell","damage_taken":0,"max_hp_gain":0,"max_hp_loss":0,"event_name":"恩洛斯的盘子","floor":42,"relics_lost":["HushsDoor"],"gold_loss":0}],"is_beta":false,"boss_relics":[{"not_picked":["Tiny House","testmod-TimeTraveler"],"picked":"SlaversCollar"},{"not_picked":[]},{"not_picked":["RedLine:ReiMu","testmod-KeyOfTheVoid"],"picked":"conspire:SpecialSausage"},{"not_picked":[]}],"items_purged_floors":[],"is_endless":false,"potions_floor_spawned":[2,5,7,14,18,20,25,29,34],"ascension_level":0}}