{"host":"sav7uxregyirlf69","time":1613314195,"event":{"mods":["AchievementEnabler","BaseMod","Colored Map","DeckTracker","Keyboard Shortcuts","Minty Spire (QoL Compilation)","READ ME - Guardian Mod","StSLib","SuperFastMode"],"gold_per_floor":[110,124,124,137,156,190,190,224,272,272,284,302,302,333,333,428,428,440,456,456,466,466,501,501,526,553,51,51,102,113,131,131,226,226,241,241,256,327,327,327,353,153,176,193,193,193,218,230,230,230,230],"floor_reached":50,"language":"KOR","playtime":1210,"items_purged":["Strike_B","Strike_B"],"score":716,"play_id":"90678b65-45aa-49ed-b0b9-a5993395e4cb","local_time":"20210214234955","daily_mods":["Heirloom"],"is_ascension_mode":true,"campfire_choices":[{"data":"Streamline","floor":7.0,"key":"SMITH"},{"data":"Zap","floor":15.0,"key":"SMITH"},{"floor":24.0,"key":"REST"},{"data":"Self Repair","floor":28.0,"key":"SMITH"},{"data":"Loop","floor":32.0,"key":"SMITH"},{"data":"Master of Strategy","floor":40.0,"key":"SMITH"},{"floor":45,"key":"REST"},{"floor":49,"key":"RECALL"}],"circlet_count":0,"master_deck":["Strike_B","Defend_B","Defend_B","Defend_B","Defend_B","Zap+1","Dualcast","Streamline+1","Coolheaded","Self Repair+1","Cold Snap","Loop+1","Electrodynamics","Capacitor","Core Surge","CurseOfTheBell","Go for the Eyes+1","Heatsinks+1","Master of Strategy+1","Turbo","Fusion+1","Coolheaded+1","Panacea","Glacier","Capacitor+1","Blizzard","BootSequence+1"],"relics":["Cracked Core","Lizard Tail","Happy Flower","Matryoshka","Orichalcum","DataDisk","Calling Bell","Potion Belt","Frozen Egg 2","Unceasing Top","Tiny Chest","Blue Candle","Omamori","Smiling Mask","Oddly Smooth Stone","Strawberry","Black Star","Shovel","Bottled Lightning","Thread and Needle","StoneCalendar","Pen Nib","Symbiotic Virus","Boot","Gremlin Horn"],"acts_visited":["Exordium","TheCity","TheBeyond"],"potions_floor_usage":[44,47],"damage_taken":[{"damage":6.0,"enemies":"Jaw Worm","floor":1.0,"turns":3.0},{"damage":5.0,"enemies":"Small Slimes","floor":2.0,"turns":3.0},{"damage":1.0,"enemies":"2 Louse","floor":4.0,"turns":2.0},{"damage":3.0,"enemies":"Blue Slaver","floor":5.0,"turns":5.0},{"damage":23.0,"enemies":"Lagavulin","floor":6.0,"turns":7.0},{"damage":9.0,"enemies":"3 Sentries","floor":8.0,"turns":6.0},{"damage":7.0,"enemies":"Exordium Wildlife","floor":11.0,"turns":4.0},{"damage":8.0,"enemies":"Red Slaver","floor":12.0,"turns":4.0},{"damage":19.0,"enemies":"Lagavulin","floor":14.0,"turns":5.0},{"damage":0.0,"enemies":"Slime Boss","floor":16.0,"turns":6.0},{"damage":10.0,"enemies":"Spheric Guardian","floor":18.0,"turns":5.0},{"damage":26.0,"enemies":"3 Byrds","floor":19.0,"turns":4.0},{"damage":22.0,"enemies":"Shelled Parasite and Fungi","floor":21.0,"turns":6.0},{"damage":47.0,"enemies":"Book of Stabbing","floor":23.0,"turns":6.0},{"damage":52.0,"enemies":"Slavers","floor":25.0,"turns":6.0},{"damage":18.0,"enemies":"3 Cultists","floor":30.0,"turns":4.0},{"damage":22.0,"enemies":"Snake Plant","floor":31.0,"turns":4.0},{"damage":10.0,"enemies":"Champ","floor":33.0,"turns":14.0},{"damage":21.0,"enemies":"3 Darklings","floor":35.0,"turns":3.0},{"damage":8.0,"enemies":"3 Shapes","floor":37.0,"turns":6.0},{"damage":60.0,"enemies":"Giant Head","floor":41.0,"turns":14.0},{"damage":1,"enemies":"Transient","floor":44,"turns":5},{"damage":32,"enemies":"Nemesis","floor":47,"turns":7},{"damage":1,"enemies":"Spire Growth","floor":48,"turns":7},{"damage":65,"enemies":"Donu and Deca","floor":50,"turns":15}],"seed_played":"4730115975977246068","potions_obtained":[{"floor":5.0,"key":"Explosive Potion"},{"floor":11.0,"key":"FearPotion"},{"floor":12.0,"key":"Swift Potion"},{"floor":16.0,"key":"AttackPotion"},{"floor":18.0,"key":"ColorlessPotion"},{"floor":25.0,"key":"FocusPotion"},{"floor":30.0,"key":"PotionOfCapacity"},{"floor":33.0,"key":"Dexterity Potion"},{"floor":35.0,"key":"EntropicBrew"},{"floor":41.0,"key":"SmokeBomb"},{"floor":48,"key":"FearPotion"}],"is_trial":true,"path_per_floor":["M","M","?","M","M","E","R","E","T","?","M","M","?","E","R","B",null,"M","M","?","M","?","E","R","E","T","$","R","T","M","M","R","B",null,"M","T","M","T","?","R","E","$","T","M","R","T","E","M","R","B"],"character_chosen":"DEFECT","items_purchased":["Heatsinks+1","Master of Strategy","Oddly Smooth Stone","Turbo","Capacitor+1","Blizzard"],"campfire_rested":2,"item_purchase_floors":[27,27,27,27,42,42],"current_hp_per_floor":[69,64,64,70,74,58,58,56,56,61,61,60,60,48,48,55,80,77,58,43,28,56,16,41,39,39,39,39,46,38,26,26,26,92,81,81,83,83,73,73,23,23,23,32,59,59,37,46,46,0,0],"gold":230,"neow_bonus":"","is_daily":false,"chose_seed":false,"campfire_upgraded":5,"win_rate":0.0,"timestamp":1613314195,"path_taken":["M","M","?","M","M","E","R","E","T","?","M","M","?","E","R","BOSS","M","M","?","M","?","E","R","E","T","$","R","?","M","?","R","BOSS","M","?","M","?","?","R","E","$","T","M","R","?","E","M","R","BOSS"],"items_purchased_type":["Card","Card","Relic","Card","Card","Card"],"build_version":"2020-12-22","purchased_purges":2,"victory":false,"max_hp_per_floor":[75,75,75,75,75,75,75,75,75,80,80,80,80,80,80,80,80,80,80,85,85,85,85,85,85,85,85,85,92,92,92,92,92,92,92,92,92,92,92,92,92,92,92,92,92,92,92,92,92,92,92],"card_choices":[{"not_picked":["Barrage","Sweeping Beam"],"picked":"Streamline","floor":1.0},{"not_picked":["Redo","Reinforced Body"],"picked":"Coolheaded","floor":2.0},{"not_picked":["Reprogram","Steam","Hello World"],"picked":"SKIP","floor":4.0},{"not_picked":["Go for the Eyes","Beam Cell"],"picked":"Cold Snap","floor":5.0},{"not_picked":["Force Field","Stack"],"picked":"Loop","floor":6.0},{"not_picked":["Double Energy","White Noise"],"picked":"Electrodynamics","floor":8.0},{"not_picked":["Streamline","Beam Cell"],"picked":"Capacitor","floor":11.0},{"not_picked":["Streamline","Barrage","Heatsinks"],"picked":"SKIP","floor":12.0},{"not_picked":["Barrage","Stack","Coolheaded"],"picked":"SKIP","floor":14.0},{"not_picked":["Multi-Cast","Fission"],"picked":"Core Surge","floor":16.0},{"not_picked":["Conserve Battery","Amplify","Coolheaded"],"picked":"SKIP","floor":18.0},{"not_picked":["Rebound","Stack+1","Melter"],"picked":"SKIP","floor":19.0},{"not_picked":["Gash","Hologram","Cold Snap"],"picked":"SKIP","floor":21.0},{"not_picked":["Go for the Eyes+1","Leap","Machine Learning+1"],"picked":"SKIP","floor":23.0},{"not_picked":["Leap","Machine Learning+1"],"picked":"Go for the Eyes+1","floor":23.0},{"not_picked":["Streamline","Gash+1","Recycle"],"picked":"SKIP","floor":25.0},{"not_picked":["Lockon","FTL+1","Beam Cell"],"picked":"SKIP","floor":30.0},{"not_picked":["Steam Power+1","Scrape+1","Sweeping Beam"],"picked":"SKIP","floor":31.0},{"not_picked":["Go for the Eyes+1","FTL+1"],"picked":"Fusion+1","floor":35.0},{"not_picked":["Hologram+1","FTL"],"picked":"Coolheaded+1","floor":37.0},{"not_picked":["Madness","Chrysalis"],"picked":"Panacea","floor":39.0},{"not_picked":["Compile Driver","Redo+1"],"picked":"Glacier","floor":41.0},{"not_picked":["Turbo","Steam+1","Self Repair+1"],"picked":"SKIP","floor":44},{"not_picked":["Redo","Fusion"],"picked":"BootSequence+1","floor":47},{"not_picked":["Melter","Core Surge","Auto Shields"],"picked":"SKIP","floor":48}],"player_experience":1573309,"relics_obtained":[{"floor":6.0,"key":"Happy Flower"},{"floor":8.0,"key":"Matryoshka"},{"floor":9.0,"key":"Orichalcum"},{"floor":14.0,"key":"DataDisk"},{"floor":17.0,"key":"Potion Belt"},{"floor":17.0,"key":"Frozen Egg 2"},{"floor":17.0,"key":"Unceasing Top"},{"floor":23.0,"key":"Tiny Chest"},{"floor":25.0,"key":"Blue Candle"},{"floor":26.0,"key":"Omamori"},{"floor":26.0,"key":"Smiling Mask"},{"floor":29.0,"key":"Strawberry"},{"floor":36.0,"key":"Shovel"},{"floor":38.0,"key":"Bottled Lightning"},{"floor":41.0,"key":"Thread and Needle"},{"floor":41.0,"key":"StoneCalendar"},{"floor":43,"key":"Pen Nib"},{"floor":46,"key":"Symbiotic Virus"},{"floor":47,"key":"Boot"},{"floor":47,"key":"Gremlin Horn"}],"event_choices":[{"damage_healed":0.0,"max_hp_gain":0.0,"max_hp_loss":0.0,"gold_gain":0.0,"cards_transformed":["Strike_B"],"event_name":"Living Wall","player_choice":"Change","floor":3.0,"gold_loss":0.0,"damage_taken":0.0,"cards_obtained":["Self Repair"]},{"damage_healed":0.0,"max_hp_gain":5.0,"max_hp_loss":0.0,"gold_gain":0.0,"event_name":"Big Fish","player_choice":"Donut","floor":10.0,"gold_loss":0.0,"damage_taken":0.0},{"damage_healed":0.0,"max_hp_gain":0.0,"max_hp_loss":0.0,"gold_gain":0.0,"event_name":"Liars Game","player_choice":"Ignored","floor":13.0,"gold_loss":0.0,"damage_taken":0.0},{"damage_healed":0.0,"max_hp_gain":5.0,"max_hp_loss":0.0,"gold_gain":0.0,"event_name":"Forgotten Altar","player_choice":"Shed Blood","floor":20.0,"gold_loss":0.0,"damage_taken":20.0},{"damage_healed":28.0,"max_hp_gain":0.0,"max_hp_loss":0.0,"gold_gain":0.0,"event_name":"The Library","player_choice":"Heal","floor":22.0,"gold_loss":0.0,"damage_taken":0.0},{"damage_healed":0.0,"max_hp_gain":0.0,"max_hp_loss":0.0,"gold_gain":0.0,"event_name":"SensoryStone","player_choice":"Memory 3","floor":39.0,"gold_loss":0.0,"damage_taken":10.0}],"is_beta":false,"boss_relics":[{"not_picked":["Ectoplasm","SlaversCollar"],"picked":"Calling Bell"},{"not_picked":["Astrolabe","Nuclear Battery"],"picked":"Black Star"}],"items_purged_floors":[27,42],"is_endless":false,"potions_floor_spawned":[5,11,12,16,18,25,30,33,35,41,48],"killed_by":"Donu and Deca","ascension_level":1}}