{"host":"tetq3wi5anb97imq","time":1613318545,"event":{"mods":["BaseMod","Block Reminder","Minty Spire (QoL Compilation)","Quick Restart","StSLib","SuperFastMode"],"gold_per_floor":[17,31,48,63,63,95,95,95,95,95,120,132,132,182,182,277,277,292,310,360,378,392,434,458,489,489,542,542,301,301,317,317,317,317],"floor_reached":33,"language":"ENG","playtime":739,"items_purged":["Strike_G"],"score":684,"play_id":"c5b4858a-bcf4-4a67-8f39-fc9acc02b149","local_time":"20210214140225","is_ascension_mode":true,"campfire_choices":[{"floor":7.0,"key":"REST"},{"data":"Catalyst","floor":10.0,"key":"SMITH"},{"data":"Deadly Poison","floor":15.0,"key":"SMITH"},{"data":"Crippling Poison","floor":28,"key":"SMITH"},{"data":"Crippling Poison","floor":32,"key":"SMITH"}],"circlet_count":0,"master_deck":["AscendersBane","Strike_G","Strike_G","Strike_G","Strike_G","Defend_G","Defend_G","Defend_G","Defend_G","Defend_G","Survivor","Neutralize","Corpse Explosion","Dagger Throw","Catalyst+1","Cloak And Dagger","Deadly Poison","Footwork","Crippling Poison+1","Deadly Poison+1","Adrenaline","Deadly Poison","Crippling Poison+1","Crippling Poison","Poisoned Stab","Poisoned Stab","Blur"],"relics":["Ring of the Snake","Centennial Puzzle","Meat on the Bone","Orichalcum","Toy Ornithopter","Golden Idol","Sozu","CeramicFish","Singing Bowl","Eternal Feather","Bronze Scales","Lee\u0027s Waffle","Nilry\u0027s Codex"],"acts_visited":["Exordium","TheCity"],"potions_floor_usage":[16,22],"damage_taken":[{"damage":1.0,"enemies":"Cultist","floor":1.0,"turns":4.0},{"damage":0.0,"enemies":"Small Slimes","floor":2.0,"turns":3.0},{"damage":0.0,"enemies":"2 Louse","floor":3.0,"turns":2.0},{"damage":8.0,"enemies":"Large Slime","floor":4.0,"turns":5.0},{"damage":30.0,"enemies":"Lagavulin","floor":6.0,"turns":6.0},{"damage":15.0,"enemies":"3 Sentries","floor":11.0,"turns":3.0},{"damage":0.0,"enemies":"Gremlin Gang","floor":12.0,"turns":2.0},{"damage":2,"enemies":"Hexaghost","floor":16,"turns":6},{"damage":6,"enemies":"Chosen","floor":18,"turns":5},{"damage":0,"enemies":"3 Byrds","floor":19,"turns":3},{"damage":14,"enemies":"Snecko","floor":21,"turns":4},{"damage":20,"enemies":"Shelled Parasite and Fungi","floor":22,"turns":3},{"damage":17,"enemies":"Book of Stabbing","floor":23,"turns":4},{"damage":20,"enemies":"Cultist and Chosen","floor":24,"turns":4},{"damage":10,"enemies":"Gremlin Leader","floor":25,"turns":5},{"damage":15,"enemies":"Book of Stabbing","floor":27,"turns":4},{"damage":12,"enemies":"Snake Plant","floor":31,"turns":3},{"damage":69,"enemies":"Champ","floor":33,"turns":9}],"seed_played":"6433214471957180216","potions_obtained":[{"floor":6.0,"key":"PowerPotion"},{"floor":11.0,"key":"SkillPotion"},{"floor":12.0,"key":"AttackPotion"},{"floor":16,"key":"LiquidBronze"}],"is_trial":false,"path_per_floor":["M","M","M","M","?","E","R","?","T","R","E","M","?","?","R","B",null,"M","M","?","M","M","E","M","E","T","E","R","$","?","M","R","B"],"character_chosen":"THE_SILENT","items_purchased":["Lee\u0027s Waffle"],"campfire_rested":1,"item_purchase_floors":[29],"current_hp_per_floor":[58,58,58,50,55,25,46,35,35,35,32,37,13,6,6,21,59,53,53,53,39,36,31,23,27,27,24,39,80,59,49,64,0,0],"gold":317,"neow_bonus":"THREE_RARE_CARDS","is_daily":false,"chose_seed":false,"campfire_upgraded":4,"win_rate":0.0,"timestamp":1613318545,"path_taken":["M","?","M","M","?","E","R","?","T","R","E","M","?","?","R","BOSS","M","?","?","M","M","E","M","E","T","E","R","$","?","M","R","BOSS"],"items_purchased_type":["Relic"],"build_version":"2020-12-22","purchased_purges":1,"victory":false,"max_hp_per_floor":[66,66,66,66,71,71,71,71,71,71,71,71,71,71,71,71,71,71,71,71,71,71,71,71,73,73,73,73,80,80,82,82,82,82],"card_choices":[{"not_picked":["Tools of the Trade","Night Terror"],"picked":"Corpse Explosion","floor":0.0},{"not_picked":["Acrobatics","Quick Slash"],"picked":"Dagger Throw","floor":1.0},{"not_picked":["Dagger Throw","Doppelganger"],"picked":"Catalyst","floor":2.0},{"not_picked":["PiercingWail","Caltrops"],"picked":"Cloak And Dagger","floor":3.0},{"not_picked":["Cloak And Dagger","Flechettes"],"picked":"Deadly Poison","floor":4.0},{"not_picked":["Prepared","Infinite Blades"],"picked":"Footwork","floor":6.0},{"not_picked":["Prepared","Infinite Blades"],"picked":"Crippling Poison","floor":11.0},{"not_picked":["Reflex","Quick Slash"],"picked":"Deadly Poison","floor":12.0},{"not_picked":["Doppelganger","Grand Finale"],"picked":"Adrenaline","floor":16},{"not_picked":["Accuracy","Sucker Punch"],"picked":"Deadly Poison","floor":18},{"not_picked":["Backflip+1","Slice"],"picked":"Crippling Poison","floor":19},{"not_picked":["Sucker Punch","Distraction"],"picked":"Crippling Poison","floor":21},{"not_picked":["Sucker Punch","Flying Knee","Accuracy+1"],"picked":"SKIP","floor":22},{"not_picked":["Terror","Caltrops"],"picked":"Poisoned Stab","floor":23},{"not_picked":["Tools of the Trade","Caltrops"],"picked":"Poisoned Stab","floor":24},{"not_picked":["Deadly Poison","Quick Slash","Acrobatics+1"],"picked":"Singing Bowl","floor":25},{"not_picked":["Caltrops","Flechettes"],"picked":"Blur","floor":27},{"not_picked":["Accuracy","Tactician+1","Heel Hook"],"picked":"Singing Bowl","floor":31}],"player_experience":1671453,"relics_obtained":[{"floor":6.0,"key":"Centennial Puzzle"},{"floor":9.0,"key":"Orichalcum"},{"floor":11.0,"key":"Toy Ornithopter"},{"floor":23,"key":"CeramicFish"},{"floor":25,"key":"Singing Bowl"},{"floor":26,"key":"Eternal Feather"},{"floor":27,"key":"Bronze Scales"},{"floor":30,"key":"Nilry\u0027s Codex"}],"event_choices":[{"damage_healed":0.0,"max_hp_gain":5.0,"max_hp_loss":0.0,"gold_gain":0.0,"event_name":"Big Fish","player_choice":"Donut","floor":5.0,"gold_loss":0.0,"damage_taken":0.0},{"damage_healed":0.0,"max_hp_gain":0.0,"max_hp_loss":0.0,"gold_gain":0.0,"event_name":"Scrap Ooze","player_choice":"Success","floor":8.0,"gold_loss":0.0,"damage_taken":11.0,"relics_obtained":["Meat on the Bone"]},{"damage_healed":0.0,"max_hp_gain":0.0,"max_hp_loss":0.0,"gold_gain":0.0,"event_name":"Golden Idol","player_choice":"Take Damage","floor":13.0,"gold_loss":0.0,"damage_taken":24.0,"relics_obtained":["Golden Idol"]},{"damage_healed":0.0,"max_hp_gain":0.0,"max_hp_loss":0.0,"gold_gain":50.0,"event_name":"FaceTrader","player_choice":"Touch","floor":14.0,"gold_loss":0.0,"damage_taken":7.0},{"damage_healed":0,"gold_gain":50,"player_choice":"Stole From Cult","damage_taken":0,"max_hp_gain":0,"max_hp_loss":0,"event_name":"Nest","floor":20,"gold_loss":0},{"damage_healed":0,"gold_gain":0,"player_choice":"Obtained Book","damage_taken":21,"max_hp_gain":0,"max_hp_loss":0,"event_name":"Cursed Tome","floor":30,"gold_loss":0}],"is_beta":false,"boss_relics":[{"not_picked":["Runic Dome","Snecko Eye"],"picked":"Sozu"}],"items_purged_floors":[29],"is_endless":false,"potions_floor_spawned":[6,11,12,16,19,21,22,23,31],"killed_by":"Champ","ascension_level":20}}