{"host":"rbccvrvdyhsypb23","time":1613337150,"event":{"mods":["AchievementEnabler","Act Like it!","Arknights","Aspiration","BaseMod","Better Third Choice","BetterRewards","Fox Events","Friendly Minions","Gensokyo","Hubris","Infinite Spire","Ironclad Rager","KomeijiMod","Minty Spire (QoL Compilation)","Replay The Spire","Shade Mod","StSLib","The Blackbeard","The Marked","The Mystic","Wandering Minibosses"],"gold_per_floor":[113,113,133,148,163,188,188,201,201,230,230,230,259,291,291,387,387,344,269,278,286,286,306,306,306,306,1117,1126,1166,1177,1198,1198,1300,1300,1307,1319,1319,1319,1337,1337,1380,1407,1431,1464,1464,1477,1477,1494,1558,1653,1653,1666,1666,1666,1666,1669,1682,1678,1705,1705,1727,1748,1828,1851,1869,1869,1869],"floor_reached":66,"language":"ENG","playtime":2199,"items_purged":["hubris:Fate+1"],"score":1870,"play_id":"75ddd34f-566e-43b8-9f0d-5c727e7fe053","local_time":"20210215001230","is_ascension_mode":true,"campfire_choices":[{"data":"Pot Of Greed","floor":7.0,"key":"SMITH"},{"data":"theMarked:Abjuration","floor":11.0,"key":"SMITH"},{"data":"theMarked:MysticalArsenal","floor":25.0,"key":"SMITH"},{"floor":32.0,"key":"RECALL"}],"circlet_count":1,"master_deck":["hubris:Fate+1","theMarked:Strike","theMarked:Strike","theMarked:Strike","theMarked:Strike","theMarked:Defend","theMarked:Defend","theMarked:Defend","theMarked:Defend","theMarked:SoldierOfQuellstein","Pot Of Greed+1","theMarked:WardOff","Pot Of Greed+1","theMarked:Abjuration+1","theMarked:MysticalArsenal","theMarked:Heritage","theMarked:Vacuum+1","theMarked:MysticalArsenal+1","hubris:Fate+1","hubris:InfiniteBlow+40362","theMarked:Determination+1","theMarked:EternalStudent+1"],"relics":["theMarked:ArtifactOfAir","Gambling Chip","hubris:Metronome","WingedGreaves","Mummified Hand","Grinning Jar","FossilizedHelix","theMarked:Gun","aspiration:TomeofQuesting","hubris:BundleOfHerbs","Mercury Hourglass","TheAbacus","ReplayTheSpireMod:Ninjato","aspiration:DSix","infinitespire:Beetle Shell","infinitespire:Magic Flask","Calipers","Tiny Chest","Golden Egg","Meat on the Bone","Happy Flower","Omamori","aspiration:AnachronicSnailShell","SlaversCollar","Blue Doll","Replay:Baseball","CeramicFish","wanderingMiniBosses:MasterThiefsPresence","Black Star","Sling","ReplayFunnel","infinitespire:BottledMercury","Incense Burner","ReplayTheSpireMod:Lightbulb","Circlet","aspiration:RandomNobGenerator","hubris:Towel","Strawberry","Replay:Accelerometer","Lantern","infinitespire:CheckeredPen","Pen Nib","Pear","Anchor","aspiration:RitualDagger","NitorisBag","PreservedInsect","Painkiller Herb","aspiration:StickyExplosives","Replay:Mystery Machine","theMarked:DemonDagger","Replay:Bottled Steam","hubris:64BitClover","Replay:Bandana","Bronze Scales"],"acts_visited":["Exordium","TheCity","TheBeyond","TheBeyond"],"potions_floor_usage":[],"damage_taken":[{"damage":0.0,"enemies":"Gensokyo:Python","floor":1.0,"turns":1.0},{"damage":0.0,"enemies":"Gensokyo:Gryphon","floor":3.0,"turns":2.0},{"damage":0.0,"enemies":"Gensokyo:2_Kodama","floor":4.0,"turns":1.0},{"damage":0.0,"enemies":"Gensokyo:Kitsune","floor":5.0,"turns":1.0},{"damage":0.0,"enemies":"Gensokyo:Cirno","floor":6.0,"turns":5.0},{"damage":0.0,"enemies":"Gensokyo:Python_and_Kodama","floor":8.0,"turns":3.0},{"damage":0.0,"enemies":"Gensokyo:Aya","floor":10.0,"turns":4.0},{"damage":0.0,"enemies":"Gensokyo:Mamizou","floor":13.0,"turns":3.0},{"damage":0.0,"enemies":"Gensokyo:Cirno","floor":14.0,"turns":5.0},{"damage":0.0,"enemies":"Gensokyo:Yukari","floor":16.0,"turns":4.0},{"damage":0.0,"enemies":"2 Thieves","floor":18.0,"turns":6.0},{"damage":14.0,"enemies":"3 Byrds","floor":20.0,"turns":3.0},{"damage":0.0,"enemies":"Snake Plant","floor":21.0,"turns":4.0},{"damage":0.0,"enemies":"Gremlin Leader","floor":23.0,"turns":3.0},{"damage":0.0,"enemies":"3 Cultists","floor":27.0,"turns":2.0},{"damage":0.0,"enemies":"Nightmare","floor":29.0,"turns":1.0},{"damage":0.0,"enemies":"Snecko","floor":30.0,"turns":2.0},{"damage":0.0,"enemies":"Gremlin Leader","floor":31.0,"turns":1.0},{"damage":0.0,"enemies":"Champ","floor":33.0,"turns":2.0},{"damage":0.0,"enemies":"3 Shapes","floor":35.0,"turns":1.0},{"damage":0.0,"enemies":"3 Darklings","floor":36.0,"turns":2.0},{"damage":0.0,"enemies":"Spire Growth","floor":39.0,"turns":1.0},{"damage":0.0,"enemies":"Giant Head","floor":41.0,"turns":1.0},{"damage":0.0,"enemies":"R_Hoarder","floor":42.0,"turns":1.0},{"damage":0.0,"enemies":"Reptomancer","floor":44.0,"turns":1.0},{"damage":0.0,"enemies":"Sphere and 2 Shapes","floor":46.0,"turns":1.0},{"damage":0.0,"enemies":"Transient","floor":48.0,"turns":1.0},{"damage":0.0,"enemies":"Donu and Deca","floor":50.0,"turns":1.0},{"damage":0,"enemies":"Gensokyo:2_Kodama","floor":52,"turns":1},{"damage":0,"enemies":"Gensokyo:Python","floor":56,"turns":1},{"damage":7,"enemies":"Gensokyo:Cirno","floor":57,"turns":4},{"damage":3,"enemies":"Gensokyo:3_Fairies","floor":58,"turns":2},{"damage":3,"enemies":"Gensokyo:Aya","floor":59,"turns":2},{"damage":7,"enemies":"Gensokyo:Cirno","floor":61,"turns":4},{"damage":0,"enemies":"Gensokyo:Kitsune","floor":62,"turns":1},{"damage":0,"enemies":"Gensokyo:CorruptedTreant","floor":65,"turns":1}],"seed_played":"4038824739964570146","potions_obtained":[{"floor":3.0,"key":"LifebloodPotion"},{"floor":35.0,"key":"PowerPotion"},{"floor":58,"key":"SmokeBomb"}],"is_trial":false,"path_per_floor":["M","$","M","M","M","E","R","M","T","E","R","?","E","E","R","B",null,"M","?","M","M","?","E","T","R","T","M","AVR","NM","M","E","R","B",null,"M","M","?","?","M","R","E","E","T","E","AVR","M","T","M","R","B",null,"?","?","?","T","?","E","?","E","T","E","?","?","T","?","T"],"character_chosen":"THE_DEFAULT","items_purchased":["hubris:Metronome","Mummified Hand","Grinning Jar","theMarked:Gun","theMarked:WardOff","theMarked:BanishingStrike+1","aspiration:TomeofQuesting","Mercury Hourglass","TheAbacus","ReplayTheSpireMod:Ninjato","theMarked:Abjuration","infinitespire:Beetle Shell","theMarked:MysticalArsenal"],"campfire_rested":0,"item_purchase_floors":[0,0,0,0,0,0,0,0,0,0,0,0,0],"current_hp_per_floor":[70,70,70,70,70,70,70,70,70,70,70,70,70,70,70,70,70,70,70,56,56,56,56,56,56,56,56,56,56,56,56,56,61,70,70,70,70,70,70,70,77,77,77,87,87,87,87,87,87,87,87,87,87,87,87,87,80,77,74,74,67,67,67,67,67,67,67],"gold":1869,"neow_bonus":"","is_daily":false,"chose_seed":false,"campfire_upgraded":3,"win_rate":0.0,"timestamp":1613337150,"path_taken":["M","?","M","M","M","E","R","M","T","E","R","?","E","E","R","BOSS","M","?","M","M","?","E","?","R","T","M","AVR","NM","M","E","R","BOSS","M","M","?","?","M","R","E","E","T","E","AVR","?","?","M","R","BOSS","?","?","?","T","?","E","?","E","T","E","?","?","?","?","T"],"items_purchased_type":["Relic","Relic","Relic","Relic","Card","Card","Relic","Relic","Relic","Relic","Card","Relic","Card"],"build_version":"2020-12-22","purchased_purges":1,"victory":false,"max_hp_per_floor":[70,70,70,70,70,70,70,70,70,70,70,70,70,70,70,70,70,70,70,70,70,70,70,70,70,70,70,70,70,70,70,70,70,70,70,70,70,70,70,70,77,77,77,87,87,87,87,87,87,87,87,87,87,87,87,87,87,87,87,87,87,87,87,87,87,87,87],"card_choices":[{"not_picked":["theMarked:Parkour","theMarked:EnhanceMovement","theMarked:TakeCover"],"picked":"SKIP","floor":1.0},{"not_picked":["theMarked:Overthink","theMarked:TwofoldDefense","theMarked:Electrocute"],"picked":"SKIP","floor":3.0},{"not_picked":["theMarked:Panic","theMarked:Memento"],"picked":"theMarked:Heritage","floor":4.0},{"not_picked":["theMarked:Aftermath","theMarked:Parkour","theMarked:RepellingDischarge"],"picked":"SKIP","floor":5.0},{"not_picked":["theMarked:OneWithTheBlade","theMarked:ShockingTouch","theMarked:RepellingDischarge"],"picked":"SKIP","floor":6.0},{"not_picked":["theMarked:DispelDoubt","theMarked:Electrocute","theMarked:Friction"],"picked":"SKIP","floor":8.0},{"not_picked":["theMarked:TwofoldDefense","theMarked:ShockingTouch","theMarked:RepellingDischarge"],"picked":"SKIP","floor":10.0},{"not_picked":["theMarked:Panic","theMarked:EnhanceMovement","theMarked:AttractMetal"],"picked":"SKIP","floor":13.0},{"not_picked":["theMarked:HeightenedSenses","theMarked:WastefulAttack","theMarked:SwordAndMagic"],"picked":"SKIP","floor":14.0},{"not_picked":["theMarked:TurnInvisible","theMarked:DispelDoubt"],"picked":"theMarked:Vacuum","floor":16.0},{"not_picked":["theMarked:ParalyzingBlade","theMarked:CreepingChasm","theMarked:EmpowerWeapon"],"picked":"SKIP","floor":18.0},{"not_picked":["theMarked:Maelstrom","theMarked:Parkour"],"picked":"theMarked:MysticalArsenal","floor":20.0},{"not_picked":["theMarked:HeightenedSenses","theMarked:ResourceFulStrike","theMarked:TwofoldDefense"],"picked":"SKIP","floor":21.0},{"not_picked":["theMarked:WastefulAttack+1","theMarked:TakeCover","theMarked:Electrocute"],"picked":"SKIP","floor":23.0},{"not_picked":["theMarked:FavorableWinds","theMarked:ElectricStrings+1","theMarked:ShockingTouch"],"picked":"SKIP","floor":27.0},{"not_picked":["infinitespire:Oblivion","infinitespire:TheBestDefense"],"picked":"hubris:InfiniteBlow+6727","floor":29.0},{"not_picked":["theMarked:TakeCover","theMarked:Pokerface","theMarked:ChannelForce"],"picked":"SKIP","floor":29.0},{"not_picked":["theMarked:Convert","theMarked:Overthink","theMarked:ElectricStrings"],"picked":"SKIP","floor":30.0},{"not_picked":["theMarked:WastefulAttack+1","theMarked:Maelstrom","theMarked:Frustration"],"picked":"SKIP","floor":31.0},{"not_picked":["theMarked:Pokerface","theMarked:TwofoldDefense","theMarked:Overthink+1"],"picked":"SKIP","floor":35.0},{"not_picked":["theMarked:Generate","theMarked:ChainLightning+1","theMarked:RepellingDischarge+1"],"picked":"SKIP","floor":36.0},{"not_picked":["theMarked:RepellingDischarge+1","theMarked:OneWithTheBlade+1","theMarked:Memento+1"],"picked":"SKIP","floor":39.0},{"not_picked":["theMarked:ParalyzingBlade","theMarked:Defy"],"picked":"theMarked:Determination+1","floor":41.0},{"not_picked":["theMarked:ComboAttacks","theMarked:WardOff+1","theMarked:UnarmedFury"],"picked":"SKIP","floor":42.0},{"not_picked":["theMarked:RepellingDischarge+1","theMarked:Frustration","theMarked:PowerFlow"],"picked":"SKIP","floor":44.0},{"not_picked":["theMarked:TheMission+1","theMarked:WastefulAttack","theMarked:Heritage+1"],"picked":"SKIP","floor":46.0},{"not_picked":["theMarked:Reabsorb+1","theMarked:ChainLightning+1","theMarked:EmpowerWeapon"],"picked":"SKIP","floor":48.0},{"not_picked":["theMarked:BanishingStrike","theMarked:HeightenedSenses","theMarked:Frustration"],"picked":"SKIP","floor":52},{"not_picked":["theMarked:HeightenedSenses","theMarked:BanishingStrike","theMarked:ElectricStrings"],"picked":"SKIP","floor":56},{"not_picked":["theMarked:Improvise","theMarked:RogueSparks","theMarked:SwordAndMagic"],"picked":"SKIP","floor":57},{"not_picked":["theMarked:Standoff","theMarked:Parkour","theMarked:SwordAndMagic"],"picked":"SKIP","floor":58},{"not_picked":["theMarked:ElectricStrings","theMarked:Seal","theMarked:Pokerface"],"picked":"SKIP","floor":59},{"not_picked":["theMarked:SelfDefenseTraining","theMarked:Parkour"],"picked":"theMarked:EternalStudent","floor":61},{"not_picked":["theMarked:TwofoldDefense","theMarked:Overcharge","theMarked:EmpowerWeapon"],"picked":"SKIP","floor":62},{"not_picked":["theMarked:Memento","theMarked:HeightenedSenses","theMarked:TakeCover"],"picked":"SKIP","floor":65}],"player_experience":604516,"relics_obtained":[{"floor":6.0,"key":"Tiny Chest"},{"floor":9.0,"key":"Golden Egg"},{"floor":10.0,"key":"Meat on the Bone"},{"floor":13.0,"key":"Omamori"},{"floor":14.0,"key":"aspiration:AnachronicSnailShell"},{"floor":23.0,"key":"Blue Doll"},{"floor":24.0,"key":"Replay:Baseball"},{"floor":26.0,"key":"CeramicFish"},{"floor":27.0,"key":"wanderingMiniBosses:MasterThiefsPresence"},{"floor":29.0,"key":"ReplayFunnel"},{"floor":29.0,"key":"infinitespire:BottledMercury"},{"floor":31.0,"key":"Incense Burner"},{"floor":31.0,"key":"ReplayTheSpireMod:Lightbulb"},{"floor":41.0,"key":"Strawberry"},{"floor":41.0,"key":"Replay:Accelerometer"},{"floor":42.0,"key":"Lantern"},{"floor":42.0,"key":"infinitespire:CheckeredPen"},{"floor":43.0,"key":"Pen Nib"},{"floor":44.0,"key":"Pear"},{"floor":44.0,"key":"Anchor"},{"floor":47.0,"key":"PreservedInsect"},{"floor":57,"key":"aspiration:StickyExplosives"},{"floor":57,"key":"Replay:Mystery Machine"},{"floor":59,"key":"theMarked:DemonDagger"},{"floor":59,"key":"Replay:Bottled Steam"},{"floor":61,"key":"hubris:64BitClover"},{"floor":61,"key":"Replay:Bandana"},{"floor":64,"key":"Bronze Scales"}],"event_choices":[{"cards_removed":["theMarked:Strike"],"damage_healed":0.0,"max_hp_gain":0.0,"max_hp_loss":0.0,"gold_gain":0.0,"event_name":"Beggar","player_choice":"Gave Gold","floor":19.0,"gold_loss":75.0,"damage_taken":0.0},{"damage_healed":0.0,"max_hp_gain":0.0,"max_hp_loss":0.0,"gold_gain":0.0,"event_name":"Upgrade Shrine","player_choice":"Upgraded","floor":38.0,"gold_loss":0.0,"damage_taken":0.0,"cards_upgraded":["hubris:Fate"]}],"is_beta":false,"boss_relics":[{"not_picked":["Honey Jar","aspiration:WatcherSkillbook"],"picked":"SlaversCollar"},{"not_picked":["Philosopher\u0027s Stone","hubris:ScarierMask"],"picked":"aspiration:RandomNobGenerator"},{"not_picked":["aspiration:IroncladSkillbook","aspiration:SilentSkillbook"],"picked":"Painkiller Herb"}],"items_purged_floors":[0],"is_endless":true,"potions_floor_spawned":[3,4,13,14,20,27,31,33,35,36,39,44,56,58,65],"ascension_level":1}}