{"host":"xsfbp1yx1f2ea5z7","time":1613299280,"event":{"mods":["100% Spire Juice","AchievementEnabler","Act Like it!","Bard","BaseMod","Beaked The Cultist","Better Altar","Better Match","Better Note","Better Sensory Stone","Better Skull","Better Third Choice","BetterRewards","Block Reminder","ChefMod","Colored Map","Colored Powertips","Conspire","DeckTracker","Downfall","GifTheSpireLib","GungeonMod","Halation","Hermit","Hubris","Infinite Spire","Jedi Mod","Jorbs\u0027s Wanderer Trilogy","Marked Mod","Mimic Mod","Minty Spire (QoL Compilation)","Replay The Spire","Robot Space Explorer","Shade Mod","Spicy Shops","StSLib","The Blackbeard","The Cursed","The Hierophant","The Judge","The Jungle","The Marked","The Mystic","The Runesmith","TheBandit","Unceasing Turn Reminder","Wandering Minibosses","everything is the same but u backflip on backflip"],"gold_per_floor":[119,119,119,132,132,160,17,17,17,17,34,51,65,65,65,161,161,172,388,313,313,313],"floor_reached":21,"language":"ENG","playtime":619,"items_purged":["conspire:GhostlyStrike","conspire:GhostlyStrike"],"score":229,"play_id":"6862cd65-2acb-4720-9295-ae63c5f129c8","local_time":"20210214184120","is_ascension_mode":false,"campfire_choices":[{"data":"theMarked:Maelstrom","floor":8,"key":"SMITH"},{"data":"theMarked:Challenge","floor":10,"key":"SMITH"},{"floor":15,"key":"RECALL"}],"circlet_count":0,"master_deck":["conspire:GhostlyStrike","conspire:GhostlyStrike","conspire:GhostlyStrike","conspire:GhostlyDefend","conspire:GhostlyDefend","conspire:GhostlyDefend","conspire:GhostlyDefend","theMarked:SoldierOfQuellstein","theMarked:Maelstrom+1","theMarked:Memento","Jack Of All Trades","theMarked:Challenge+1","Pot Of Greed","Pot Of Greed","theMarked:SwordAndMagic","theMarked:Electrocute","theMarked:TurnInvisible","theMarked:Improvise"],"relics":["theMarked:ArtifactOfAir","NeowsBlessing","hubris:TenFootPole","hubris:TinFlute","Grinning Jar","theMarked:SpiritSword","jedi:ominousloannote","DemoMod:GlassGuonStoneRelic"],"acts_visited":["Exordium","TheCity"],"potions_floor_usage":[12,12,13],"damage_taken":[{"damage":0,"enemies":"2 Louse","floor":1,"turns":1},{"damage":0,"enemies":"Small Slimes","floor":4,"turns":1},{"damage":0,"enemies":"Gremlin Nob","floor":6,"turns":1},{"damage":0,"enemies":"Cultist","floor":11,"turns":3},{"damage":0,"enemies":"Looter","floor":12,"turns":3},{"damage":0,"enemies":"2 Fungi Beasts","floor":13,"turns":2},{"damage":10,"enemies":"Hexaghost","floor":16,"turns":6},{"damage":5,"enemies":"Spheric Guardian","floor":18,"turns":4},{"damage":28,"enemies":"2 Thieves","floor":20,"turns":4},{"damage":0,"enemies":"Centurion and Healer","floor":21,"turns":1}],"seed_played":"-158894130181972397","potions_obtained":[{"floor":4,"key":"Adrenaline Potion"},{"floor":6,"key":"Adrenaline Potion"},{"floor":12,"key":"jedi:StrikingPotion"},{"floor":13,"key":"bronze:BurnAndBuffPotion"}],"is_trial":false,"path_per_floor":["M","?","?","M","?","E","$","R","T","R","M","M","M","?","R","B",null,"M","$","M","M"],"character_chosen":"THE_DEFAULT","items_purchased":["Grinning Jar","jedi:ominousloannote"],"campfire_rested":0,"item_purchase_floors":[7,19],"current_hp_per_floor":[70,70,67,67,67,67,67,67,67,67,67,67,67,67,67,57,70,65,65,37,37,37],"gold":313,"neow_bonus":"THREE_ENEMY_KILL","is_daily":false,"chose_seed":false,"campfire_upgraded":2,"win_rate":0.0,"timestamp":1613299280,"path_taken":["M","?","?","M","?","E","$","R","T","R","?","M","?","?","R","BOSS","M","$","M","M"],"items_purchased_type":["Relic","Relic"],"build_version":"2020-12-22","purchased_purges":2,"victory":false,"max_hp_per_floor":[70,70,70,70,70,70,70,70,70,70,70,70,70,70,70,70,70,70,70,70,70,70],"card_choices":[{"not_picked":["theMarked:TheMission","theMarked:EnhanceMovement"],"picked":"theMarked:Maelstrom","floor":1},{"not_picked":["theMarked:StartUp","theMarked:ShockingTouch"],"picked":"theMarked:Memento","floor":4},{"not_picked":["Impatience","jedi:cleanse"],"picked":"Jack Of All Trades","floor":5},{"not_picked":["theMarked:LightningStrikesTwice","theMarked:StartUp"],"picked":"theMarked:Challenge","floor":6},{"not_picked":["theMarked:ChainLightning","theMarked:PowerFlow"],"picked":"theMarked:SwordAndMagic","floor":11},{"not_picked":["theMarked:ResourceFulStrike","theMarked:Frustration"],"picked":"theMarked:Electrocute","floor":12},{"not_picked":["theMarked:EmpowerWeapon","theMarked:Aftermath","theMarked:HeightenedSenses"],"picked":"SKIP","floor":13},{"not_picked":["theMarked:Vacuum","theMarked:DispelDoubt"],"picked":"theMarked:TurnInvisible","floor":16},{"not_picked":["theMarked:EmpowerWeapon","theMarked:TakeCover"],"picked":"theMarked:Improvise","floor":18},{"not_picked":["theMarked:ResourceFulStrike","theMarked:Memento","theMarked:Frustration+1"],"picked":"SKIP","floor":20}],"player_experience":110054,"relics_obtained":[{"floor":6,"key":"hubris:TinFlute"}],"event_choices":[{"damage_healed":0,"gold_gain":0,"player_choice":"Relic ","damage_taken":3,"max_hp_gain":0,"max_hp_loss":0,"event_name":"betterThird:BetterScrap","floor":3,"gold_loss":0,"cards_obtained":["ReplayTheSpireMod:Speed Training"]},{"damage_healed":0,"gold_gain":1,"player_choice":"1","damage_taken":0,"max_hp_gain":0,"max_hp_loss":0,"event_name":"betterStone:BetterStone","floor":5,"gold_loss":0},{"damage_healed":0,"gold_gain":0,"player_choice":"Agree","damage_taken":0,"max_hp_gain":0,"max_hp_loss":0,"event_name":"conspire:LoneGhost","floor":14,"gold_loss":0}],"is_beta":false,"boss_relics":[{"not_picked":["halation:CatFaceCupcake","Fusion Hammer"],"picked":"theMarked:SpiritSword"}],"items_purged_floors":[19,19],"is_endless":false,"potions_floor_spawned":[4,6,12,13],"killed_by":"Centurion and Healer","ascension_level":0}}