{"host":"hl3ams4am2ku5u4p","time":1613304498,"event":{"mods":["AchievementEnabler","Act Like it!","Aspiration","BaseMod","Beaked The Cultist","BetterRewards","CatGirl Mod","Colored Map","Colored Powertips","Conspire","Downfall","Energized Spire","Halation","Hallownest","HornydragonMod","Hubris","Infinite Spire","Mad Scientist","Magitek Elite","Minty Spire (QoL Compilation)","READ ME - Guardian Mod","Replay The Spire","Spikes Relics","StSLib","SuperFastMode","The Blackbeard","The Bug Knight","The Construct","The Disciple","The Jungle","The Mystic","The Necromancer","The Senshi"],"gold_per_floor":[112,72,83,83,101,101,120,120,120,120,135,135,135,145,145,245,245,264,189,189,189,208,235,235,235,260,272,272,272,303,313,313,409,409,429,429,175,185,202,202,234,234,305,305,340,353,353,373,373,373,373,373,123,152,152,152],"floor_reached":55,"language":"FRA","playtime":2457,"items_purged":["Defend_G","Strike_G+1"],"score":1148,"play_id":"db2107a7-6b60-4621-bf32-e49ff98398a8","local_time":"20210214130818","is_ascension_mode":true,"campfire_choices":[{"data":"Blade Dance","floor":6,"key":"SMITH"},{"data":"Blade Dance","floor":6,"key":"SMITH"},{"data":"After Image","floor":10,"key":"SMITH"},{"floor":10,"key":"RECALL"},{"floor":13,"key":"REST"},{"data":"infinitespire:FinalStrike","floor":15,"key":"SMITH"},{"data":"Noxious Fumes","floor":15,"key":"SMITH"},{"floor":24,"key":"REST"},{"floor":29,"key":"REST"},{"data":"Adrenaline","floor":32,"key":"SMITH"},{"data":"Neutralize","floor":32,"key":"SMITH"},{"floor":40,"key":"REST"},{"data":"Corpse Explosion","floor":42,"key":"SMITH"},{"data":"Flying Knee","floor":42,"key":"SMITH"},{"floor":44,"key":"REST"},{"data":"Terror","floor":47,"key":"SMITH"},{"data":"Cloak And Dagger","floor":47,"key":"SMITH"},{"data":"Burst","floor":49,"key":"SMITH"},{"data":"Survivor","floor":49,"key":"SMITH"},{"floor":52,"key":"REST"}],"circlet_count":0,"master_deck":["Strike_G+1","Strike_G+1","Strike_G+1","Strike_G+1","Defend_G+1","Defend_G+1","Defend_G+1","Survivor+1","Neutralize+1","After Image+1","Blade Dance+1","Blade Dance+1","Noxious Fumes+1","infinitespire:FinalStrike+1","Flying Knee+1","Adrenaline+1","Corpse Explosion+1","Accuracy+1","Fluid Movement+1","Cloak And Dagger+1","Terror+1","Burst+1","Dodge and Roll+1"],"relics":["Ring of the Snake","halation:PenCase","Hallownest:DreamNailRelic","infinitespire:WardingShard","hubris:Towel","Dream Catcher","Bird Faced Urn","hubris:ScarierMask","RollingBoulder","MealTicket","Rawhide","StoneCalendar","theSenshi:SailorFukuRelic","Paper Crane"],"acts_visited":["Exordium","TheCity","TheCity","TheEnding"],"potions_floor_usage":[16,16,23,23,23,30,41,48,50,54,55,55,55],"damage_taken":[{"damage":2,"enemies":"Hallownest:monsterHuskWarrior","floor":1,"turns":5},{"damage":1,"enemies":"Hallownest:monsterHuskGuard","floor":3,"turns":4},{"damage":2,"enemies":"Hallownest:2_Tiktiks_and_1_Crawlid","floor":5,"turns":5},{"damage":0,"enemies":"Hallownest:monsterAspidMother","floor":7,"turns":4},{"damage":0,"enemies":"Hallownest:monsterMossCharger","floor":11,"turns":4},{"damage":10,"enemies":"Hallownest:monsterFoolEater","floor":14,"turns":3},{"damage":18,"enemies":"Hallownest:BossHornet","floor":16,"turns":8},{"damage":0,"enemies":"Spheric Guardian","floor":18,"turns":3},{"damage":0,"enemies":"Shell Parasite","floor":22,"turns":4},{"damage":28,"enemies":"Book of Stabbing","floor":23,"turns":5},{"damage":7,"enemies":"Shelled Parasite and Fungi","floor":27,"turns":4},{"damage":9,"enemies":"Gremlin Leader","floor":30,"turns":5},{"damage":4,"enemies":"Centurion and Healer","floor":31,"turns":4},{"damage":53,"enemies":"conspire:MysteriousRune","floor":33,"turns":6},{"damage":6,"enemies":"Hallownest:3_Siblings","floor":35,"turns":5},{"damage":12,"enemies":"Hallownest:2_Littles","floor":38,"turns":4},{"damage":0,"enemies":"Hallownest:2_Soldiers_and_1_Guardian","floor":39,"turns":4},{"damage":20,"enemies":"Hallownest:eliteCollector","floor":41,"turns":8},{"damage":1,"enemies":"Hallownest:StalkingDevout","floor":45,"turns":7},{"damage":14,"enemies":"Hallownest:Xero_Hu_Marmu","floor":46,"turns":5},{"damage":0,"enemies":"Hallownest:monsterPrimalAspid","floor":48,"turns":2},{"damage":11,"enemies":"Hallownest:Radiance","floor":50,"turns":10},{"damage":21,"enemies":"Shield and Spear","floor":54,"turns":5},{"damage":58,"enemies":"The Heart","floor":55,"turns":6}],"seed_played":"7626246516918991433","potions_obtained":[{"floor":3,"key":"AttackPotion"},{"floor":11,"key":"infinitespire:BlackPotion"},{"floor":14,"key":"Slimebound:ThreeZeroPotion"},{"floor":16,"key":"FearPotion"},{"floor":18,"key":"SteroidPotion"},{"floor":27,"key":"Explosive Potion"},{"floor":33,"key":"ColorlessPotion"},{"floor":38,"key":"Poison Potion"},{"floor":39,"key":"Dexterity Potion"},{"floor":46,"key":"SpeedPotion"},{"floor":54,"key":"Block Potion"}],"is_trial":false,"path_per_floor":["M","?","M","?","M","R","M","?","T","R","M","?","R","M","R","B",null,"M","?","?","T","M","E","R","?","T","M","?","R","E","M","R","B",null,"M","?","$","M","M","R","E","R","T","R","E","M","R","M","R","B",null,"R","$","E","B"],"character_chosen":"THE_SILENT","items_purchased":["halation:PenCase","After Image","RollingBoulder","theSenshi:SailorFukuRelic","ColorlessPotion","ColorlessPotion"],"campfire_rested":6,"item_purchase_floors":[0,0,37,53,53,53],"current_hp_per_floor":[54,62,61,61,59,59,59,59,59,59,59,43,64,54,54,36,62,62,62,62,62,62,34,55,55,55,48,48,69,60,58,58,11,55,55,55,55,49,55,70,52,52,52,70,69,58,58,62,62,59,67,70,70,49,0,0],"gold":152,"neow_bonus":"","is_daily":false,"chose_seed":false,"campfire_upgraded":13,"win_rate":0.0,"timestamp":1613304498,"path_taken":["M","?","M","?","?","R","M","?","T","R","M","?","R","M","R","BOSS","M","?","?","?","M","E","R","?","T","M","?","R","E","?","R","BOSS","M","?","$","M","?","R","E","R","T","R","E","M","R","M","R","BOSS","R","$","E","BOSS"],"items_purchased_type":["Relic","Card","Relic","Relic","Potion","Potion"],"build_version":"2020-12-22","purchased_purges":2,"victory":false,"max_hp_per_floor":[70,70,70,70,70,70,70,70,70,70,70,70,70,70,70,70,70,70,70,70,70,70,70,70,70,70,70,70,70,70,70,70,70,70,70,70,70,70,70,70,70,70,70,70,70,70,70,70,70,70,70,70,70,70,70,70],"card_choices":[{"not_picked":["Acrobatics","Reflex"],"picked":"Blade Dance","floor":1},{"not_picked":["ReplayTheSpireMod:Tripwire","ShadowRift"],"picked":"Blade Dance","floor":3},{"not_picked":["Distraction","Blade Dance","Sucker Punch"],"picked":"SKIP","floor":5},{"not_picked":["Poisoned Stab","Slice","Catalyst"],"picked":"SKIP","floor":7},{"not_picked":["conspire:PoisonWeapons","Outmaneuver"],"picked":"Noxious Fumes","floor":11},{"not_picked":["infinitespire:SevenWalls","infinitespire:Menacing"],"picked":"infinitespire:FinalStrike","floor":12},{"not_picked":["Calculated Gamble","hubris:TrickCloak"],"picked":"Flying Knee","floor":14},{"not_picked":["infinitespire:Neurotoxin","Replay:Bag of Tricks"],"picked":"Adrenaline","floor":16},{"not_picked":["Outmaneuver","Eviscerate","Slice"],"picked":"SKIP","floor":18},{"not_picked":["Underhanded Strike","Prepared","Flying Knee"],"picked":"SKIP","floor":22},{"not_picked":["All Out Attack","Skewer","Flying Knee"],"picked":"SKIP","floor":23},{"not_picked":["hubris:TrickCloak","Dagger Spray","Outmaneuver+1"],"picked":"SKIP","floor":27},{"not_picked":["Well Laid Plans","Replay:Bag of Tricks","Toxin Wave"],"picked":"SKIP","floor":30},{"not_picked":["Dagger Throw","Prepared"],"picked":"Accuracy+1","floor":31},{"not_picked":["Riddle With Holes","Flechettes+1","PiercingWail"],"picked":"SKIP","floor":35},{"not_picked":["Riddle With Holes","Flechettes+1","PiercingWail"],"picked":"SKIP","floor":35},{"not_picked":["Dash","Bane"],"picked":"Fluid Movement+1","floor":38},{"not_picked":["ReplayTheSpireMod:The Works+1","Outmaneuver+1","Endless Agony+1"],"picked":"SKIP","floor":39},{"not_picked":["hubris:SlightOfHand","Well Laid Plans+1","Slice+1"],"picked":"SKIP","floor":41},{"not_picked":["Fluid Movement","Flechettes"],"picked":"Cloak And Dagger","floor":44},{"not_picked":["Slice+1","Prepared+1","All Out Attack"],"picked":"SKIP","floor":45},{"not_picked":["hubris:SlightOfHand+1","Blade Dance"],"picked":"Terror","floor":46},{"not_picked":["hubris:SlightOfHand+1","Terror+1"],"picked":"Burst","floor":48},{"not_picked":["ReplayTheSpireMod:Shiv Toss+1","Poisoned Stab+1"],"picked":"Dodge and Roll+1","floor":54}],"player_experience":75473,"relics_obtained":[{"floor":9,"key":"infinitespire:WardingShard"},{"floor":26,"key":"Dream Catcher"},{"floor":30,"key":"Bird Faced Urn"},{"floor":41,"key":"MealTicket"},{"floor":43,"key":"Rawhide"},{"floor":45,"key":"StoneCalendar"},{"floor":54,"key":"Paper Crane"}],"event_choices":[{"damage_healed":0,"gold_gain":0,"player_choice":"Leave","damage_taken":0,"max_hp_gain":0,"max_hp_loss":0,"event_name":"conspire:Investor","floor":8,"gold_loss":0},{"cards_removed":["Defend_G"],"damage_healed":0,"gold_gain":0,"player_choice":"Gave Gold","damage_taken":0,"max_hp_gain":0,"max_hp_loss":0,"event_name":"Beggar","floor":19,"gold_loss":75},{"damage_healed":0,"gold_gain":0,"player_choice":"Simplicity","damage_taken":0,"max_hp_gain":0,"max_hp_loss":0,"event_name":"Back to Basics","floor":25,"gold_loss":0,"cards_upgraded":["Strike_G","Strike_G","Strike_G","Strike_G","Strike_G","Defend_G","Defend_G","Defend_G"]},{"damage_healed":0,"gold_gain":0,"player_choice":"1 cards matched","damage_taken":0,"max_hp_gain":0,"max_hp_loss":0,"event_name":"Match and Keep!","floor":28,"gold_loss":0,"cards_obtained":["Corpse Explosion"]}],"is_beta":false,"boss_relics":[{"not_picked":["ReplayTheSpireMod:DimensionalGlitch","Abe\u0027s Treasure","conspire:RoyalGoblet"]},{"not_picked":["halation:LoveArrow","hubris:TerracottaHorce"],"picked":"hubris:ScarierMask"}],"items_purged_floors":[0,37],"is_endless":false,"potions_floor_spawned":[3,11,14,16,18,27,33,38,39,46,54],"killed_by":"The Heart","ascension_level":5}}