{"host":"hgkb2zpbo2dcws21","time":1613305874,"event":{"mods":["AchievementEnabler","BaseMod","Colored Map","Colored Powertips","Custom Start","DeckTracker","KOR Keyword Fix","Keyboard Shortcuts","Minty Spire (QoL Compilation)","Relic Stats","StSLib","SuperFastMode"],"gold_per_floor":[109,39,51,69,69,69,104,44,44,44,59,69,98,37,37,114,114,126,126,137,137,149,161,173,173],"floor_reached":24,"language":"KOR","playtime":550,"items_purged":["Pain"],"score":408,"play_id":"81355f6b-9704-4f7e-aad7-015649a213da","local_time":"20210214213114","is_ascension_mode":true,"campfire_choices":[{"data":"Body Slam","floor":6,"key":"SMITH"},{"floor":15,"key":"REST"},{"floor":23,"key":"REST"}],"circlet_count":0,"master_deck":["AscendersBane","Strike_R","Strike_R","Strike_R","Strike_R","Defend_R","Defend_R","Defend_R","Defend_R","Bash","Body Slam+1","Wild Strike","Sentinel","Fire Breathing","Reckless Charge","Dark Embrace","Barricade","Flame Barrier+1"],"relics":["Burning Blood","Ornamental Fan","WarpedTongs","The Courier","Lantern","Self Forming Clay","Velvet Choker","MawBank"],"acts_visited":["Exordium","TheCity"],"potions_floor_usage":[13,13,16,24],"damage_taken":[{"damage":10,"enemies":"2 Louse","floor":1,"turns":4},{"damage":1,"enemies":"Cultist","floor":3,"turns":3},{"damage":14,"enemies":"Jaw Worm","floor":4,"turns":4},{"damage":25,"enemies":"3 Sentries","floor":7,"turns":13},{"damage":31,"enemies":"Gremlin Gang","floor":11,"turns":5},{"damage":2,"enemies":"2 Fungi Beasts","floor":12,"turns":3},{"damage":20,"enemies":"Gremlin Nob","floor":13,"turns":4},{"damage":24,"enemies":"The Guardian","floor":16,"turns":12},{"damage":21,"enemies":"Chosen","floor":18,"turns":4},{"damage":17,"enemies":"3 Byrds","floor":20,"turns":6},{"damage":59,"enemies":"Gremlin Leader","floor":24,"turns":8}],"seed_played":"-6184391663178219427","potions_obtained":[{"floor":11,"key":"FearPotion"},{"floor":12,"key":"SkillPotion"},{"floor":13,"key":"Energy Potion"},{"floor":18,"key":"LiquidMemories"}],"is_trial":false,"path_per_floor":["M","?","M","M","?","R","E","$","T","$","M","M","E","?","R","B",null,"M","?","M","?","?","R","E"],"character_chosen":"IRONCLAD","items_purchased":[],"campfire_rested":2,"item_purchase_floors":[],"current_hp_per_floor":[64,64,69,61,61,61,42,42,42,42,17,21,7,7,29,11,59,44,38,27,27,27,49,0,0],"gold":173,"neow_bonus":"REMOVE_CARD","is_daily":false,"chose_seed":false,"campfire_upgraded":1,"win_rate":0.0,"timestamp":1613305874,"path_taken":["M","?","M","?","?","R","E","$","T","$","M","?","E","?","R","BOSS","M","?","?","?","?","R","E"],"items_purchased_type":[],"build_version":"2020-12-22","purchased_purges":1,"victory":false,"max_hp_per_floor":[75,75,75,75,75,75,75,75,75,75,75,75,75,75,75,75,75,75,75,75,75,75,75,75,75],"relic_stats":{"counters":[11,66],"Ornamental Fan":[48],"Self Forming Clay":[63],"MawBank":36,"obtain_stats":[{"Lantern":9,"Ornamental Fan":2,"Self Forming Clay":13,"Velvet Choker":17,"The Courier":7,"MawBank":21,"Burning Blood":0,"WarpedTongs":5},{"Lantern":4,"Ornamental Fan":1,"Self Forming Clay":7,"Velvet Choker":8,"The Courier":4,"MawBank":10,"Burning Blood":0,"WarpedTongs":3},{"Lantern":24,"Ornamental Fan":4,"Self Forming Clay":36,"Velvet Choker":48,"The Courier":24,"MawBank":58,"Burning Blood":0,"WarpedTongs":11}],"Burning Blood":60,"WarpedTongs":[52]},"card_choices":[{"not_picked":["Anger","Thunderclap"],"picked":"Body Slam","floor":1},{"not_picked":["Clash","Cleave"],"picked":"Wild Strike","floor":3},{"not_picked":["Warcry","Cleave"],"picked":"Sentinel","floor":4},{"not_picked":["Cleave","Clothesline"],"picked":"Fire Breathing","floor":7},{"not_picked":["Iron Wave","Fire Breathing"],"picked":"Reckless Charge","floor":11},{"not_picked":["Clothesline","Headbutt","Body Slam"],"picked":"SKIP","floor":12},{"not_picked":["Iron Wave","Juggernaut"],"picked":"Dark Embrace","floor":13},{"not_picked":["Limit Break","Offering"],"picked":"Barricade","floor":16},{"not_picked":["Pommel Strike","Twin Strike+1","Rampage"],"picked":"SKIP","floor":18},{"not_picked":["Seeing Red","Anger"],"picked":"Flame Barrier+1","floor":20}],"player_experience":1143778,"relics_obtained":[{"floor":7,"key":"The Courier"},{"floor":9,"key":"Lantern"},{"floor":13,"key":"Self Forming Clay"}],"event_choices":[{"damage_healed":0,"gold_gain":0,"player_choice":"Paid Gold","damage_taken":0,"relics_obtained":["Ornamental Fan"],"max_hp_gain":0,"max_hp_loss":0,"event_name":"WeMeetAgain","floor":2,"gold_loss":70},{"damage_healed":0,"gold_gain":0,"player_choice":"Rummage","damage_taken":0,"relics_obtained":["WarpedTongs"],"max_hp_gain":0,"max_hp_loss":0,"event_name":"Accursed Blacksmith","floor":5,"gold_loss":0,"cards_obtained":["Pain"]},{"damage_healed":0,"gold_gain":0,"player_choice":"Left Gold","damage_taken":0,"max_hp_gain":0,"max_hp_loss":0,"event_name":"World of Goop","floor":14,"gold_loss":61},{"damage_healed":0,"gold_gain":0,"player_choice":"","damage_taken":6,"max_hp_gain":0,"max_hp_loss":0,"event_name":"Knowing Skull","floor":19,"potions_obtained":[],"gold_loss":0,"cards_obtained":[]},{"damage_healed":0,"gold_gain":0,"player_choice":"Opened","damage_taken":0,"relics_obtained":["MawBank"],"max_hp_gain":0,"max_hp_loss":0,"event_name":"The Mausoleum","floor":21,"gold_loss":0,"cards_obtained":["Writhe"]},{"cards_removed":["Writhe"],"damage_healed":0,"gold_gain":0,"player_choice":"Elegance","damage_taken":0,"max_hp_gain":0,"max_hp_loss":0,"event_name":"Back to Basics","floor":22,"gold_loss":0}],"is_beta":false,"boss_relics":[{"not_picked":["Runic Cube","Astrolabe"],"picked":"Velvet Choker"}],"items_purged_floors":[8],"is_endless":false,"potions_floor_spawned":[11,12,13,18],"killed_by":"Gremlin Leader","ascension_level":20}}