{"host":"9n6i2vl93jt4o42q","time":1613338812,"event":{"mods":["BaseMod","Minty Spire (QoL Compilation)","Relic Stats"],"gold_per_floor":[114,130,141,156,175,175,210,226,279,279,294,294,305,66,66,144,144,154,168,68,83,83,83],"floor_reached":22,"language":"ENG","playtime":4530,"items_purged":["Strike_G","Strike_G"],"score":384,"play_id":"d2a32701-d2a9-4904-889f-aba8bc0d537d","local_time":"20210214224012","is_ascension_mode":true,"campfire_choices":[{"data":"Terror","floor":6.0,"key":"SMITH"},{"floor":10.0,"key":"REST"},{"data":"Sucker Punch","floor":12.0,"key":"SMITH"},{"data":"Accuracy","floor":15,"key":"SMITH"}],"circlet_count":0,"master_deck":["AscendersBane","Defend_G","Defend_G","Defend_G","Defend_G","Defend_G","Survivor","Neutralize","Blade Dance","Blade Dance","Sucker Punch+1","Poisoned Stab","Accuracy+1","Terror+1","All Out Attack","Footwork","After Image","Envenom+1","Storm of Steel+1","Noxious Fumes+1","Deadly Poison+1","Blade Dance"],"relics":["Ring of the Snake","Mango","Toy Ornithopter","Sling","Astrolabe"],"acts_visited":["Exordium","TheCity"],"potions_floor_usage":[18,18,18,21],"damage_taken":[{"damage":1.0,"enemies":"Cultist","floor":1.0,"turns":4.0},{"damage":4.0,"enemies":"2 Louse","floor":2.0,"turns":4.0},{"damage":0.0,"enemies":"Small Slimes","floor":3.0,"turns":2.0},{"damage":4.0,"enemies":"Blue Slaver","floor":4.0,"turns":3.0},{"damage":6.0,"enemies":"2 Fungi Beasts","floor":5.0,"turns":4.0},{"damage":30.0,"enemies":"Gremlin Nob","floor":7.0,"turns":4.0},{"damage":12.0,"enemies":"Exordium Wildlife","floor":8.0,"turns":4.0},{"damage":0.0,"enemies":"3 Louse","floor":11.0,"turns":2.0},{"damage":1.0,"enemies":"Looter","floor":13.0,"turns":3.0},{"damage":23,"enemies":"Hexaghost","floor":16,"turns":8},{"damage":24,"enemies":"Chosen","floor":18,"turns":5},{"damage":35,"enemies":"3 Byrds","floor":19,"turns":6},{"damage":17,"enemies":"Sentry and Sphere","floor":21,"turns":5},{"damage":8,"enemies":"3 Cultists","floor":22,"turns":2}],"seed_played":"2853844515030444599","potions_obtained":[{"floor":2.0,"key":"Ancient Potion"},{"floor":4.0,"key":"EssenceOfSteel"},{"floor":5.0,"key":"EntropicBrew"},{"floor":11.0,"key":"PowerPotion"}],"is_trial":false,"path_per_floor":["M","M","M","M","M","R","E","M","T","R","M","R","M","$","R","B",null,"M","M","$","M","M"],"character_chosen":"THE_SILENT","items_purchased":["Sling"],"campfire_rested":1,"item_purchase_floors":[14],"current_hp_per_floor":[58,54,54,50,44,44,28,16,16,40,40,40,39,39,39,16,64,55,20,20,8,0,0],"gold":83,"neow_bonus":"THREE_CARDS","is_daily":false,"chose_seed":false,"campfire_upgraded":3,"win_rate":0.0,"timestamp":1613338812,"path_taken":["M","M","M","?","M","R","E","M","T","R","M","R","M","$","R","BOSS","M","M","?","M","M"],"items_purchased_type":["Relic"],"build_version":"2020-12-22","purchased_purges":2,"victory":false,"max_hp_per_floor":[66,66,66,66,66,66,80,80,80,80,80,80,80,80,80,80,80,80,80,80,80,80,80],"relic_stats":{"counters":[14,56],"Astrolabe":["Envenom","Storm of Steel","Noxious Fumes"],"obtain_stats":[{"Astrolabe":17,"Mango":7,"Sling":14,"Toy Ornithopter":9,"Ring of the Snake":0},{"Astrolabe":10,"Mango":6,"Sling":9,"Toy Ornithopter":7,"Ring of the Snake":0},{"Astrolabe":38,"Mango":21,"Sling":30,"Toy Ornithopter":25,"Ring of the Snake":0}],"Toy Ornithopter":20,"Ring of the Snake":[28]},"card_choices":[{"not_picked":["PiercingWail","Dagger Throw"],"picked":"Blade Dance","floor":0.0},{"not_picked":["Deadly Poison","Riddle With Holes"],"picked":"Blade Dance","floor":1.0},{"not_picked":["Dagger Throw","Outmaneuver"],"picked":"Sucker Punch","floor":2.0},{"not_picked":["Tactician","Backflip"],"picked":"Poisoned Stab","floor":3.0},{"not_picked":["Dagger Throw","Dodge and Roll"],"picked":"Accuracy","floor":4.0},{"not_picked":["Escape Plan","Glass Knife"],"picked":"Terror","floor":5.0},{"not_picked":["Skewer","Riddle With Holes"],"picked":"All Out Attack","floor":7.0},{"not_picked":["Dagger Spray","Deadly Poison","Acrobatics"],"picked":"SKIP","floor":8.0},{"not_picked":["Storm of Steel","Slice","Sucker Punch"],"picked":"SKIP","floor":11.0},{"not_picked":["Dagger Throw","Bane"],"picked":"Footwork","floor":13.0},{"not_picked":["Malaise","Phantasmal Killer"],"picked":"After Image","floor":16},{"not_picked":["Reflex","Predator"],"picked":"Deadly Poison+1","floor":18},{"not_picked":["Setup","Dagger Throw"],"picked":"Blade Dance","floor":19},{"not_picked":["Well Laid Plans","Noxious Fumes","Blade Dance"],"picked":"SKIP","floor":21}],"player_experience":2565924,"relics_obtained":[{"floor":7.0,"key":"Mango"},{"floor":9.0,"key":"Toy Ornithopter"}],"event_choices":[],"is_beta":false,"boss_relics":[{"not_picked":["Ring of the Serpent","Pandora\u0027s Box"],"picked":"Astrolabe"}],"items_purged_floors":[14,20],"is_endless":false,"potions_floor_spawned":[2,4,5,11],"killed_by":"3 Cultists","ascension_level":20}}