{"host":"r0h3ysx70cq9cujv","time":1613318483,"event":{"mods":["Act Like it!","Aspiration","BaseMod","Minty Spire (QoL Compilation)","Pale of the Ancients","Red Circlet Mod","Reliquary","Replay The Spire","RumiaBox-露米娅的神秘盒子","StSLib","【功能Mod】混沌之环修复补丁"],"gold_per_floor":[110,110,130,130,186,219,118,118,118],"floor_reached":8,"language":"ZHS","playtime":250,"items_purged":["Delirium"],"score":56,"play_id":"3f3b555c-3bb5-42d9-8fb2-e6e4b7b8b6f9","local_time":"20210215000123","is_ascension_mode":false,"campfire_choices":[],"circlet_count":0,"master_deck":["Strike_R","Strike_R","Strike_R","Strike_R","Strike_R","Defend_R","Defend_R","Defend_R","Defend_R","Bash","Run Through","Injury","Clash+1","Thunderclap+1","Pommel Strike+1"],"relics":["Burning Blood","NeowsBlessing","Molten Egg 2","ReplayTheSpireMod:Ring of Challenge","Ring of Fury","reliquary:QuartzCube"],"acts_visited":["Exordium"],"potions_floor_usage":[],"damage_taken":[{"damage":0,"enemies":"Small Slimes","floor":1,"turns":1},{"damage":0,"enemies":"Jaw Worm","floor":3,"turns":1},{"damage":0,"enemies":"Cultist","floor":5,"turns":1},{"damage":58,"enemies":"Lagavulin","floor":6,"turns":7},{"damage":28,"enemies":"3 Sentries","floor":8,"turns":4}],"seed_played":"2483751570308384541","potions_obtained":[{"floor":3,"key":"Cursed Concoction"},{"floor":6,"key":"FearPotion"}],"is_trial":false,"path_per_floor":["M","?","M","?","M","E","$","E"],"character_chosen":"IRONCLAD","items_purchased":["Pommel Strike+1"],"campfire_rested":0,"item_purchase_floors":[7],"current_hp_per_floor":[80,80,80,80,80,28,28,0,0],"gold":118,"neow_bonus":"THREE_ENEMY_KILL","is_daily":false,"chose_seed":false,"campfire_upgraded":0,"win_rate":0.0,"timestamp":1613318483,"path_taken":["M","?","M","?","M","E","?","E"],"items_purchased_type":["Card"],"build_version":"2020-12-22","purchased_purges":1,"victory":false,"max_hp_per_floor":[80,80,80,80,80,80,80,80,80],"card_choices":[{"not_picked":["Headbutt","Anger"],"picked":"Run Through","floor":1},{"not_picked":["Perfected Strike+1","Headbutt+1"],"picked":"Clash+1","floor":3},{"not_picked":["Shrug It Off","Warcry"],"picked":"Thunderclap+1","floor":5},{"not_picked":["Demonic Infusion","Intimidate","Rupture"],"picked":"SKIP","floor":6}],"player_experience":1282,"relics_obtained":[{"floor":4,"key":"ReplayTheSpireMod:Ring of Challenge"},{"floor":4,"key":"Ring of Fury"},{"floor":6,"key":"reliquary:QuartzCube"}],"event_choices":[],"is_beta":false,"boss_relics":[],"items_purged_floors":[7],"is_endless":false,"potions_floor_spawned":[3,6],"killed_by":"3 Sentries","ascension_level":0}}