{"host":"dlyy4wv9zatha4f7","time":1613318047,"event":{"mods":["BaseMod","Better Third Choice","Colored Map","GifTheSpireLib","Minty Spire (QoL Compilation)","Spicy Shops","StSLib","Stuff the Spire","SuperFastMode","Unceasing Turn Reminder"],"gold_per_floor":[115,125,144,2,74,74,88,118,144,175,175,195,217,248,248,352,352,362,362,382,382,53,53,82,82,128,144,156,256,290,290,290,395,395,408,408,458,55,70,70,100,117,117,117,33,84,84,116,116,116],"floor_reached":51,"language":"ENG","playtime":1527,"items_purged":["Strike_R","Strike_R+1"],"score":1210,"play_id":"c4f804bc-c447-4960-8ee8-e79eead4fb7b","local_time":"20210214175407","is_ascension_mode":true,"campfire_choices":[{"data":"Whirlwind","floor":6.0,"key":"SMITH"},{"data":"Inflame","floor":15.0,"key":"SMITH"},{"data":"Double Tap","floor":23,"key":"SMITH"},{"data":"Uppercut","floor":25,"key":"SMITH"},{"data":"Heavy Blade","floor":32,"key":"SMITH"},{"data":"StuffTheSpire:PestControl","floor":40,"key":"SMITH"},{"data":"Offering","floor":44,"key":"SMITH"},{"data":"Strike_R+1","floor":49,"key":"PURGE"}],"circlet_count":0,"master_deck":["Strike_R+1","Strike_R+1","Defend_R+1","Defend_R+1","Defend_R+1","Bash","Inflame+1","Whirlwind+1","StuffTheSpire:Slingshot","Uppercut+1","Thunderclap","Sword Boomerang","Pummel","Double Tap+1","Wild Strike+1","Heavy Blade+1","Flame Barrier","Pommel Strike+1","StuffTheSpire:PestControl+1","Offering+1","Heavy Blade+1","Shockwave","Flash of Steel"],"relics":["Burning Blood","Akabeko","StuffTheSpire:GrapeVine","Lantern","Bag of Marbles","Odd Mushroom","Dream Catcher","Runic Dome","Bottled Flame","OrangePellets","Regal Pillow","StuffTheSpire:Gunfinga","Turnip","Pear","Oddly Smooth Stone","Busted Crown","Du-Vu Doll","Chemical X","Nunchaku","Mercury Hourglass","StuffTheSpire:EmeraldSignet","Peace Pipe","StuffTheSpire:Tea","Paper Frog"],"acts_visited":["Exordium","TheCity","TheBeyond"],"potions_floor_usage":[33,50,50,50],"damage_taken":[{"damage":1.0,"enemies":"Cultist","floor":1.0,"turns":3.0},{"damage":8.0,"enemies":"2 Louse","floor":2.0,"turns":3.0},{"damage":0.0,"enemies":"Small Slimes","floor":3.0,"turns":3.0},{"damage":5.0,"enemies":"3 Louse","floor":7.0,"turns":3.0},{"damage":25.0,"enemies":"Gremlin Nob","floor":8.0,"turns":4.0},{"damage":15.0,"enemies":"Lagavulin","floor":10.0,"turns":5.0},{"damage":0.0,"enemies":"Looter","floor":12.0,"turns":1.0},{"damage":0.0,"enemies":"The Mushroom Lair","floor":13.0,"turns":2.0},{"damage":0.0,"enemies":"3 Sentries","floor":14.0,"turns":1.0},{"damage":35.0,"enemies":"Hexaghost","floor":16.0,"turns":6.0},{"damage":6.0,"enemies":"3 Byrds","floor":18.0,"turns":4.0},{"damage":0.0,"enemies":"2 Thieves","floor":20.0,"turns":1.0},{"damage":14,"enemies":"Book of Stabbing","floor":24,"turns":2},{"damage":0,"enemies":"Snake Plant","floor":27,"turns":1},{"damage":0,"enemies":"Snecko","floor":28,"turns":1},{"damage":0,"enemies":"Colosseum Slavers","floor":29,"turns":1},{"damage":0,"enemies":"Colosseum Nobs","floor":29,"turns":1},{"damage":0,"enemies":"Slavers","floor":30,"turns":1},{"damage":29,"enemies":"Collector","floor":33,"turns":3},{"damage":0,"enemies":"3 Shapes","floor":35,"turns":1},{"damage":0,"enemies":"Mind Bloom Boss Battle","floor":37,"turns":1},{"damage":0,"enemies":"3 Darklings","floor":39,"turns":1},{"damage":0,"enemies":"Reptomancer","floor":41,"turns":1},{"damage":0,"enemies":"Maw","floor":42,"turns":3},{"damage":0,"enemies":"2 Orb Walkers","floor":46,"turns":1},{"damage":0,"enemies":"Giant Head","floor":48,"turns":4},{"damage":0,"enemies":"Donu and Deca","floor":50,"turns":1}],"seed_played":"-5454187350826133478","potions_obtained":[{"floor":0.0,"key":"Explosive Potion"},{"floor":0.0,"key":"FearPotion"},{"floor":0.0,"key":"Swift Potion"},{"floor":8.0,"key":"FearPotion"},{"floor":14.0,"key":"Strength Potion"},{"floor":20.0,"key":"Strength Potion"},{"floor":24,"key":"Energy Potion"},{"floor":28,"key":"FearPotion"},{"floor":33,"key":"SpeedPotion"},{"floor":39,"key":"PowerPotion"}],"is_trial":false,"path_per_floor":["M","M","M","$","?","R","M","E","T","E","?","M","?","E","R","B",null,"M","?","M","?","$","R","E","R","T","M","M","?","E","?","R","B",null,"M","?","?","$","M","R","E","M","T","R","$","?","T","E","R","B",null],"character_chosen":"IRONCLAD","items_purchased":["Uppercut","Bottled Flame","OrangePellets","Chemical X","Nunchaku","Flash of Steel"],"campfire_rested":0,"item_purchase_floors":[4,22,22,38,38,45],"current_hp_per_floor":[77,75,80,80,80,80,80,61,61,52,49,55,61,67,67,38,70,70,70,76,76,76,76,68,68,68,74,80,90,90,70,70,47,79,85,85,90,90,90,90,90,90,90,90,90,90,90,90,90,90],"gold":116,"neow_bonus":"THREE_SMALL_POTIONS","is_daily":false,"chose_seed":false,"campfire_upgraded":7,"win_rate":0.0,"timestamp":1613318047,"path_taken":["M","M","?","$","?","R","M","E","T","E","?","M","?","E","R","BOSS","M","?","M","?","$","R","E","R","T","M","M","?","E","?","R","BOSS","M","?","?","$","?","R","E","M","T","R","$","?","?","E","R","BOSS"],"items_purchased_type":["Card","Relic","Relic","Relic","Relic","Card"],"build_version":"2020-12-22","purchased_purges":2,"victory":true,"max_hp_per_floor":[80,80,80,80,80,80,80,80,80,80,80,80,80,80,80,80,80,80,80,80,80,80,80,80,80,80,80,80,90,90,90,90,90,90,90,90,90,90,90,90,90,90,90,90,90,90,90,90,90,90],"card_choices":[{"not_picked":["Pummel","Wild Strike"],"picked":"Inflame","floor":1.0},{"not_picked":["Double Tap","Hemokinesis"],"picked":"Whirlwind","floor":2.0},{"not_picked":["Cleave","Clash"],"picked":"StuffTheSpire:Slingshot","floor":3.0},{"not_picked":["Flex","Armaments"],"picked":"Thunderclap","floor":7.0},{"not_picked":["Intimidate","Burning Pact"],"picked":"Sword Boomerang","floor":8.0},{"not_picked":["Rampage","Havoc","True Grit"],"picked":"SKIP","floor":10.0},{"not_picked":["StuffTheSpire:Slingshot","Iron Wave","Thunderclap"],"picked":"SKIP","floor":12.0},{"not_picked":["Fiend Fire","Thunderclap"],"picked":"Pummel","floor":13.0},{"not_picked":["Uppercut","Thunderclap","Clash"],"picked":"SKIP","floor":14.0},{"not_picked":["Fiend Fire","Limit Break"],"picked":"Double Tap","floor":16.0},{"not_picked":["Body Slam","Pommel Strike","Rage"],"picked":"SKIP","floor":18.0},{"not_picked":["Iron Wave","StuffTheSpire:BloodClot","Pommel Strike"],"picked":"SKIP","floor":20.0},{"not_picked":["Bludgeon","Bloodletting"],"picked":"Wild Strike+1","floor":24},{"not_picked":["StuffTheSpire:Incineration","Anger"],"picked":"Heavy Blade","floor":27},{"not_picked":["Sword Boomerang","Rage","Headbutt"],"picked":"SKIP","floor":28},{"not_picked":["Carnage","Wild Strike+1"],"picked":"Flame Barrier","floor":29},{"not_picked":["Demon Form","Feel No Pain+1"],"picked":"Pommel Strike+1","floor":30},{"not_picked":["StuffTheSpire:TitanForm","Fiend Fire"],"picked":"Offering","floor":33},{"not_picked":["True Grit"],"picked":"SKIP","floor":35},{"not_picked":[],"picked":"Heavy Blade+1","floor":37},{"not_picked":["StuffTheSpire:Slingshot"],"picked":"SKIP","floor":39},{"not_picked":[],"picked":"Shockwave","floor":41},{"not_picked":["Shrug It Off"],"picked":"SKIP","floor":42},{"not_picked":["Clash"],"picked":"SKIP","floor":48}],"player_experience":2284020,"relics_obtained":[{"floor":8.0,"key":"Akabeko"},{"floor":9.0,"key":"StuffTheSpire:GrapeVine"},{"floor":10.0,"key":"Lantern"},{"floor":13.0,"key":"Odd Mushroom"},{"floor":14.0,"key":"Dream Catcher"},{"floor":24,"key":"Regal Pillow"},{"floor":26,"key":"StuffTheSpire:Gunfinga"},{"floor":29,"key":"Turnip"},{"floor":29,"key":"Pear"},{"floor":30,"key":"Oddly Smooth Stone"},{"floor":37,"key":"Du-Vu Doll"},{"floor":41,"key":"Mercury Hourglass"},{"floor":43,"key":"StuffTheSpire:EmeraldSignet"},{"floor":46,"key":"Peace Pipe"},{"floor":47,"key":"StuffTheSpire:Tea"},{"floor":48,"key":"Paper Frog"}],"event_choices":[{"damage_healed":0.0,"max_hp_gain":0.0,"max_hp_loss":0.0,"gold_gain":72.0,"event_name":"Golden Wing","player_choice":"Gained Gold","floor":5.0,"gold_loss":0.0,"damage_taken":0.0},{"damage_healed":0.0,"max_hp_gain":0.0,"max_hp_loss":0.0,"gold_gain":0.0,"event_name":"betterThird:BetterScrap","player_choice":"Relic ","floor":11.0,"gold_loss":0.0,"damage_taken":3.0,"cards_obtained":["StuffTheSpire:CleanHardDrive"]},{"damage_healed":0.0,"max_hp_gain":0.0,"max_hp_loss":0.0,"gold_gain":0.0,"event_name":"Mushrooms","player_choice":"Fought Mushrooms","floor":13.0,"gold_loss":0.0,"damage_taken":0.0},{"damage_healed":0.0,"max_hp_gain":0.0,"max_hp_loss":8.0,"gold_gain":0.0,"event_name":"betterThird:BetterWriting","player_choice":"Simplicity","floor":21.0,"gold_loss":0.0,"damage_taken":0.0},{"damage_healed":0,"gold_gain":0,"player_choice":"Fight","damage_taken":0,"max_hp_gain":0,"max_hp_loss":0,"event_name":"Colosseum","floor":29,"gold_loss":0},{"damage_healed":0,"gold_gain":0,"player_choice":"Fought Nobs","damage_taken":0,"max_hp_gain":0,"max_hp_loss":0,"event_name":"Colosseum","floor":29,"gold_loss":0},{"cards_removed":["Defend_R"],"damage_healed":0,"gold_gain":0,"player_choice":"Removed Skill","damage_taken":0,"max_hp_gain":0,"max_hp_loss":0,"event_name":"Falling","floor":36,"gold_loss":0},{"damage_healed":0,"gold_gain":0,"player_choice":"Fight","damage_taken":0,"max_hp_gain":0,"max_hp_loss":0,"event_name":"MindBloom","floor":37,"gold_loss":0},{"damage_healed":0,"gold_gain":0,"player_choice":"Fight","damage_taken":0,"max_hp_gain":0,"max_hp_loss":0,"event_name":"Mysterious Sphere","floor":46,"gold_loss":0}],"is_beta":false,"boss_relics":[{"not_picked":["Pandora\u0027s Box","StuffTheSpire:RunicHypercube"],"picked":"Runic Dome"},{"not_picked":["SacredBark","Cursed Key"],"picked":"Busted Crown"}],"items_purged_floors":[4,38],"is_endless":false,"potions_floor_spawned":[1,2,8,14,20,24,28,33,37,39,42,46],"ascension_level":7}}