{"host":"3xramekeme16g407","time":1613345592,"event":{"mods":["2.2 Compatiblity","AchievementEnabler","BaseMod","Bestiary","Minty Spire (QoL Compilation)","Relic Stats","StSLib"],"gold_per_floor":[115,134,150,160,160,187,187,198,198,224,224,153,153,153,153,251,251,268,268,268,288,288,288,288,288,288,288,288],"floor_reached":27,"language":"ENG","playtime":60966,"items_purged":[],"score":269,"play_id":"b3e5b234-fb8a-4142-b711-c9aa4a74f2ab","local_time":"20210214153312","is_ascension_mode":false,"campfire_choices":[{"floor":7,"key":"REST"},{"floor":11,"key":"REST"},{"floor":13,"key":"REST"},{"floor":15,"key":"REST"},{"floor":23,"key":"REST"},{"floor":25,"key":"REST"}],"circlet_count":0,"master_deck":["Strike_P","Strike_P","Strike_P","Defend_P","Defend_P","Defend_P+1","Defend_P+1","Eruption","Vigilance","CarveReality","DeceiveReality","WreathOfFlame","FollowUp","Devotion","Study","MasterReality","Perseverance","Establishment","WheelKick"],"relics":["PureWater","Shuriken","Pen Nib","Tiny Chest","Philosopher\u0027s Stone","MutagenicStrength","Orichalcum","Yang"],"acts_visited":["TheCity"],"potions_floor_usage":[6,18,21,21],"damage_taken":[{"damage":1.0,"enemies":"Jaw Worm","floor":1.0,"turns":3.0},{"damage":0.0,"enemies":"Small Slimes","floor":2.0,"turns":3.0},{"damage":0,"enemies":"Cultist","floor":3,"turns":2},{"damage":21,"enemies":"Large Slime","floor":4,"turns":6},{"damage":31,"enemies":"Lagavulin","floor":6,"turns":5},{"damage":20,"enemies":"Exordium Thugs","floor":8,"turns":3},{"damage":3,"enemies":"Gremlin Nob","floor":10,"turns":3},{"damage":0,"enemies":"Slime Boss","floor":16,"turns":7},{"damage":40,"enemies":"Spheric Guardian","floor":18,"turns":4},{"damage":25,"enemies":"3 Byrds","floor":21,"turns":6},{"damage":53,"enemies":"Slavers","floor":27,"turns":3}],"seed_played":"-6804747291761790439","potions_obtained":[{"floor":4,"key":"PowerPotion"},{"floor":10,"key":"SkillPotion"},{"floor":16,"key":"EssenceOfSteel"},{"floor":18,"key":"SteroidPotion"}],"is_trial":false,"path_per_floor":["M","M","M","M","?","E","R","M","T","E","R","$","R","?","R","B",null,"M","?","?","M","$","R","T","R","T","E"],"character_chosen":"WATCHER","items_purchased":["Perseverance"],"campfire_rested":6,"item_purchase_floors":[12],"current_hp_per_floor":[71,71,71,50,36,5,26,6,6,3,24,24,45,45,66,66,72,32,32,32,7,7,28,28,49,49,0,0],"gold":288,"neow_bonus":"THREE_CARDS","is_daily":false,"chose_seed":false,"campfire_upgraded":0,"win_rate":0.0,"timestamp":1613345592,"path_taken":["M","M","M","M","?","E","R","M","T","E","R","$","R","?","R","BOSS","M","?","?","M","$","R","?","R","T","E"],"items_purchased_type":["Card"],"build_version":"2020-12-22","purchased_purges":0,"victory":false,"max_hp_per_floor":[72,72,72,72,72,72,72,72,72,72,72,72,72,72,72,72,72,72,72,72,72,72,72,72,72,72,72,72],"relic_stats":{"counters":[9,39],"Shuriken":[7],"Tiny Chest":1,"Yang":[1],"Pen Nib":[3],"Orichalcum":[0],"obtain_stats":[{"Shuriken":6,"MutagenicStrength":19,"Tiny Chest":10,"Philosopher\u0027s Stone":17,"Yang":26,"Pen Nib":9,"PureWater":0,"Orichalcum":24},{"Shuriken":3,"MutagenicStrength":7,"Tiny Chest":5,"Philosopher\u0027s Stone":6,"Yang":8,"Pen Nib":4,"PureWater":0,"Orichalcum":8},{"Shuriken":13,"MutagenicStrength":30,"Tiny Chest":19,"Philosopher\u0027s Stone":26,"Yang":36,"Pen Nib":16,"PureWater":0,"Orichalcum":36}]},"card_choices":[{"not_picked":["Study","FlyingSleeves"],"picked":"CarveReality","floor":0.0},{"not_picked":["EmptyFist","FlyingSleeves"],"picked":"DeceiveReality","floor":1.0},{"not_picked":["FlyingSleeves","ClearTheMind"],"picked":"WreathOfFlame","floor":2.0},{"not_picked":["ThirdEye","ReachHeaven"],"picked":"FollowUp","floor":3},{"not_picked":["FlyingSleeves","JustLucky","CrushJoints"],"picked":"SKIP","floor":4},{"not_picked":["Fasting2","Pray"],"picked":"Devotion","floor":6},{"not_picked":["Crescendo","Consecrate"],"picked":"Study","floor":8},{"not_picked":["EmptyFist","CrushJoints"],"picked":"MasterReality","floor":10},{"not_picked":["Judgement","Omniscience"],"picked":"Establishment","floor":16},{"not_picked":["JustLucky","FollowUp"],"picked":"WheelKick","floor":18},{"not_picked":["PathToVictory","FollowUp","FlyingSleeves"],"picked":"SKIP","floor":21}],"player_experience":488152,"relics_obtained":[{"floor":6,"key":"Shuriken"},{"floor":9,"key":"Pen Nib"},{"floor":10,"key":"Tiny Chest"},{"floor":24,"key":"Orichalcum"},{"floor":26,"key":"Yang"}],"event_choices":[{"damage_healed":0,"gold_gain":0,"player_choice":"Entered Light","damage_taken":14,"max_hp_gain":0,"max_hp_loss":0,"event_name":"Shining Light","floor":5,"gold_loss":0,"cards_upgraded":["Defend_P","Defend_P"]},{"damage_healed":0,"gold_gain":0,"player_choice":"Ignored","damage_taken":0,"max_hp_gain":0,"max_hp_loss":0,"event_name":"Liars Game","floor":14,"gold_loss":0},{"damage_healed":0,"gold_gain":0,"player_choice":"Inject Mutagens","damage_taken":0,"relics_obtained":["MutagenicStrength"],"max_hp_gain":0,"max_hp_loss":0,"event_name":"Drug Dealer","floor":19,"gold_loss":0},{"cards_removed":["Strike_P"],"damage_healed":0,"gold_gain":0,"player_choice":"Elegance","damage_taken":0,"max_hp_gain":0,"max_hp_loss":0,"event_name":"Back to Basics","floor":20,"gold_loss":0}],"is_beta":false,"boss_relics":[{"not_picked":["Runic Dome","Ectoplasm"],"picked":"Philosopher\u0027s Stone"}],"items_purged_floors":[],"is_endless":false,"potions_floor_spawned":[4,10,16,18],"killed_by":"Slavers","ascension_level":0}}