{"host":"b5jaqh8y266k2cz4","time":1613280307,"event":{"mods":["AchievementEnabler","Aspiration","BaseMod","Colored Powertips","Conspire","Dio Mod","Downfall","Googly Eyes","Hermit","Highlight Path","Hubris","Infinite Spire","MarisaÅiñ∂âJÅ@ñÇóùçπÅj","Mimic Mod","Minty Spire (QoL Compilation)","Quick Restart","Replay The Spire","Spikes Relics","StSLib","Synergy Search","Td1madao Mod","The Animator","The Cursed","The Jungle","The Necromancer","The Servant 0.9.4","The Wild Card","slay the spire mod where everything is the same but ironclad has a cowboy hat"],"gold_per_floor":[117,127,127,147,45,45,70,70,93,120,133,133,19,19,19,123,123,137,156,174,212,212,212,239,239,239,253,265,265,299,317,317,464,464,478,478,488,236,236,236],"floor_reached":39,"language":"ENG","playtime":1925,"items_purged":["theWildCard:BasicStrike","theWildCard:BasicStrike"],"score":705,"play_id":"490840b1-5fde-4739-83e7-0d2f3336a1da","local_time":"20210214002507","is_ascension_mode":true,"campfire_choices":[{"data":"theWildCard:Patience","floor":6,"key":"SMITH"},{"data":"theWildCard:SeveringSlash","floor":8,"key":"SMITH"},{"floor":12,"key":"REST"},{"floor":15,"key":"REST"},{"floor":23,"key":"REST"},{"data":"theWildCard:Attunement","floor":25,"key":"SMITH"},{"data":"theWildCard:Attunement","floor":29,"key":"SMITH"},{"data":"theWildCard:Abstinence","floor":32,"key":"SMITH"}],"circlet_count":0,"master_deck":["theWildCard:BasicStrike","theWildCard:BasicStrike","theWildCard:BasicDefend","theWildCard:BasicDefend","theWildCard:BasicDefend","theWildCard:BasicDefend","theWildCard:Arsene+1","theWildCard:SeveringSlash+1","theWildCard:Patience+1","theWildCard:Attunement+1","theWildCard:SeveringSlash","theWildCard:Attunement+1","theWildCard:MagicalMight","theWildCard:Abstinence+1","theWildCard:ArcaneArts","theWildCard:MagicMettle","theWildCard:SeveringSlash+1","theWildCard:MagicalMight+1","theWildCard:Attunement+1","theWildCard:SeveringSlash+1","theWildCard:SeveringSlash+1","theWildCard:ArcanaArtistry+1","theWildCard:PowerOfTheArcana"],"relics":["theWildCard:VelvetContract","NeowsBlessing","Replay:Bottled Flurry","Mango","hubris:Backtick","Replay:Bottled Steam","Regal Pillow","Black Star","hubris:MobiusCoin","BicycleWheel","Girya","Du-Vu Doll","infinitespire:Satchel","Empty Cage","Omamori"],"acts_visited":["Exordium","theJungle:Jungle","TheBeyond"],"potions_floor_usage":[7,20,28,28,33,35],"damage_taken":[{"damage":0,"enemies":"2 Louse","floor":1,"turns":1},{"damage":0,"enemies":"Cultist","floor":2,"turns":1},{"damage":0,"enemies":"Small Slimes","floor":4,"turns":1},{"damage":29,"enemies":"3 Sentries","floor":7,"turns":10},{"damage":29,"enemies":"Gremlin Nob","floor":10,"turns":6},{"damage":0,"enemies":"Blue Slaver","floor":11,"turns":5},{"damage":20,"enemies":"Fading Forest","floor":16,"turns":11},{"damage":3,"enemies":"theJungle:MUSHROOMGANG","floor":18,"turns":7},{"damage":0,"enemies":"Shell Parasite","floor":19,"turns":6},{"damage":25,"enemies":"theJungle:2_Snecko_Cultists","floor":20,"turns":6},{"damage":10,"enemies":"theJungle:Cassacara","floor":24,"turns":11},{"damage":7,"enemies":"theJungle:SlimyTreeVines","floor":27,"turns":7},{"damage":0,"enemies":"theJungle:Snecko_Cultist_And_Trap","floor":28,"turns":6},{"damage":0,"enemies":"theJungle:MamaSnecko","floor":30,"turns":10},{"damage":2,"enemies":"Snake Plant","floor":31,"turns":4},{"damage":0,"enemies":"theJungle:TotemBoss","floor":33,"turns":8},{"damage":42,"enemies":"3 Darklings","floor":35,"turns":9},{"damage":4,"enemies":"3 Shapes","floor":37,"turns":7},{"damage":29,"enemies":"infinitespire:Three Voidlings","floor":39,"turns":2}],"seed_played":"-5732208940107224925","potions_obtained":[{"floor":1,"key":"Regen Potion"},{"floor":2,"key":"Elixir"},{"floor":10,"key":"Languid Potion"},{"floor":11,"key":"GamblersBrew"},{"floor":18,"key":"SpeedPotion"},{"floor":19,"key":"ColorlessPotion"},{"floor":21,"key":"SteroidPotion"},{"floor":27,"key":"SteroidPotion"},{"floor":30,"key":"Reflective Coating"},{"floor":37,"key":"champ:CounterPotion"}],"is_trial":false,"path_per_floor":["M","M","?","M","$","R","E","R","T","E","M","R","$","?","R","B",null,"M","M","M","?","AVR","R","E","R","T","M","M","R","E","M","R","B",null,"M","?","M","$","?"],"character_chosen":"THE_WILD_CARD","items_purchased":["theWildCard:Attunement+1","theWildCard:SeveringSlash","theWildCard:Abstinence","theWildCard:ArcaneArts","theWildCard:PowerOfTheArcana","Omamori"],"campfire_rested":3,"item_purchase_floors":[5,5,13,13,38,38],"current_hp_per_floor":[54,54,54,54,54,54,40,40,40,25,25,47,47,47,69,65,72,69,69,44,26,26,63,53,53,53,52,52,52,52,50,50,50,68,26,26,22,22,0,0],"gold":236,"neow_bonus":"THREE_ENEMY_KILL","is_daily":false,"chose_seed":false,"campfire_upgraded":5,"win_rate":0.0,"timestamp":1613280307,"path_taken":["M","M","?","?","$","R","E","R","T","E","M","R","$","?","R","BOSS","M","M","?","?","AVR","R","E","R","T","?","M","R","E","M","R","BOSS","M","?","M","$","?"],"items_purchased_type":["Card","Card","Card","Card","Card","Relic"],"build_version":"2020-12-22","purchased_purges":2,"victory":false,"max_hp_per_floor":[60,60,60,60,60,60,60,60,60,74,74,74,74,74,74,74,74,74,74,74,74,74,74,74,74,74,74,74,74,74,74,74,74,74,74,74,74,74,74,74],"card_choices":[{"not_picked":["theWildCard:Unburden","theWildCard:BladeOfGenerations"],"picked":"theWildCard:SeveringSlash","floor":1},{"not_picked":["theWildCard:Providence","theWildCard:PaleRider"],"picked":"theWildCard:Patience","floor":2},{"not_picked":["theWildCard:LadyLuck","theWildCard:PaleRider","theWildCard:Unburden"],"picked":"SKIP","floor":4},{"not_picked":["theWildCard:FinalHour","theWildCard:Odin","theWildCard:PaleRider"],"picked":"SKIP","floor":7},{"not_picked":["theWildCard:ArcanaArtistry","theWildCard:UnendingRitual"],"picked":"theWildCard:Attunement","floor":10},{"not_picked":["theWildCard:Scathach","theWildCard:ArchaicAssault"],"picked":"theWildCard:MagicalMight","floor":11},{"not_picked":["theWildCard:EnergizedStroke","theWildCard:ArcanaArtistry"],"picked":"theWildCard:SeveringSlash+1","floor":18},{"not_picked":["theWildCard:StingingStrike+1","theWildCard:UnderLockAndKey","theWildCard:Safeguard"],"picked":"SKIP","floor":19},{"not_picked":["theWildCard:StingingStrike+1","theWildCard:Sakuya+1"],"picked":"theWildCard:MagicalMight+1","floor":20},{"not_picked":["theWildCard:Proficiency","theWildCard:Unburden+1"],"picked":"theWildCard:Patience","floor":21},{"not_picked":["theWildCard:StingingStrike","theWildCard:Unburden+1"],"picked":"theWildCard:Attunement","floor":24},{"not_picked":["theWildCard:Impatience+1","theWildCard:EnergyTheft","theWildCard:Unburden+1"],"picked":"SKIP","floor":27},{"not_picked":["theWildCard:PaleRider+1","theWildCard:Proficiency+1","theWildCard:ArcaneArts"],"picked":"SKIP","floor":28},{"not_picked":["theWildCard:ArcaneArts","theWildCard:Alice","theWildCard:Ruination"],"picked":"SKIP","floor":30},{"not_picked":["theWildCard:Polydeuces+1","theWildCard:MagicalMight+1"],"picked":"theWildCard:SeveringSlash+1","floor":31},{"not_picked":["theWildCard:PaleRider+1","theWildCard:Unburden"],"picked":"theWildCard:SeveringSlash+1","floor":35},{"not_picked":["theWildCard:SacrificialStroke+1","theWildCard:IdentityTheft+1"],"picked":"theWildCard:ArcanaArtistry+1","floor":37}],"player_experience":386879,"relics_obtained":[{"floor":7,"key":"Replay:Bottled Flurry"},{"floor":10,"key":"Mango"},{"floor":24,"key":"hubris:MobiusCoin"},{"floor":24,"key":"BicycleWheel"},{"floor":26,"key":"Girya"},{"floor":30,"key":"Du-Vu Doll"},{"floor":30,"key":"infinitespire:Satchel"}],"event_choices":[{"damage_healed":0,"gold_gain":0,"player_choice":"Upgraded","damage_taken":0,"max_hp_gain":0,"max_hp_loss":0,"event_name":"Upgrade Shrine","floor":3,"gold_loss":0,"cards_upgraded":["theWildCard:Arsene"]},{"damage_healed":0,"gold_gain":0,"cards_transformed":["theWildCard:ArcaneArts"],"player_choice":"Transformed","damage_taken":0,"max_hp_gain":0,"max_hp_loss":0,"event_name":"Transmorgrifier","floor":14,"gold_loss":0,"cards_obtained":["theWildCard:MagicMettle"]}],"is_beta":false,"boss_relics":[{"not_picked":["Coffee Dripper","aspiration:PoetsPen_weak"],"picked":"hubris:Backtick"},{"not_picked":["Astrolabe","aspiration:RitualDagger"],"picked":"Empty Cage"}],"items_purged_floors":[22,38],"is_endless":false,"potions_floor_spawned":[1,2,10,11,18,19,27,30,37],"killed_by":"infinitespire:Three Voidlings","ascension_level":7}}