{"host":"v2b7co6515hwzfig","time":1613262083,"event":{"mods":["BaseMod","Colored Powertips","Downfall","Highlight Path","KinomotoSakuraMod(????)","Marisa????????","Minty Spire (QoL Compilation)","Quick Restart","Rare Cards Sparkle","StSLib","The Bug Knight","The Senshi"],"gold_per_floor":[110,124,124,144,161,192,192,192,192,208,208,221,221,249,249,349,399,417,74,74,92,110,110,121,121,121,156,156,156,156,180,180,277,277,294,0,0,0,14,14,25,25,25,25,59,69,81,81,81],"floor_reached":48,"language":"ENG","playtime":3390,"items_purged":[],"score":540,"play_id":"f0fb96b7-6323-4d63-a1bb-dacb35cfea16","local_time":"20210214012123","is_ascension_mode":false,"campfire_choices":[{"data":"Body Slam","floor":7,"key":"SMITH"},{"floor":11,"key":"REST"},{"floor":13,"key":"REST"},{"floor":15,"key":"REST"},{"data":"Seeing Red","floor":23,"key":"SMITH"},{"floor":25,"key":"REST"},{"floor":30,"key":"REST"},{"floor":32,"key":"REST"},{"data":"Apotheosis","floor":40,"key":"SMITH"},{"data":"Dramatic Entrance","floor":42,"key":"SMITH"},{"floor":44,"key":"REST"}],"circlet_count":0,"master_deck":["Strike_R+1","Strike_R+1","Strike_R+1","Strike_R+1","Strike_R+1","Defend_R+1","Defend_R+1","Defend_R+1","Defend_R+1","Bash","Shrug It Off+1","Fire Breathing","Flame Barrier","Hemokinesis","Body Slam+1","Twin Strike","Cleave","Uppercut","Reckless Charge","Reaper+1","Heavy Blade","Cleave","Apotheosis+1","Feed","Twin Strike","Seeing Red+1","Anger+1","Headbutt+1","Double Tap+1","Thunderclap","Dramatic Entrance+1","Rampage+1","Thunderclap+1","Flex+1","Flex+1","Intimidate+1"],"relics":["Burning Blood","CultistMask","Mummified Hand","FossilizedHelix","Incense Burner","Tiny House","Letter Opener","MealTicket","Ginger","Red Skull","Mark of Pain","Red Mask","Blood Vial","theSenshi:FeatherClipsRelic","War Paint"],"acts_visited":["Exordium","TheCity","TheBeyond"],"potions_floor_usage":[6,10,16,16,16,18,18,27,33,35,39,41,46],"damage_taken":[{"damage":13,"enemies":"Jaw Worm","floor":1,"turns":5},{"damage":1,"enemies":"Cultist","floor":2,"turns":4},{"damage":7,"enemies":"2 Louse","floor":4,"turns":4},{"damage":6,"enemies":"Lots of Slimes","floor":5,"turns":6},{"damage":26,"enemies":"Gremlin Nob","floor":6,"turns":5},{"damage":25,"enemies":"Gremlin Gang","floor":10,"turns":5},{"damage":16,"enemies":"Large Slime","floor":12,"turns":6},{"damage":22,"enemies":"3 Sentries","floor":14,"turns":6},{"damage":50,"enemies":"Hexaghost","floor":16,"turns":11},{"damage":13,"enemies":"Spheric Guardian","floor":18,"turns":4},{"damage":18,"enemies":"Chosen","floor":21,"turns":5},{"damage":5,"enemies":"Snecko","floor":22,"turns":5},{"damage":47,"enemies":"Cultist and Chosen","floor":24,"turns":8},{"damage":43,"enemies":"HollowMod:Nosk","floor":27,"turns":9},{"damage":84,"enemies":"Automaton","floor":33,"turns":10},{"damage":29,"enemies":"3 Shapes","floor":35,"turns":3},{"damage":0,"enemies":"Orb Walker","floor":39,"turns":3},{"damage":14,"enemies":"Transient","floor":41,"turns":5},{"damage":57,"enemies":"Nemesis","floor":45,"turns":8},{"damage":25,"enemies":"Maw","floor":46,"turns":7},{"damage":60,"enemies":"HollowMod:SlobberingHusk","floor":47,"turns":8},{"damage":30,"enemies":"Orin","floor":48,"turns":7}],"seed_played":"-1645959226746921020","potions_obtained":[{"floor":4,"key":"Regen Potion"},{"floor":8,"key":"Ancient Potion"},{"floor":8,"key":"Block Potion"},{"floor":8,"key":"PowerPotion"},{"floor":10,"key":"HeartOfIron"},{"floor":14,"key":"AttackPotion"},{"floor":16,"key":"champ:CounterPotion"},{"floor":17,"key":"FearPotion"},{"floor":24,"key":"Fire Potion"},{"floor":27,"key":"DuplicationPotion"},{"floor":33,"key":"Swift Potion"},{"floor":35,"key":"HeartOfIron"},{"floor":39,"key":"Block Potion"},{"floor":45,"key":"Explosive Potion"}],"is_trial":false,"path_per_floor":["M","M","?","M","M","E","R","?","T","M","R","M","R","E","R","B",null,"M","$","T","M","M","R","M","R","T","E","?","?","R","T","R","B",null,"M","?","?","?","M","R","M","R","T","R","E","M","M","?"],"character_chosen":"IRONCLAD","items_purchased":["Apotheosis","Feed","Twin Strike"],"campfire_rested":7,"item_purchase_floors":[19,19,19],"current_hp_per_floor":[73,78,78,77,77,67,67,67,67,48,72,62,80,64,80,36,85,78,78,78,71,81,81,53,80,80,47,47,47,74,74,92,14,92,73,73,73,73,86,86,80,80,80,96,51,47,13,0,0],"gold":81,"neow_bonus":"THREE_CARDS","is_daily":false,"chose_seed":false,"campfire_upgraded":4,"win_rate":0.0,"timestamp":1613262083,"path_taken":["M","M","?","M","?","E","R","?","T","M","R","M","R","E","R","BOSS","M","$","?","M","?","R","M","R","T","E","?","?","R","?","R","BOSS","M","?","?","?","M","R","?","R","T","R","E","?","M","?"],"items_purchased_type":["Card","Card","Card"],"build_version":"2020-12-13","purchased_purges":0,"victory":false,"max_hp_per_floor":[80,80,80,80,80,80,80,80,80,80,80,80,80,80,80,80,85,85,85,85,85,89,89,92,92,92,92,92,92,92,92,92,92,92,96,96,96,96,96,96,96,96,96,96,96,96,96,96,96],"card_choices":[{"not_picked":["Heavy Blade","Warcry"],"picked":"Shrug It Off","floor":0},{"not_picked":["Iron Wave","Bloodletting"],"picked":"Fire Breathing","floor":1},{"not_picked":["Disarm","Warcry"],"picked":"Flame Barrier","floor":2},{"not_picked":["Headbutt","True Grit"],"picked":"Hemokinesis","floor":4},{"not_picked":["Warcry","Perfected Strike"],"picked":"Body Slam","floor":5},{"not_picked":["Heavy Blade","Offering"],"picked":"Twin Strike","floor":6},{"not_picked":["Headbutt","Battle Trance"],"picked":"Cleave","floor":10},{"not_picked":["Armaments","Headbutt"],"picked":"Uppercut","floor":12},{"not_picked":["Blood for Blood","Fire Breathing"],"picked":"Reckless Charge","floor":14},{"not_picked":["Brutality","Demon Form"],"picked":"Reaper","floor":16},{"not_picked":["Armaments","Dark Embrace"],"picked":"Heavy Blade","floor":17},{"not_picked":["Perfected Strike","Burning Pact+1"],"picked":"Cleave","floor":18},{"not_picked":["Headbutt","True Grit+1"],"picked":"Seeing Red","floor":21},{"not_picked":["Twin Strike","Clothesline"],"picked":"Anger+1","floor":22},{"not_picked":["Offering","Warcry+1"],"picked":"Heavy Blade+1","floor":24},{"not_picked":["Warcry","Pummel"],"picked":"Headbutt+1","floor":27},{"not_picked":["Brutality","Juggernaut"],"picked":"Double Tap","floor":33},{"not_picked":["Body Slam","Shrug It Off+1"],"picked":"Thunderclap","floor":35},{"not_picked":["Deep Breath","Magnetism"],"picked":"Dramatic Entrance","floor":37},{"not_picked":["Armaments+1","Whirlwind+1"],"picked":"Rampage+1","floor":39},{"not_picked":["Pommel Strike+1","Clash"],"picked":"Thunderclap+1","floor":41},{"not_picked":["Sword Boomerang","Anger"],"picked":"Flex+1","floor":45},{"not_picked":["Heavy Blade+1","Searing Blow"],"picked":"Flex+1","floor":46},{"not_picked":["Battle Trance","Cleave"],"picked":"Intimidate+1","floor":47}],"player_experience":2170,"relics_obtained":[{"floor":6,"key":"Mummified Hand"},{"floor":9,"key":"FossilizedHelix"},{"floor":14,"key":"Incense Burner"},{"floor":20,"key":"Letter Opener"},{"floor":26,"key":"MealTicket"},{"floor":27,"key":"Ginger"},{"floor":31,"key":"Red Skull"},{"floor":43,"key":"theSenshi:FeatherClipsRelic"},{"floor":45,"key":"War Paint"}],"event_choices":[{"damage_healed":0,"gold_gain":0,"player_choice":"Trade","damage_taken":0,"relics_obtained":["CultistMask"],"max_hp_gain":0,"max_hp_loss":0,"event_name":"FaceTrader","floor":3,"gold_loss":0},{"damage_healed":0,"gold_gain":0,"player_choice":"Got Potions","damage_taken":0,"max_hp_gain":0,"max_hp_loss":0,"event_name":"Lab","floor":8,"gold_loss":0},{"damage_healed":0,"gold_gain":0,"player_choice":"Simplicity","damage_taken":0,"max_hp_gain":0,"max_hp_loss":0,"event_name":"Back to Basics","floor":28,"gold_loss":0,"cards_upgraded":["Strike_R","Strike_R","Strike_R","Strike_R","Strike_R","Defend_R","Defend_R","Defend_R","Defend_R"]},{"damage_healed":0,"gold_gain":0,"player_choice":"Ignored","damage_taken":0,"max_hp_gain":0,"max_hp_loss":0,"event_name":"Vampires","floor":29,"gold_loss":0},{"damage_healed":0,"gold_gain":0,"player_choice":"Paid","damage_taken":0,"relics_obtained":["Red Mask"],"max_hp_gain":0,"max_hp_loss":0,"event_name":"Tomb of Lord Red Mask","floor":36,"gold_loss":294},{"damage_healed":0,"gold_gain":0,"player_choice":"Memory 1","damage_taken":0,"max_hp_gain":0,"max_hp_loss":0,"event_name":"SensoryStone","floor":37,"gold_loss":0},{"cards_removed":["Heavy Blade"],"damage_healed":0,"gold_gain":0,"player_choice":"Gave Card","damage_taken":0,"relics_obtained":["Blood Vial"],"max_hp_gain":0,"max_hp_loss":0,"event_name":"WeMeetAgain","floor":38,"gold_loss":0},{"damage_healed":0,"gold_gain":0,"player_choice":"Fight","damage_taken":0,"max_hp_gain":0,"max_hp_loss":0,"event_name":"OrinTheCat","floor":48,"gold_loss":0}],"is_beta":false,"boss_relics":[{"not_picked":["Runic Cube","Sozu"],"picked":"Tiny House"},{"not_picked":["Philosopher\u0027s Stone","Snecko Eye"],"picked":"Mark of Pain"}],"items_purged_floors":[],"is_endless":false,"potions_floor_spawned":[4,10,14,16,24,27,33,35,39,45],"killed_by":"Orin","ascension_level":0}}