{"host":"yy8mitdds7tg9c5m","time":1613262918,"event":{"mods":["Act Like it!","AlwaysNeverKeys","BaseMod","Better Note","Duelist Mod","GifTheSpireLib","Minty Spire (QoL Compilation)","Permanent Neow","Quick Restart","StSLib","egg"],"gold_per_floor":[140,158,158,177,191,191,209,222,249,259,259,285,302,328,340,453,465,465],"floor_reached":17,"language":"ENG","playtime":934,"items_purged":[],"score":221,"play_id":"deb46c80-8472-4e8c-8705-c6fb04a6f8e4","local_time":"20210213203518","is_ascension_mode":false,"campfire_choices":[{"floor":6,"key":"REST"},{"data":"Panacea","floor":11,"key":"SMITH"},{"data":"theDuelist:ChaosSeed","floor":15,"key":"SMITH"}],"circlet_count":0,"master_deck":["theDuelist:BeaverWarrior","theDuelist:BeaverWarrior","theDuelist:CastleWalls","theDuelist:CastleWalls","theDuelist:FinalFlame","theDuelist:GiantSoldier","theDuelist:GiantSoldier","theDuelist:ScrapFactory","theDuelist:Sparks","theDuelist:Sparks","theDuelist:LabyrinthWall","Panacea+1","theDuelist:MagnumShield+1","Pain","theDuelist:RainbowNeos","theDuelist:RainbowNeos","theDuelist:Raigeki+1","theDuelist:SparkBlaster+1","theDuelist:ChaosSeed+1","theDuelist:GridRod","CurseOfTheBell"],"relics":["theDuelist:MillenniumPuzzle","theDuelist:CardPoolRelic","theDuelist:CardPoolBasicRelic","theDuelist:BoosterPackPoolRelic","theDuelist:CardPoolAddRelic","theDuelist:CardPoolMinusRelic","theDuelist:CardPoolSaveRelic","theDuelist:CardPoolOptionsRelic","WarpedTongs","Snake Skull","Tiny Chest","MawBank","Calling Bell","Regal Pillow","Cables","WingedGreaves"],"acts_visited":["Exordium","TheCity"],"potions_floor_usage":[5,14,16],"damage_taken":[{"damage":0,"enemies":"Cultist","floor":1,"turns":4},{"damage":0,"enemies":"2 Louse","floor":2,"turns":2},{"damage":3,"enemies":"Jaw Worm","floor":4,"turns":3},{"damage":27,"enemies":"Gremlin Gang","floor":5,"turns":4},{"damage":4,"enemies":"Looter","floor":7,"turns":3},{"damage":1,"enemies":"2 Fungi Beasts","floor":8,"turns":4},{"damage":0,"enemies":"3 Louse","floor":10,"turns":2},{"damage":3,"enemies":"Gremlin Nob","floor":12,"turns":4},{"damage":1,"enemies":"Exordium Wildlife","floor":13,"turns":5},{"damage":2,"enemies":"Lagavulin","floor":14,"turns":6},{"damage":23,"enemies":"Slime Boss","floor":16,"turns":13}],"seed_played":"522266358092749760","potions_obtained":[{"floor":1,"key":"theDuelist:FlamingBottle"},{"floor":2,"key":"theDuelist:WhiteBottle"},{"floor":12,"key":"Dexterity Potion"},{"floor":14,"key":"SkillPotion"},{"floor":16,"key":"theDuelist:SummonFuryPotion"}],"is_trial":false,"path_per_floor":["M","M","?","M","M","R","M","M","T","M","R","E","M","E","R","B",null],"character_chosen":"THE_DUELIST","items_purchased":[],"campfire_rested":1,"item_purchase_floors":[],"current_hp_per_floor":[80,80,80,77,50,74,70,69,69,69,69,66,65,63,63,40,80,80],"gold":465,"neow_bonus":"RANDOM_COLORLESS","is_daily":false,"chose_seed":false,"campfire_upgraded":2,"win_rate":0.0,"timestamp":1613262918,"path_taken":["M","?","?","?","M","R","M","M","T","M","R","E","M","E","R","BOSS"],"items_purchased_type":[],"build_version":"2020-12-22","purchased_purges":0,"victory":false,"max_hp_per_floor":[80,80,80,80,80,80,80,80,80,80,80,80,80,80,80,80,80,80],"card_choices":[{"not_picked":["theDuelist:DianKeto","theDuelist:Wiseman"],"picked":"theDuelist:LabyrinthWall","floor":0},{"not_picked":["Chrysalis","Discovery","Metamorphosis"],"picked":"Panacea","floor":1},{"not_picked":["theDuelist:Wiretap","theDuelist:MeteorDestruction+1","theDuelist:InfernoFireBlast+1","theDuelist:DoubleTool+1"],"picked":"theDuelist:MagnumShield+1","floor":2},{"not_picked":["theDuelist:MeteorDestruction","theDuelist:Tuningware","theDuelist:CoreBlaster","theDuelist:FuryFire"],"picked":"theDuelist:RainbowNeos","floor":4},{"not_picked":["theDuelist:Hinotama","theDuelist:Invigoration","theDuelist:MeteorDestruction","theDuelist:WormApocalypse"],"picked":"theDuelist:RainbowNeos","floor":5},{"not_picked":["theDuelist:DoubleTool","theDuelist:CombinationAttack","theDuelist:FluteKuriboh","theDuelist:AfterTheStorm","theDuelist:FusionFire"],"picked":"SKIP","floor":7},{"not_picked":["theDuelist:Wildfire+1","theDuelist:Mathematician+1"],"picked":"theDuelist:Raigeki+1","floor":8},{"not_picked":["theDuelist:InfernoFireBlast+1","theDuelist:FuryFire+1","theDuelist:DoubleTool+1","theDuelist:ChaosSeed+1"],"picked":"theDuelist:SparkBlaster+1","floor":10},{"not_picked":["theDuelist:DoubleTool","theDuelist:WormApocalypse","theDuelist:WhiteMagicalHat","theDuelist:CrossAttack"],"picked":"theDuelist:ChaosSeed","floor":12},{"not_picked":["theDuelist:DoubleTool","theDuelist:BigFire","theDuelist:OnslaughtFireKings","theDuelist:PowerWall","theDuelist:VendreadCharge"],"picked":"SKIP","floor":13},{"not_picked":["theDuelist:SpellShatteringArrow","theDuelist:MagnumShield","theDuelist:Eva","theDuelist:SilverApples","theDuelist:Wiretap"],"picked":"SKIP","floor":14},{"not_picked":["theDuelist:SwordsConcealing","theDuelist:ForbiddenLance","theDuelist:Mathematician","theDuelist:KamionTimelord"],"picked":"theDuelist:GridRod","floor":16}],"player_experience":302674,"relics_obtained":[{"floor":9,"key":"Snake Skull"},{"floor":12,"key":"Tiny Chest"},{"floor":14,"key":"MawBank"},{"floor":17,"key":"Regal Pillow"},{"floor":17,"key":"Cables"},{"floor":17,"key":"WingedGreaves"}],"event_choices":[{"damage_healed":0,"gold_gain":0,"player_choice":"Rummage","damage_taken":0,"relics_obtained":["WarpedTongs"],"max_hp_gain":0,"max_hp_loss":0,"event_name":"Accursed Blacksmith","floor":3,"gold_loss":0,"cards_obtained":["Pain"]}],"is_beta":false,"boss_relics":[{"not_picked":["Inserter","Tiny House"],"picked":"Calling Bell"}],"items_purged_floors":[],"is_endless":false,"potions_floor_spawned":[1,2,12,14,16],"ascension_level":0}}