{"host":"c02dmb09vpgjjjz3","time":1613335294,"event":{"mods":["100% Spire Juice","Act Like it!","Astrologer","BaseMod","Better Note","Better Sensory Stone","CapriCore","Colored Map","Conspire","Elementarium","Gensokyo","GifTheSpireLib","GungeonMod","Hallownest","Jorbs\u0027s Wanderer Trilogy","Magitek Elite","Marisa????????","Minty Spire (QoL Compilation)","Permanent Neow","Replay The Spire","Robot Space Explorer","Somnambulant","StSLib","Stuff the Spire","The Animator","The Elementalist","The Forsaken","The Hierophant","The Immortal","The Jungle","The Marked","The Runesmith","TheFirefly"],"gold_per_floor":[215,4,4,22,334,562,189,217,297,297,297,297,297,297,297,400,400,413,428,428,428,441,473,473,503,503,503,519,519,618,637,637,737,737,747,657,657,671,682,713,713,723,723,736,756,756,790,790,790,790,790,790,45,77,77],"floor_reached":56,"language":"ENG","playtime":3717,"items_purged":["MokouMod:Strike"],"score":1303,"play_id":"774103ae-2da8-4d6c-a7b7-82afe69c3130","local_time":"20210214144134","is_ascension_mode":false,"campfire_choices":[{"data":"Gensokyo:CrescentMoonSlash","floor":11,"key":"SMITH"},{"data":"MokouMod:FujiyamaVolcano","floor":15,"key":"SMITH"},{"data":"MokouMod:SacredFire","floor":24,"key":"SMITH"},{"data":"MokouMod:HeatCyclone","floor":29,"key":"SMITH"},{"floor":32,"key":"REST"},{"floor":49,"key":"RECALL"},{"data":"MokouMod:Fireball","floor":52,"key":"SMITH"}],"circlet_count":0,"master_deck":["MokouMod:Strike","MokouMod:Defend","MokouMod:Defend","MokouMod:Defend","MokouMod:HeatSpark","MokouMod:Overheat","Gensokyo:CrescentMoonSlash+1","MokouMod:HeatCyclone+1","MokouMod:Singe","MokouMod:FujiyamaVolcano+1","MokouMod:Fireball+1","Pain","MokouMod:SacredFire+1","MokouMod:Stoke+1","MokouMod:Rebirth","MokouMod:HeartofFire+1","Gensokyo:CustomPotion","MokouMod:Rekindle","MokouMod:FujiyamaVolcano+1","MokouMod:IgnitionBarrier","Gensokyo:DreamlikeParadise"],"relics":["MokouMod:PhoenixFeather","OrangePellets","DemoMod:Relodestone","Replay:Bottled Steam","Eternal Feather","BranchBurnRelic","Gensokyo:LunaticRedEyes","theForsaken:ScaryMask","Snecko Eye","Enchiridion","TungstenRod","Ancient Tea Set","conspire:RoyalGoblet","conspire:Boomerang","Blue Candle","Angel_Ring","DemoMod:MeatBun","Shuriken","DemoMod:BlueGuonStone","Bronze Scales"],"acts_visited":["Gensokyo:Gensokyo","TheCity","Gensokyo:Gensokyoest","TheEnding"],"potions_floor_usage":[8,19,33,50,54,55,55],"damage_taken":[{"damage":1,"enemies":"Gensokyo:Python","floor":1,"turns":4},{"damage":11,"enemies":"Gensokyo:3_Fairies","floor":4,"turns":7},{"damage":14,"enemies":"Gensokyo:Gryphon","floor":5,"turns":6},{"damage":31,"enemies":"Gensokyo:Mamizou","floor":6,"turns":11},{"damage":30,"enemies":"Gensokyo:Cirno","floor":8,"turns":5},{"damage":18,"enemies":"Gensokyo:Reimu","floor":16,"turns":7},{"damage":11,"enemies":"Chosen","floor":18,"turns":4},{"damage":2,"enemies":"conspire:FuzzyDice","floor":19,"turns":3},{"damage":17,"enemies":"Centurion and Healer","floor":22,"turns":3},{"damage":1,"enemies":"Gremlin Leader","floor":23,"turns":3},{"damage":6,"enemies":"Book of Stabbing","floor":25,"turns":5},{"damage":5,"enemies":"Cultist and Chosen","floor":28,"turns":4},{"damage":18,"enemies":"Snake Plant","floor":31,"turns":5},{"damage":90,"enemies":"Automaton","floor":33,"turns":9},{"damage":20,"enemies":"Gensokyo:3_Boulders","floor":35,"turns":5},{"damage":3,"enemies":"Gensokyo:AncientGuardian","floor":38,"turns":4},{"damage":8,"enemies":"Gensokyo:Sharpion","floor":39,"turns":4},{"damage":39,"enemies":"Gensokyo:Kasen","floor":40,"turns":7},{"damage":20,"enemies":"Gensokyo:Rafflesia","floor":42,"turns":5},{"damage":0,"enemies":"Gensokyo:SeedOfUnknown","floor":44,"turns":2},{"damage":0,"enemies":"Gensokyo:3_Boulders","floor":45,"turns":3},{"damage":36,"enemies":"Gensokyo:3_Boulders","floor":46,"turns":5},{"damage":11,"enemies":"Gensokyo:Doremy","floor":47,"turns":3},{"damage":95,"enemies":"Gensokyo:Scarlet_Devils","floor":50,"turns":13},{"damage":16,"enemies":"Shield and Spear","floor":54,"turns":5},{"damage":1,"enemies":"The Heart","floor":55,"turns":7}],"seed_played":"3466221091115536433","potions_obtained":[{"floor":6,"key":"ColorlessPotion"},{"floor":8,"key":"Toxic Potion"},{"floor":16,"key":"BlessingOfTheForge"},{"floor":18,"key":"Venom Potion"},{"floor":19,"key":"Adrenaline Potion"},{"floor":25,"key":"Strength Potion"},{"floor":35,"key":"Explosive Potion"},{"floor":45,"key":"DemoMod:LeadSkinPotion"}],"is_trial":false,"path_per_floor":["M","COS","?","M","M","E","$","E","T","?","R","?","?","T","R","B",null,"M","M","?","?","M","E","R","E","T","?","M","R","?","M","R","B",null,"M","?","?","M","M","E","?","M","T","M","M","?","E","?","R","B",null,"R","$","E","B",null],"character_chosen":"MKU","items_purchased":["Dead Branch","DemoMod:MeatBun","Shuriken","DemoMod:BlueGuonStone","DemoMod:LeadSkinPotion","DemoMod:LeadSkinPotion"],"campfire_rested":1,"item_purchase_floors":[7,53,53,53,53,53],"current_hp_per_floor":[74,74,63,52,38,7,7,18,18,18,27,27,27,27,36,33,75,64,62,46,39,22,21,30,38,38,38,33,42,42,38,69,18,75,55,55,55,52,44,5,18,18,18,18,18,18,7,7,19,20,75,75,75,66,65],"gold":77,"neow_bonus":"HUNDRED_GOLD","is_daily":false,"chose_seed":false,"campfire_upgraded":5,"win_rate":0.0,"timestamp":1613335294,"path_taken":["M","COS","?","M","M","E","$","E","T","?","R","?","?","?","R","BOSS","M","M","?","?","?","E","R","E","T","?","?","R","?","M","R","BOSS","M","?","?","M","?","E","?","M","T","M","?","?","E","?","R","BOSS","R","$","E","BOSS"],"items_purchased_type":["Relic","Relic","Relic","Relic","Undefined","Undefined"],"build_version":"2020-12-22","purchased_purges":1,"victory":true,"max_hp_per_floor":[75,75,75,75,75,75,75,75,75,75,75,75,75,75,75,75,75,75,75,75,75,75,75,75,75,75,75,75,75,75,75,75,75,75,75,75,75,75,75,75,75,75,75,75,75,75,75,75,75,75,75,75,75,75,75],"card_choices":[{"not_picked":["MokouMod:EternalBurstReactor","MokouMod:IgneousBlow"],"picked":"MokouMod:Overheat","floor":1},{"not_picked":["MokouMod:IcarusDive","MokouMod:WarmUp"],"picked":"MokouMod:HeatCyclone","floor":4},{"not_picked":["MokouMod:Sear","MokouMod:FusionFlare"],"picked":"MokouMod:Singe","floor":5},{"not_picked":["MokouMod:SearingShot","MokouMod:AdaptivePyromancy"],"picked":"MokouMod:FujiyamaVolcano","floor":6},{"not_picked":["MokouMod:SearingShot","MokouMod:EternalBurstReactor"],"picked":"MokouMod:Fireball","floor":8},{"not_picked":["MokouMod:EnchantingBambooForest","MokouMod:ProfanedFlare"],"picked":"MokouMod:SacredFire","floor":16},{"not_picked":["MokouMod:IndiscriminateIgnition","MokouMod:IgnitionBlast"],"picked":"MokouMod:Stoke+1","floor":18},{"not_picked":["MokouMod:EternalBurstReactor","MokouMod:SubterraneanCore","MokouMod:ResoluteFlare"],"picked":"SKIP","floor":19},{"not_picked":["MokouMod:Cataclysm","MokouMod:ScorchingColumn","MokouMod:FlareStarter"],"picked":"SKIP","floor":22},{"not_picked":["MokouMod:Overheat","MokouMod:DanceofFlames"],"picked":"MokouMod:HeartofFire+1","floor":23},{"not_picked":["MokouMod:ScorchingColumn+1","MokouMod:Trailblazer","MokouMod:RoaringFlare"],"picked":"SKIP","floor":25},{"not_picked":["MokouMod:ScorchingColumn+1","MokouMod:Trailblazer","MokouMod:RoaringFlare"],"picked":"SKIP","floor":25},{"not_picked":["MokouMod:UncontrollableSolarReaction+1","MokouMod:FlareStarter","MokouMod:Firecracker"],"picked":"SKIP","floor":28},{"not_picked":["MokouMod:Scorch+1","MokouMod:AdaptivePyromancy","MokouMod:Sear"],"picked":"SKIP","floor":31},{"not_picked":["MokouMod:BurningHiddenBullet","MokouMod:PhoenixForm"],"picked":"MokouMod:Rebirth","floor":33},{"not_picked":["MokouMod:RoaringFlare","MokouMod:ImperishableFlame"],"picked":"MokouMod:HeartofFire+1","floor":35},{"not_picked":["MokouMod:HeatFactory+1","MokouMod:TemporalFireSeal","MokouMod:HeatTransfer"],"picked":"SKIP","floor":38},{"not_picked":["MokouMod:Ember+1","MokouMod:Firecracker+1","MokouMod:Refresh"],"picked":"SKIP","floor":39},{"not_picked":["MokouMod:Extinguish","MokouMod:IndiscriminateIgnition+1"],"picked":"MokouMod:FujiyamaVolcano+1","floor":40},{"not_picked":["MokouMod:Trailblazer","MokouMod:IndiscriminateIgnition","MokouMod:HeatTransfer+1"],"picked":"SKIP","floor":42},{"not_picked":["MokouMod:WarmUp+1","MokouMod:UncontrollableSolarReaction+1","MokouMod:ScorchingColumn+1"],"picked":"SKIP","floor":44},{"not_picked":["MokouMod:Singe","MokouMod:FlickeringFlame+1"],"picked":"MokouMod:IgnitionBarrier","floor":45},{"not_picked":["Gensokyo:HouraiInAPot","Gensokyo:UnhurriedMind"],"picked":"Gensokyo:DreamlikeParadise","floor":46},{"not_picked":["MokouMod:Ember+1","MokouMod:RadiantBlade","MokouMod:RoaringFlare+1"],"picked":"SKIP","floor":47},{"not_picked":["MokouMod:Trailblazer+1","MokouMod:FlickeringFlame+1","MokouMod:AdaptivePyromancy"],"picked":"SKIP","floor":54}],"player_experience":432094,"relics_obtained":[{"floor":6,"key":"DemoMod:Relodestone"},{"floor":8,"key":"Replay:Bottled Steam"},{"floor":9,"key":"Eternal Feather"},{"floor":14,"key":"theForsaken:ScaryMask"},{"floor":20,"key":"Enchiridion"},{"floor":23,"key":"TungstenRod"},{"floor":25,"key":"Ancient Tea Set"},{"floor":40,"key":"conspire:Boomerang"},{"floor":43,"key":"Blue Candle"},{"floor":47,"key":"Angel_Ring"},{"floor":54,"key":"Bronze Scales"}],"event_choices":[{"damage_healed":0,"gold_gain":0,"player_choice":"Obtained Book","damage_taken":16,"max_hp_gain":0,"max_hp_loss":0,"event_name":"Cursed Tome","floor":20,"gold_loss":0},{"damage_healed":0,"gold_gain":0,"player_choice":"Damaged","damage_taken":7,"max_hp_gain":0,"max_hp_loss":0,"event_name":"Wheel of Change","floor":21,"gold_loss":0},{"cards_removed":["MokouMod:Defend"],"damage_healed":0,"gold_gain":0,"player_choice":"Purged","damage_taken":0,"max_hp_gain":0,"max_hp_loss":0,"event_name":"Purifier","floor":27,"gold_loss":0},{"damage_healed":0,"gold_gain":99,"player_choice":"Stole From Cult","damage_taken":0,"max_hp_gain":0,"max_hp_loss":0,"event_name":"Nest","floor":30,"gold_loss":0}],"is_beta":false,"boss_relics":[{"not_picked":["Black Star","StuffTheSpire:Kangaroo"],"picked":"Snecko Eye"},{"not_picked":["Ring of Chaos","ReplayTheSpireMod:DimensionalGlitch"],"picked":"conspire:RoyalGoblet"}],"items_purged_floors":[7],"is_endless":false,"potions_floor_spawned":[6,8,16,18,19,25,31,35,44,45,47],"ascension_level":0}}