{"host":"q5l3nirlejh5mn15","time":1613278933,"event":{"mods":["BaseMod","Bossed Relics","Downfall","Energized Spire","FoggyMod","Hermit","Koishi","Lobotomy","LobotomyExtend","Marisa（F雨　魔理沙）","Minty Spire (QoL Compilation)","MostiFishMod","Reimu（博丽灵梦）","Relic Filter Mod","Reliquary","Remilia（蕾米莉亚）","RumiaBox-露米娅的神秘盒子","Spicy Shops","StSLib","TestMod","The Hierophant","The Servant 0.9.4","UnlockEverythingMod","【功能Mod】混沌之环修复补丁","【遗物卡牌】REMEMod"],"gold_per_floor":[114,114,114,129,129,129,163,563,587,8,39,39,39,69,69,172,172,192,192,192,203,203,238,238,188,215,215,248,323,334,346,346,449,449,459,419,54,54,329,361,379,136,136,136,136,136,136,151,151,249,249,261,98,98,98,118,147,147,22,22,57,57,57],"floor_reached":45,"language":"ZHS","playtime":3056,"items_purged":["Koishi:BasicStrike+1","Shame","Koishi:BasicDefend"],"score":977,"play_id":"2af164a2-3cf6-4fd8-9782-3583e1f3d346","local_time":"20210214130213","is_ascension_mode":false,"campfire_choices":[{"data":"Koishi:FidgetySnatcher","floor":6,"key":"SMITH"},{"data":"REME_BattleFury","floor":15,"key":"SMITH"},{"data":"Amplify","floor":7,"key":"SMITH"},{"floor":15,"key":"REST"},{"data":"ZunPunch:ReiMu","floor":27,"key":"SMITH"},{"data":"Koishi:Ego","floor":32,"key":"SMITH"}],"circlet_count":0,"master_deck":["Koishi:BasicDefend","Koishi:Provoke+1","Koishi:HauntingSlash+1","Amplify+1","Koishi:LastRemote+1","Scarecrow","Koishi:FidgetySnatcher+1","Koishi:PhantomBarrier","REME_BattleFury+1","Koishi:RacingHeart","Koishi:GrowingPain","ShyLook","Koishi:Heartbroken","UniverseFragment","Koishi:Bloodlust","Koishi:PerfectMindControl+1","Koishi:PhantomBarrier","Koishi:UnconsciousUrges","WallGazer","Koishi:FreudianInstinct","Koishi:SprinkleStarAndHeart","OldLady","Koishi:HeartStoppingHorror","Koishi:Ego+1","LittlePrince","ZunPunch:ReiMu+1","Koishi:Untouchable","GalaxyChild","Koishi:DreadfulBlow","Injury","Koishi:UnconsciousUrges+1","Scorched","Koishi:Heartbroken","NothingThere","PlagueDoctor","Koishi:Untouchable+1","testmod-DisillusionmentEcho+1","REME_WheelOfFate","Koishi:RoseHell+1","BlackSwan","CENSORED","Koishi:JumpScare+1"],"relics":["Koishi:ImaginaryFriend","testmod-TestBox","REME_ComplimentaryCards","testmod-ArcanaOfDestiny","MostiFishMod:Haymaker","CogitoBucket","SynthV:TestCard","Slimebound:StickyStick","ArrowTower","Art of War","testmod-Hope","reliquary:Buckler","RuthlessExorcism:ReiMu","Strawberry","testmod-Temperance","SynthV:TestCard","LetterFromLob","Mastiff:ReiMu","Amita_r","GodSword7","Regal Pillow","testmod-CrystalShield","ResearcherNote","Black Star","testmod-IntensifyImprint","reliquary:Firecrackers","reliquary:Stiletto","testmod-Laevatain","testmod-OneHitWonder","AtMidnight","AdjustmentMirror","OneHitWonderSystem","ZombieArmy","GodSword5","Pear","Bag of Marbles","testmod-EqualTreatment","Moonlight_r"],"acts_visited":["Exordium","TheCity","TheCity","TheBeyond"],"potions_floor_usage":[17,44],"damage_taken":[{"damage":2,"enemies":"Small Slimes","floor":1,"turns":4},{"damage":0,"enemies":"Cultist","floor":4,"turns":3},{"damage":29,"enemies":"Lagavulin","floor":7,"turns":10},{"damage":8,"enemies":"3 Sentries","floor":11,"turns":4},{"damage":17,"enemies":"Gremlin Nob","floor":14,"turns":3},{"damage":56,"enemies":"The Guardian","floor":16,"turns":6},{"damage":8,"enemies":"Jaw Worm","floor":1,"turns":2},{"damage":18,"enemies":"Cultist","floor":4,"turns":4},{"damage":18,"enemies":"3 Sentries","floor":6,"turns":3},{"damage":5,"enemies":"Lagavulin","floor":11,"turns":4},{"damage":0,"enemies":"2 Louse","floor":13,"turns":1},{"damage":34,"enemies":"Exordium Wildlife","floor":14,"turns":5},{"damage":2,"enemies":"Slime Boss","floor":16,"turns":5},{"damage":0,"enemies":"Spheric Guardian","floor":18,"turns":1},{"damage":12,"enemies":"Gremlin Leader","floor":23,"turns":3},{"damage":14,"enemies":"2 Thieves","floor":24,"turns":2},{"damage":0,"enemies":"Cultist and Chosen","floor":31,"turns":3},{"damage":0,"enemies":"Champ","floor":33,"turns":6},{"damage":0,"enemies":"Orb Walker","floor":35,"turns":1},{"damage":0,"enemies":"3 Shapes","floor":39,"turns":3},{"damage":0,"enemies":"Giant Head","floor":40,"turns":2},{"damage":0,"enemies":"Reptomancer","floor":44,"turns":3}],"seed_played":"4698438993041596037","potions_obtained":[{"floor":1,"key":"AttackPotion"},{"floor":3,"key":"Fire Potion"},{"floor":3,"key":"Slimebound:ThreeZeroPotion"},{"floor":11,"key":"testmod-EscapePotion"},{"floor":6,"key":"Regen Potion"},{"floor":13,"key":"REME_GoldPotion"},{"floor":24,"key":"Swift Potion"},{"floor":29,"key":"FairyPotion"},{"floor":33,"key":"Fruit Juice"}],"is_trial":false,"path_per_floor":["M","?","?","M","?","R","E","?","T","$","E","$","?","E","R","B",null,"M","M","?","?","M","?","E","R","?","T","?","E","?","M","M","R","B",null,"M","?","$","?","?","E","M","$","T","R","?","?","$","M","R","B",null,"M","$","?","?","M","E","?","$","T","E","?"],"character_chosen":"KOISHI","items_purchased":["testmod-Hope","reliquary:Buckler","Koishi:FreudianInstinct","REME_BattleFury","testmod-IntensifyImprint","testmod-Laevatain","testmod-DisillusionmentEcho"],"campfire_rested":1,"item_purchase_floors":[10,10,10,10,20,25,36],"current_hp_per_floor":[60,48,48,49,49,49,24,24,24,24,24,24,60,52,52,4,67,67,67,67,55,55,44,44,44,44,32,46,39,45,29,66,75,77,77,77,77,77,77,66,64,64,64,64,80,80,80,83,83,85,1,2,1,1,1,3,2,1,1,11,7,0,0],"gold":57,"neow_bonus":"","is_daily":false,"chose_seed":false,"campfire_upgraded":5,"win_rate":0.0,"timestamp":1613278933,"path_taken":["M","?","?","?","?","R","E","?","T","?","E","?","?","E","R","BOSS","M","M","?","?","?","?","E","R","?","T","?","E","?","?","?","R","BOSS","M","?","$","?","?","E","?","$","T","R","?","?","$","?","R","BOSS","M","?","?","?","?","E","?","$","T","E","?"],"items_purchased_type":["Relic","Relic","Card","Card","Relic","Relic","Card"],"build_version":"2020-12-22","purchased_purges":3,"victory":false,"max_hp_per_floor":[60,60,60,60,60,60,60,60,60,60,60,60,60,67,67,67,67,67,67,67,67,67,70,70,70,70,70,71,71,73,74,74,77,77,78,78,78,78,78,79,81,81,81,81,81,81,81,85,85,86,1,2,1,1,1,4,2,1,1,11,7,1,1],"card_choices":[{"not_picked":["Koishi:SubconsciousSweep","Koishi:DreadfulBlow"],"picked":"Koishi:LastRemote","floor":1},{"not_picked":["FairyFestival","CherryBlossoms"],"picked":"Scarecrow","floor":4},{"not_picked":["Koishi:StingingMind","Koishi:ParalyzingFear","Koishi:ReflexRadar","Koishi:VengefulSpirit"],"picked":"Koishi:FidgetySnatcher","floor":4},{"not_picked":["Koishi:UnansweredLove","Koishi:SubconsciousSweep","Koishi:ReflexRadar","Koishi:HeartfeltFancy"],"picked":"Koishi:PhantomBarrier","floor":7},{"not_picked":["VoidDream","ShyLook"],"picked":"PunishingBird","floor":7},{"not_picked":["Koishi:PhantomStrike","Koishi:SubconsciousSweep","Koishi:UnansweredLove","Koishi:SubterraneanRose"],"picked":"Koishi:RacingHeart","floor":11},{"not_picked":["Freischutz","Rudolta"],"picked":"CrumblingArmor","floor":14},{"not_picked":["Koishi:StingingMind","Koishi:ParalyzingFear","Koishi:HeartAttack","Koishi:RacingHeart"],"picked":"Koishi:GrowingPain","floor":14},{"not_picked":["Porccubus","Freischutz"],"picked":"ShyLook","floor":16},{"not_picked":["Koishi:GrowingPain","Koishi:SilentAndRestless","Koishi:FormlessExistence","Koishi:RollingInRichesHeart"],"picked":"Koishi:Heartbroken","floor":16},{"not_picked":["OSAHOGD","OldLady"],"picked":"UniverseFragment","floor":1},{"not_picked":["Koishi:UnansweredLove","Koishi:Jaunt","Koishi:HeartAttack","Koishi:RacingHeart"],"picked":"Koishi:Bloodlust","floor":1},{"not_picked":["FieryBird","MHz"],"picked":"FairyFestival","floor":4},{"not_picked":["Koishi:MindNumbingTerror","Koishi:UnansweredLove","Koishi:FourthEye","Koishi:RacingHeart","Koishi:PhantomStrike","Koishi:ReflexRadar"],"picked":"Koishi:PerfectMindControl","floor":4},{"not_picked":["Koishi:ReflexRadar","Koishi:SubconsciousSweep","Koishi:EmbryosDream","Koishi:FourthEye","Koishi:FleetingPhantom","Koishi:SubterraneanRose"],"picked":"Koishi:PhantomBarrier","floor":6},{"not_picked":["NakedNest","BeautyBeast"],"picked":"LongBird","floor":6},{"not_picked":["Koishi:ApparitionsStalkTheNight","Koishi:Catatonia","Koishi:FourthEye","Koishi:TremblingHands","Koishi:DreadfulBlow","Koishi:TerrifyingSpectre"],"picked":"Koishi:UnconsciousUrges","floor":11},{"not_picked":["LaLuna","RedShoes"],"picked":"HeroicMonk","floor":11},{"not_picked":["LaLuna","Murderer"],"picked":"WallGazer","floor":13},{"not_picked":["Koishi:Jaunt","Koishi:Prune","Koishi:RacingHeart","Koishi:BloodcurdlingScream","Koishi:PhilosophyOfTheDespised","Koishi:UnansweredLove"],"picked":"Koishi:FreudianInstinct","floor":13},{"not_picked":["Koishi:StingingMind","Koishi:HeartfeltFancy","Koishi:ReflexRadar","Koishi:SilentAndRestless","Koishi:PhantomStrike","Koishi:FourthEye"],"picked":"Koishi:SprinkleStarAndHeart","floor":14},{"not_picked":["NakedNest","PunishingBird"],"picked":"OldLady","floor":16},{"not_picked":["Koishi:RollingInRichesHeart","Koishi:ConfinedInnocent","Koishi:GrowingPain","Koishi:ImGoingToCallYouNow","Koishi:Heartbroken","Koishi:MentalBreakdown"],"picked":"Koishi:HeartStoppingHorror","floor":16},{"not_picked":["Koishi:PhilosophyOfTheDespised","Koishi:SubterraneanRose","Koishi:SubconsciousSweep+1","Koishi:Prune","Koishi:BramblyRoseGarden","Koishi:PhantomStrike"],"picked":"Koishi:Ego","floor":18},{"not_picked":["Wellcheers","NakedNest"],"picked":"LittlePrince","floor":18},{"not_picked":["Koishi:ParalyzingFear","Koishi:HeartAttack","Koishi:FidgetySnatcher","Koishi:HeartfeltFancy","Koishi:BramblyRoseGarden","Koishi:DreadfulBlow"],"picked":"Koishi:FourthEye+1","floor":23},{"not_picked":["WhitesApple","NothingThere"],"picked":"GalaxyChild","floor":23},{"not_picked":["Koishi:MindNumbingTerror","Koishi:RorschachInDanmaku","Koishi:Whimsy+1","Koishi:Catatonia+1","Koishi:Jaunt","Koishi:HeartfeltFancy+1"],"picked":"Koishi:DreadfulBlow","floor":24},{"not_picked":["PunishingBird","Murderer"],"picked":"MeatLantern","floor":24},{"not_picked":["Koishi:ReflexRadar+1","Koishi:Vanish+1","Koishi:Prune+1","Koishi:MindNumbingTerror","Koishi:RacingHeart+1","Koishi:BloodcurdlingScream"],"picked":"Koishi:UnconsciousUrges+1","floor":31},{"not_picked":["BodiesMountain","BeautyBeast"],"picked":"Scorched","floor":31},{"not_picked":["Koishi:SilentAndRestless","Koishi:Ego","Koishi:HeartStoppingHorror","Koishi:FormlessExistence","Koishi:FadingMemory","Koishi:MindStellarRelief"],"picked":"Koishi:Heartbroken","floor":33},{"not_picked":["Wellcheers","Laetitia"],"picked":"NothingThere","floor":33},{"not_picked":["DespairKnight","Wellcheers"],"picked":"PlagueDoctor","floor":35},{"not_picked":["Koishi:ReleaseOfTheId+1","Koishi:ParalyzingFear+1","Koishi:GhostParty","Koishi:UnansweredLove","Koishi:TraumaticStroke","Koishi:PhantomStrike+1"],"picked":"Koishi:Untouchable+1","floor":35},{"not_picked":["REME_TwoStrings","testmod-EnhanceArmerment","testmod-DeathImprint","Dramatic Entrance","REME_HeartOfCthun","REME_TheoryOfElimination"],"picked":"REME_WheelOfFate","floor":37},{"not_picked":["Koishi:Ego","Koishi:Catatonia+1","Koishi:Jaunt+1","Koishi:HeartfeltFancy","Koishi:EmbersOfLove+1","Koishi:FleetingPhantom+1","Koishi:EmbryosDream+1"],"picked":"SKIP","floor":39},{"not_picked":["Woodsman","Variant"],"picked":"BlackSwan","floor":40},{"not_picked":["Koishi:HeartfeltFancy+1","Koishi:GeneticsOfTheUnconscious","Koishi:ConfinedInnocent","Koishi:FleetingPhantom","Koishi:MassHysteria","Koishi:FadingMemory","Koishi:JumpScare"],"picked":"SKIP","floor":40},{"not_picked":["QueenOfHatred","BigBird"],"picked":"CENSORED","floor":44},{"not_picked":["Koishi:FleetingPhantom+1","Koishi:Jaunt","Koishi:BramblyRoseGarden","Koishi:PerfectMindControl","Koishi:StrangeCloudFist+1","Koishi:EmbryosDream+1"],"picked":"Koishi:JumpScare+1","floor":44}],"player_experience":259966,"relics_obtained":[{"floor":1,"key":"SynthV:TestCard"},{"floor":1,"key":"LetterFromLob"},{"floor":7,"key":"ArrowTower"},{"floor":9,"key":"Art of War"},{"floor":11,"key":"RuthlessExorcism:ReiMu"},{"floor":14,"key":"Strawberry"},{"floor":1,"key":"SynthV:TestCard"},{"floor":1,"key":"LetterFromLob"},{"floor":6,"key":"GodSword7"},{"floor":11,"key":"testmod-CrystalShield"},{"floor":23,"key":"reliquary:Firecrackers"},{"floor":23,"key":"reliquary:Stiletto"},{"floor":26,"key":"testmod-OneHitWonder"},{"floor":31,"key":"AtMidnight"},{"floor":40,"key":"ZombieArmy"},{"floor":40,"key":"GodSword5"},{"floor":43,"key":"Pear"},{"floor":44,"key":"Bag of Marbles"},{"floor":44,"key":"testmod-EqualTreatment"}],"event_choices":[{"damage_healed":0,"gold_gain":0,"player_choice":"Entered Light","damage_taken":12,"max_hp_gain":0,"max_hp_loss":0,"event_name":"Shining Light","floor":2,"gold_loss":0,"cards_upgraded":["Koishi:Provoke","Koishi:BasicStrike"]},{"damage_healed":0,"gold_gain":0,"player_choice":"Got Potions","damage_taken":0,"max_hp_gain":0,"max_hp_loss":0,"event_name":"Lab","floor":3,"gold_loss":0},{"damage_healed":0,"gold_gain":0,"player_choice":"Box","damage_taken":0,"relics_obtained":["Slimebound:StickyStick"],"max_hp_gain":0,"max_hp_loss":0,"event_name":"Big Fish","floor":5,"gold_loss":0,"cards_obtained":["Regret"]},{"damage_healed":0,"gold_gain":400,"player_choice":"Sell","damage_taken":0,"max_hp_gain":0,"max_hp_loss":0,"event_name":"恩洛斯的盘子","floor":8,"relics_lost":["DaveBox"],"gold_loss":0},{"damage_healed":36,"gold_gain":0,"player_choice":"Full Heal","damage_taken":0,"max_hp_gain":0,"max_hp_loss":0,"event_name":"Wheel of Change","floor":13,"gold_loss":0},{"damage_healed":0,"gold_gain":0,"player_choice":"Box","damage_taken":0,"relics_obtained":["Mastiff:ReiMu"],"max_hp_gain":0,"max_hp_loss":0,"event_name":"Big Fish","floor":2,"gold_loss":0,"cards_obtained":["Regret"]},{"cards_removed":["PunishingBird"],"damage_healed":0,"gold_gain":0,"player_choice":"Took Card","damage_taken":0,"max_hp_gain":0,"max_hp_loss":0,"event_name":"NoteForYourself","floor":3,"gold_loss":0,"cards_obtained":["Strike_MRS"]},{"damage_healed":0,"gold_gain":0,"player_choice":"Grow","damage_taken":0,"max_hp_gain":0,"max_hp_loss":0,"event_name":"Living Wall","floor":5,"gold_loss":0,"cards_upgraded":["Koishi:PerfectMindControl"]},{"cards_removed":["Koishi:BasicDefend"],"damage_healed":0,"gold_gain":0,"player_choice":"Card Removal","damage_taken":0,"max_hp_gain":0,"max_hp_loss":0,"event_name":"The Cleric","floor":8,"gold_loss":50},{"damage_healed":0,"gold_gain":0,"player_choice":"Success","damage_taken":12,"relics_obtained":["Regal Pillow"],"max_hp_gain":0,"max_hp_loss":0,"event_name":"Scrap Ooze","floor":10,"gold_loss":0},{"damage_healed":0,"gold_gain":75,"player_choice":"Touch","damage_taken":7,"max_hp_gain":0,"max_hp_loss":0,"event_name":"FaceTrader","floor":12,"gold_loss":0},{"damage_healed":0,"gold_gain":0,"player_choice":"交出神酒","damage_taken":0,"max_hp_gain":0,"max_hp_loss":0,"event_name":"ZunEvent","floor":19,"relics_lost":["ZunR:ReiMu"],"gold_loss":0,"cards_obtained":["ZunPunch:ReiMu"]},{"damage_healed":0,"gold_gain":0,"player_choice":"Read","damage_taken":0,"max_hp_gain":0,"max_hp_loss":0,"event_name":"The Library","floor":21,"gold_loss":0,"cards_obtained":["Koishi:Untouchable"]},{"damage_healed":0,"gold_gain":275,"player_choice":"Desecrate","damage_taken":0,"max_hp_gain":0,"max_hp_loss":0,"event_name":"Golden Shrine","floor":22,"gold_loss":0,"cards_obtained":["Regret"]},{"damage_healed":0,"gold_gain":0,"player_choice":"Got Potions","damage_taken":0,"max_hp_gain":0,"max_hp_loss":0,"event_name":"Lab","floor":29,"gold_loss":0},{"damage_healed":0,"gold_gain":0,"player_choice":"Memory 1","damage_taken":0,"max_hp_gain":0,"max_hp_loss":0,"event_name":"SensoryStone","floor":37,"gold_loss":0},{"damage_healed":0,"gold_gain":0,"player_choice":"2 cards matched","damage_taken":0,"max_hp_gain":0,"max_hp_loss":0,"event_name":"Match and Keep!","floor":38,"gold_loss":0,"cards_obtained":["downfall:Bewildered","Koishi:RoseHell"]},{"cards_removed":["Koishi:FreudianInstinct"],"damage_healed":0,"gold_gain":0,"player_choice":"Removed Power","damage_taken":0,"max_hp_gain":0,"max_hp_loss":0,"event_name":"Falling","floor":41,"gold_loss":0}],"is_beta":false,"boss_relics":[{"not_picked":["energizedSpire:OgreHead","Snecko Eye"],"picked":"testmod-Temperance"},{"not_picked":["reliquary:Ember","energizedSpire:NeverEndingSparkler"],"picked":"Black Star"},{"not_picked":["REME_LowDesire","Transparent"],"picked":"OneHitWonderSystem"}],"items_purged_floors":[20,25,42],"is_endless":false,"potions_floor_spawned":[1,7,11,4,6,13,24,31,33,44],"ascension_level":0}}