{"host":"344lv32hnei0mdhu","time":1613292607,"event":{"mods":["Act Like it!","BaseMod","Better Match","Better Sensory Stone","Better Skull","Better Third Choice","Better Vampires","Colored Powertips","Highlight Path","Minty Spire (QoL Compilation)","Quick Restart","Random Character Button","Rare Cards Sparkle","StSLib"],"gold_per_floor":[116,116,41,116,136,163,163,179,179,33,47,73,92,125,125,225,225,240,83,97,22,22,22,22,22,46,74,85,85,95,109,109,109,109],"floor_reached":33,"language":"ENG","playtime":1428,"items_purged":[],"score":536,"play_id":"d38fecd1-d273-46e2-896f-645033281e06","local_time":"20210214025007","is_ascension_mode":true,"campfire_choices":[{"data":"ConjureBlade","floor":7.0,"key":"SMITH"},{"floor":15.0,"key":"REST"},{"floor":23.0,"key":"REST"},{"floor":29.0,"key":"REST"},{"floor":32.0,"key":"REST"}],"circlet_count":0,"master_deck":["AscendersBane","Strike_P","Strike_P","Strike_P","Strike_P","Defend_P+1","Defend_P","Defend_P","Defend_P","Eruption","Vigilance","Perseverance","Devotion+1","LessonLearned+1","Vault+1","ConjureBlade+1","Consecrate","Tantrum","Swivel","Judgement","FollowUp","DevaForm","Prostrate","Wallop","Ragnarok+1","Devotion+1","Omniscience+1","Decay","WreathOfFlame","ClearTheMind"],"relics":["PureWater","NeowsBlessing","White Beast Statue","Chemical X","Mummified Hand","HornCleat","Black Star","HandDrill","Art of War","Sundial","Darkstone Periapt"],"acts_visited":["Exordium","TheCity"],"potions_floor_usage":[33],"damage_taken":[{"damage":0.0,"enemies":"2 Louse","floor":1.0,"turns":2.0},{"damage":0.0,"enemies":"Jaw Worm","floor":5.0,"turns":1.0},{"damage":0.0,"enemies":"Gremlin Nob","floor":6.0,"turns":2.0},{"damage":0.0,"enemies":"Cultist","floor":8.0,"turns":3.0},{"damage":4.0,"enemies":"3 Louse","floor":11.0,"turns":4.0},{"damage":30.0,"enemies":"Lagavulin","floor":12.0,"turns":7.0},{"damage":7.0,"enemies":"Exordium Wildlife","floor":13.0,"turns":3.0},{"damage":0.0,"enemies":"Gremlin Nob","floor":14.0,"turns":2.0},{"damage":8.0,"enemies":"Hexaghost","floor":16.0,"turns":7.0},{"damage":40.0,"enemies":"Chosen","floor":18.0,"turns":7.0},{"damage":8.0,"enemies":"Spheric Guardian","floor":20.0,"turns":4.0},{"damage":16.0,"enemies":"Gremlin Leader","floor":27.0,"turns":5.0},{"damage":14.0,"enemies":"Snake Plant","floor":28.0,"turns":5.0},{"damage":10.0,"enemies":"Sentry and Sphere","floor":30.0,"turns":4.0},{"damage":0.0,"enemies":"Snecko","floor":31.0,"turns":5.0},{"damage":38,"enemies":"Collector","floor":33,"turns":4}],"seed_played":"-750010575691040059","potions_obtained":[{"floor":8.0,"key":"BottledMiracle"},{"floor":11.0,"key":"CultistPotion"},{"floor":12.0,"key":"AttackPotion"},{"floor":13.0,"key":"Strength Potion"},{"floor":14.0,"key":"Swift Potion"},{"floor":16.0,"key":"ColorlessPotion"},{"floor":18.0,"key":"GamblersBrew"},{"floor":20.0,"key":"BlessingOfTheForge"},{"floor":27.0,"key":"Block Potion"},{"floor":28.0,"key":"Weak Potion"},{"floor":31.0,"key":"BlessingOfTheForge"}],"is_trial":false,"path_per_floor":["M","?","?","?","M","E","R","M","T","$","M","E","M","E","R","B",null,"M","$","M","?","$","R","?","?","T","E","M","R","M","M","R","B"],"character_chosen":"WATCHER","items_purchased":["Chemical X","HandDrill"],"campfire_rested":4,"item_purchase_floors":[10,19],"current_hp_per_floor":[65,65,65,54,54,54,54,54,54,54,50,20,13,13,34,26,61,21,21,13,13,13,34,34,34,34,18,4,25,15,15,36,0,0],"gold":109,"neow_bonus":"THREE_ENEMY_KILL","is_daily":false,"chose_seed":false,"campfire_upgraded":1,"win_rate":0.0,"timestamp":1613292607,"path_taken":["M","?","?","?","M","E","R","M","T","?","M","E","?","E","R","BOSS","M","$","M","?","$","R","?","?","T","E","?","R","M","M","R","BOSS"],"items_purchased_type":["Relic","Relic"],"build_version":"2020-12-22","purchased_purges":0,"victory":false,"max_hp_per_floor":[72,72,72,72,72,72,72,72,72,72,72,72,72,72,72,72,72,72,72,72,72,72,72,72,72,72,72,72,72,72,72,72,72,72],"card_choices":[{"not_picked":["SashWhip","ClearTheMind"],"picked":"Perseverance","floor":1.0},{"not_picked":["DeusExMachina+1","Alpha+1"],"picked":"Devotion+1","floor":3.0},{"not_picked":["Blasphemy+1","MasterReality+1"],"picked":"LessonLearned+1","floor":3.0},{"not_picked":["Scrawl+1","Ragnarok+1"],"picked":"Vault+1","floor":3.0},{"not_picked":["Evaluate","CutThroughFate"],"picked":"ConjureBlade","floor":5.0},{"not_picked":["Perseverance","Pray"],"picked":"Consecrate","floor":6.0},{"not_picked":["EmptyFist","EmptyBody"],"picked":"Tantrum","floor":8.0},{"not_picked":["Indignation","SandsOfTime"],"picked":"Swivel","floor":11.0},{"not_picked":["ClearTheMind","Evaluate","ThirdEye"],"picked":"SKIP","floor":12.0},{"not_picked":["ReachHeaven","SashWhip"],"picked":"Judgement","floor":13.0},{"not_picked":["MentalFortress","ClearTheMind"],"picked":"FollowUp","floor":14.0},{"not_picked":["DeusExMachina","ConjureBlade"],"picked":"DevaForm","floor":16.0},{"not_picked":["Evaluate","Meditate+1"],"picked":"Prostrate","floor":18.0},{"not_picked":["PathToVictory+1","CutThroughFate"],"picked":"Wallop","floor":20.0},{"not_picked":["DeusExMachina+1","MasterReality+1"],"picked":"Ragnarok+1","floor":21.0},{"not_picked":["MasterReality+1","SpiritShield+1"],"picked":"Devotion+1","floor":21.0},{"not_picked":["Scrawl+1","Ragnarok+1"],"picked":"Omniscience+1","floor":21.0},{"not_picked":["Tantrum","WheelKick","FlyingSleeves"],"picked":"SKIP","floor":27.0},{"not_picked":["FollowUp","Pray"],"picked":"WreathOfFlame","floor":28.0},{"not_picked":["PathToVictory","Judgement","EmptyFist"],"picked":"SKIP","floor":30.0},{"not_picked":["EmptyBody","Consecrate"],"picked":"ClearTheMind","floor":31.0}],"player_experience":373417,"relics_obtained":[{"floor":6.0,"key":"White Beast Statue"},{"floor":12.0,"key":"Mummified Hand"},{"floor":14.0,"key":"HornCleat"},{"floor":26.0,"key":"Art of War"},{"floor":27.0,"key":"Sundial"},{"floor":27.0,"key":"Darkstone Periapt"}],"event_choices":[{"damage_healed":0.0,"max_hp_gain":0.0,"max_hp_loss":0.0,"gold_gain":0.0,"event_name":"Golden Wing","player_choice":"Ignored","floor":2.0,"gold_loss":0.0,"damage_taken":0.0},{"damage_healed":0.0,"max_hp_gain":0.0,"max_hp_loss":0.0,"gold_gain":0.0,"event_name":"betterMatch:BetterMatch","player_choice":"3","floor":3.0,"gold_loss":0.0,"damage_taken":0.0,"cards_obtained":["betterMatch:RareCard"]},{"damage_healed":0.0,"max_hp_gain":0.0,"max_hp_loss":0.0,"gold_gain":75.0,"event_name":"betterThird:BetterGoop","player_choice":"Gold","floor":4.0,"gold_loss":0.0,"damage_taken":11.0},{"damage_healed":0.0,"max_hp_gain":0.0,"max_hp_loss":0.0,"gold_gain":0.0,"event_name":"betterMatch:BetterMatch","player_choice":"3","floor":21.0,"gold_loss":0.0,"damage_taken":0.0,"cards_obtained":["betterMatch:RareCard"]},{"damage_healed":0.0,"max_hp_gain":0.0,"max_hp_loss":0.0,"gold_gain":0.0,"event_name":"Ghosts","player_choice":"Ignored","floor":24.0,"gold_loss":0.0,"damage_taken":0.0},{"damage_healed":0.0,"max_hp_gain":0.0,"max_hp_loss":0.0,"gold_gain":0.0,"event_name":"Forgotten Altar","player_choice":"Smashed Altar","floor":25.0,"gold_loss":0.0,"damage_taken":0.0,"cards_obtained":["Decay"]}],"is_beta":false,"boss_relics":[{"not_picked":["Pandora\u0027s Box","Runic Dome"],"picked":"Black Star"}],"items_purged_floors":[],"is_endless":false,"potions_floor_spawned":[8,11,12,13,14,16,18,20,27,28,30,31],"killed_by":"Collector","ascension_level":12}}