{"host":"d73an99q9oevilk5","time":1613280303,"event":{"mods":["2.2 Compatiblity","AchievementEnabler","Act Like it!","Aspiration","BaseMod","Beaked The Cultist","Better Third Choice","BetterRewards","Bossed Relics","Colored Map","Colored Powertips","Conspire","Downfall","GifTheSpireLib","Halation","Hubris","Infinite Spire","Marisa????????","Mimic Mod","Minty Spire (QoL Compilation)","MostiFishMod","Quick Restart","Relic Sorter","Reliquary","Replay The Spire","Shop Mod","Spikes Relics","StSLib","Stuff the Spire","The Bug Knight","The Cursed","The Jungle","The Necromancer","The Saiyan","The Servant 0.9.4","Waifu the Spire","egg","slay the spire mod where everything is the same but ironclad has a cowboy hat","??????REMEMod"],"gold_per_floor":[114,114,33,47,47,63,73,102,129,161,161,190,225,236,236,341,341,352,110,110,125,125,155,155,182,221,221,221,235,247,276,276,374,374,391,391,401,401,414,447,447,447,447,447,447,55,86,106,106,106],"floor_reached":51,"language":"ENG","playtime":1732,"items_purged":["Normality"],"score":1156,"play_id":"b5fe7158-f88d-47fc-8541-34e661a21e9b","local_time":"20210213222503","is_ascension_mode":false,"campfire_choices":[{"data":"Inflame","floor":11,"key":"SMITH"},{"floor":15,"key":"DIG"},{"data":"Inflame","floor":24,"key":"SMITH"},{"data":"ReplayTheSpireMod:Muscle Training","floor":28,"key":"SMITH"},{"data":"Armaments","floor":32,"key":"SMITH"},{"data":"Reaper","floor":41,"key":"SMITH"},{"data":"MostiFishMod:CullingBlade","floor":45,"key":"SMITH"},{"data":"MostiFishMod:TheLastGuard","floor":49,"key":"SMITH"}],"circlet_count":0,"master_deck":["Strike_R","Strike_R","Strike_R","Strike_R","Strike_R","Defend_R","Defend_R","Defend_R","Defend_R","Bash","ReplayTheSpireMod:Muscle Training+1","Twin Strike","DevaForm","Flame Barrier","MostiFishMod:CullingBlade","Uppercut","Cleave","Regret","Inflame+1","Disarm","MostiFishMod:CullingBlade+1","Clothesline","BarbarianYell","Armaments+1","Double Tap","Inflame+1","BarbarianYell","Flex","Intimidate+1","Spot Weakness+1","Armaments+1","Reaper+1","MostiFishMod:EE1D","MostiFishMod:EE1D","MostiFishMod:EE1D","Whirlwind+1","infinitespire:Menacing","CurseOfTheBell","CurseOfTheBell","MostiFishMod:TheLastGuard+1","Thunderclap+1","Sword Boomerang+1"],"relics":["Burning Blood","MostiFishMod:Haymaker","EE1DDrone","REME_ComplimentaryCards","hubris:GlazedTorus","DaveBox","FossilizedHelix","MetatronsCube","SynthV:TestCard","StuffTheSpire:RedRose","Omamori","Nunchaku","conspire:GiftBox","Odd Mushroom","reliquary:Crutches","ArrowTower","SacredBark","Mummified Hand","halation:PinkSoulGem","halation:SelfBoilingWater","Gremlin Horn","Centennial Puzzle","infinitespire:Beetle Shell","Bag of Preparation","hubris:IronBody","downfall:ExtraCursedBell","conspire:TopHat","reliquary:BoilingFlask","Thread and Needle","StuffTheSpire:GrapeVine","BrokenLever"],"acts_visited":["Exordium","TheCity","TheBeyond"],"potions_floor_usage":[10,12,31,33,35,47,50,50],"damage_taken":[{"damage":0,"enemies":"2 Louse","floor":1,"turns":3},{"damage":0,"enemies":"Cultist","floor":4,"turns":3},{"damage":0,"enemies":"Small Slimes","floor":6,"turns":2},{"damage":0,"enemies":"Exordium Thugs","floor":7,"turns":3},{"damage":0,"enemies":"HollowMod:MossKnight","floor":8,"turns":3},{"damage":8,"enemies":"3 Sentries","floor":10,"turns":4},{"damage":0,"enemies":"The Mushroom Lair","floor":12,"turns":3},{"damage":0,"enemies":"Lagavulin","floor":13,"turns":4},{"damage":0,"enemies":"Looter","floor":14,"turns":2},{"damage":9,"enemies":"Fading Forest","floor":16,"turns":11},{"damage":4,"enemies":"Shell Parasite","floor":18,"turns":3},{"damage":12,"enemies":"Shelled Parasite and Fungi","floor":21,"turns":4},{"damage":7,"enemies":"Gremlin Leader","floor":23,"turns":5},{"damage":6,"enemies":"REME_1_Revenger","floor":25,"turns":3},{"damage":7,"enemies":"Centurion and Healer","floor":26,"turns":5},{"damage":9,"enemies":"Centurion and Healer","floor":29,"turns":2},{"damage":14,"enemies":"Snake Plant","floor":30,"turns":2},{"damage":22,"enemies":"Gremlin Leader","floor":31,"turns":4},{"damage":11,"enemies":"Collector","floor":33,"turns":3},{"damage":34,"enemies":"3 Darklings","floor":35,"turns":5},{"damage":0,"enemies":"Orb Walker","floor":37,"turns":3},{"damage":0,"enemies":"Maw","floor":39,"turns":3},{"damage":7,"enemies":"Giant Head","floor":40,"turns":4},{"damage":0,"enemies":"Reptomancer","floor":47,"turns":2},{"damage":0,"enemies":"Sphere and 2 Shapes","floor":48,"turns":2},{"damage":18,"enemies":"infinitespire:MassOfShapes","floor":50,"turns":5}],"seed_played":"-755904674785727193","potions_obtained":[{"floor":1,"key":"Fire Potion"},{"floor":6,"key":"SkillPotion"},{"floor":7,"key":"SpeedPotion"},{"floor":13,"key":"BloodPotion"},{"floor":25,"key":"Weak Potion"},{"floor":31,"key":"Weak Potion"},{"floor":39,"key":"infinitespire:BlackPotion"},{"floor":48,"key":"PowerPotion"}],"is_trial":false,"path_per_floor":["M","?","$","M","?","M","M","E","T","E","R","?","E","M","R_BF","B",null,"M","$","?","M","?","E","R","E","MIM","?","R","M","M","E","R","B",null,"M","?","M","?","M","E","R","?","T","?","R","$","E","M","R","B",null],"character_chosen":"IRONCLAD","items_purchased":["hubris:GlazedTorus","ReplayTheSpireMod:Muscle Training","Twin Strike","Uppercut","Mummified Hand","StuffTheSpire:GrapeVine","MostiFishMod:TheLastGuard"],"campfire_rested":0,"item_purchase_floors":[0,0,0,3,19,46,46],"current_hp_per_floor":[80,80,80,80,80,80,80,80,80,78,78,80,80,80,80,77,80,80,80,80,74,74,73,73,73,72,72,72,69,61,45,45,72,80,53,56,62,62,68,67,67,67,67,67,67,67,83,83,83,78],"gold":106,"neow_bonus":"","is_daily":false,"chose_seed":false,"campfire_upgraded":7,"win_rate":0.0,"timestamp":1613280303,"path_taken":["M","?","?","M","?","M","M","E","T","E","R","?","E","M","R_BF","BOSS","M","$","?","M","?","E","R","E","MIM","?","R","M","M","E","R","BOSS","M","?","M","?","M","E","R","?","T","?","R","?","E","?","R","BOSS"],"items_purchased_type":["Relic","Card","Card","Card","Relic","Relic","Card"],"build_version":"2020-12-22","purchased_purges":1,"victory":true,"max_hp_per_floor":[80,80,80,80,80,80,80,80,80,80,80,80,80,80,80,80,80,80,80,80,80,80,80,80,80,80,80,80,80,80,80,80,80,80,80,83,83,83,83,83,83,83,83,83,83,83,83,83,83,83],"card_choices":[{"not_picked":["StuffTheSpire:Incineration","Spot Weakness"],"picked":"Flame Barrier","floor":1},{"not_picked":["MostiFishMod:UltimateDefense","StuffTheSpire:Resist","Sword Boomerang","StuffTheSpire:Incineration"],"picked":"Cleave","floor":4},{"not_picked":["Metallicize","Massacre","Twin Strike","StuffTheSpire:RockThrow"],"picked":"Inflame","floor":6},{"not_picked":["Twin Strike","Invigoration","Run Through","StuffTheSpire:Incineration"],"picked":"Disarm","floor":7},{"not_picked":["Bloodletting","Power Through","Shrug It Off","MostiFishMod:ChineseTea","ReplayTheSpireMod:Strike From Hell"],"picked":"SKIP","floor":8},{"not_picked":["hubris:StunningStrike","Hemogenesis"],"picked":"MostiFishMod:CullingBlade","floor":10},{"not_picked":["StuffTheSpire:Pyroclast","StuffTheSpire:BloodClot","ReplayTheSpireMod:Strike From Hell","Cleave"],"picked":"Clothesline","floor":10},{"not_picked":["Perfected Strike","Dual Wield","Clothesline","REME_FearOfPain"],"picked":"BarbarianYell","floor":12},{"not_picked":["Reckless Charge","StuffTheSpire:RockThrow","Clothesline","Wild Strike","Fire Breathing"],"picked":"SKIP","floor":13},{"not_picked":["Reckless Charge","StuffTheSpire:RockThrow","Clothesline","Wild Strike","Fire Breathing"],"picked":"SKIP","floor":13},{"not_picked":["MostiFishMod:#F4004","Pommel Strike","Perfected Strike","Dual Wield"],"picked":"Armaments","floor":14},{"not_picked":["Exhume","Corruption","Offering","Brutality"],"picked":"Double Tap","floor":16},{"not_picked":["StuffTheSpire:RockThrow","Twin Strike","Havoc","MostiFishMod:RainCloud","Perfected Strike+1"],"picked":"SKIP","floor":18},{"not_picked":["Power Through+1","MostiFishMod:BrandingRite","conspire:Charge","Sword Boomerang"],"picked":"Inflame","floor":21},{"not_picked":["Anger","Searing Blow","Feel No Pain","Clash+1"],"picked":"BarbarianYell","floor":23},{"not_picked":["StuffTheSpire:BloodClot+1","Wild Strike+1","Warcry","Bloodletting"],"picked":"Flex","floor":25},{"not_picked":["conspire:Charge+1","Anger","Thunderclap","StuffTheSpire:Incineration"],"picked":"Intimidate+1","floor":26},{"not_picked":["hubris:ReadiedAction","REME_FearOfPain+1","True Grit","Clash"],"picked":"Spot Weakness+1","floor":29},{"not_picked":["Burning Pact","hubris:CleavingFinish","True Grit","MostiFishMod:TemporaryOutbreak"],"picked":"Armaments+1","floor":30},{"not_picked":["Power Through","Armaments","Anger","Body Slam","ReplayTheSpireMod:LeadingStrike"],"picked":"SKIP","floor":31},{"not_picked":["Berserk","MostiFishMod:ChineseTea","Hemogenesis","Brutality"],"picked":"Reaper","floor":33},{"not_picked":["Run Through+1","Body Slam","Replay:Undeath\u0027s Touch","hubris:ReadiedAction+1","Absolvement"],"picked":"SKIP","floor":35},{"not_picked":["REME_SingleHolding","Dual Wield","hubris:ReadiedAction+1","Clothesline+1","infinitespire:OneForAll"],"picked":"SKIP","floor":37},{"not_picked":["Body Slam","infinitespire:OneForAll+1","Bloodletting+1","ReplayTheSpireMod:Strike From Hell+1","hubris:ReadiedAction"],"picked":"SKIP","floor":39},{"not_picked":["Combust","Sword Boomerang","Disarm","Body Slam"],"picked":"Whirlwind+1","floor":40},{"not_picked":["infinitespire:Collect","ReplayTheSpireMod:Black Plague"],"picked":"infinitespire:Menacing","floor":42},{"not_picked":["MostiFishMod:PerfectStrikeMKII","StuffTheSpire:BloodClot+1","Sword Boomerang","MostiFishMod:TemporaryOutbreak"],"picked":"Thunderclap+1","floor":47},{"not_picked":["Hemokinesis+1","Abandon","Shrug It Off+1","Flex+1"],"picked":"Sword Boomerang+1","floor":48}],"player_experience":1937038,"relics_obtained":[{"floor":1,"key":"SynthV:TestCard"},{"floor":8,"key":"Omamori"},{"floor":9,"key":"Nunchaku"},{"floor":10,"key":"conspire:GiftBox"},{"floor":12,"key":"Odd Mushroom"},{"floor":13,"key":"reliquary:Crutches"},{"floor":15,"key":"ArrowTower"},{"floor":23,"key":"halation:SelfBoilingWater"},{"floor":25,"key":"Gremlin Horn"},{"floor":26,"key":"MostiFishMod:Haymaker"},{"floor":31,"key":"infinitespire:Beetle Shell"},{"floor":40,"key":"Bag of Preparation"},{"floor":43,"key":"hubris:IronBody"},{"floor":44,"key":"conspire:TopHat"},{"floor":44,"key":"reliquary:BoilingFlask"},{"floor":44,"key":"Thread and Needle"},{"floor":47,"key":"BrokenLever"}],"event_choices":[{"damage_healed":0,"gold_gain":0,"player_choice":"1 cards matched","damage_taken":0,"max_hp_gain":0,"max_hp_loss":0,"event_name":"Match and Keep!","floor":2,"gold_loss":0,"cards_obtained":["MostiFishMod:CullingBlade"]},{"damage_healed":0,"gold_gain":0,"player_choice":"Fought Mushrooms","damage_taken":0,"max_hp_gain":0,"max_hp_loss":0,"event_name":"Mushrooms","floor":12,"gold_loss":0},{"damage_healed":0,"gold_gain":0,"player_choice":"Ignored","damage_taken":0,"max_hp_gain":0,"max_hp_loss":0,"event_name":"Vampires","floor":20,"gold_loss":0},{"damage_healed":0,"gold_gain":0,"player_choice":"Memory 1","damage_taken":0,"max_hp_gain":0,"max_hp_loss":0,"event_name":"SensoryStone","floor":38,"gold_loss":0}],"is_beta":false,"boss_relics":[{"not_picked":["aspiration:SecretTechniqueScroll","Ooze Armor"],"picked":"SacredBark"},{"not_picked":["beaked:MawFillet","Fusion Hammer"],"picked":"EE1DDrone"}],"items_purged_floors":[46],"is_endless":false,"potions_floor_spawned":[1,6,7,13,25,30,31,39,48],"ascension_level":0}}