{"host":"su4bqgzf8ryjohfr","time":1613342875,"event":{"mods":["BaseMod","Minty Spire (QoL Compilation)"],"gold_per_floor":[119,1924,1936,1199,1199,1233,1233,1261,1261,1273,1291,1291,1313,1345,1345,1447,1447,1464,636,652,671,688,719,86,118,118,218,218,247,247,279,279,384,384,398,2140,2155,2165,2165,2165,2165,2387,2387,2387,2432,2451,2471,2471,2471,2471,2471,2471,2000,2034,2034],"floor_reached":56,"language":"ENG","playtime":5032,"items_purged":["Strike_B","Strike_B","Biased Cognition","Defend_B","Defend_B","Writhe"],"score":1366,"play_id":"6de48062-f4ab-4b1a-9dbf-d5d3df13964f","local_time":"20210214174755","is_ascension_mode":true,"campfire_choices":[{"data":"Streamline","floor":7,"key":"SMITH"},{"data":"Aggregate","floor":15,"key":"SMITH"},{"data":"Stack","floor":28,"key":"SMITH"},{"data":"Conserve Battery","floor":30,"key":"SMITH"},{"data":"Chill","floor":32,"key":"SMITH"},{"floor":40,"key":"RECALL"},{"floor":49,"key":"REST"},{"floor":52,"key":"REST"}],"circlet_count":0,"master_deck":["Defend_B+1","Zap+1","Dualcast+1","Cold Snap+1","Capacitor+1","Conserve Battery+1","FTL+1","Streamline+1","Genetic Algorithm+1","Melter+1","Go for the Eyes+1","Coolheaded+1","Cold Snap+1","Aggregate+1","Go for the Eyes+1","Chaos+1","Fission+1","Defragment+1","Creative AI+1","Glacier+1","Compile Driver+1","Chill+1","Loop+1","Stack+1","Stack+1","Beam Cell+1","Thunder Strike+1","Apotheosis+1","Go for the Eyes+1"],"relics":["Inserter","Lee\u0027s Waffle","Vajra","Bronze Scales","TheAbacus","Pen Nib","Juzu Bracelet","Bottled Flame","Singing Bowl","Mummified Hand","Odd Mushroom","Astrolabe","Toolbox","Meat on the Bone","Ornamental Fan","Toy Ornithopter","OrangePellets","Boot","Happy Flower","Potion Belt","Red Mask","MealTicket","Runic Pyramid","Matryoshka","Pantograph","Mark of the Bloom","Shuriken","Pear","Incense Burner","Membership Card","Bottled Tornado","HornCleat"],"acts_visited":["Exordium","TheCity","TheBeyond","TheEnding"],"potions_floor_usage":[47,54],"damage_taken":[{"damage":2,"enemies":"Small Slimes","floor":1,"turns":4},{"damage":0,"enemies":"Cultist","floor":3,"turns":3},{"damage":2,"enemies":"Lagavulin","floor":6,"turns":7},{"damage":17,"enemies":"3 Sentries","floor":8,"turns":7},{"damage":0,"enemies":"Jaw Worm","floor":10,"turns":3},{"damage":0,"enemies":"2 Fungi Beasts","floor":11,"turns":3},{"damage":24,"enemies":"The Mushroom Lair","floor":13,"turns":6},{"damage":17,"enemies":"Gremlin Nob","floor":14,"turns":5},{"damage":30,"enemies":"The Guardian","floor":16,"turns":12},{"damage":3,"enemies":"Chosen","floor":18,"turns":5},{"damage":0,"enemies":"Shell Parasite","floor":20,"turns":6},{"damage":12,"enemies":"Snake Plant","floor":21,"turns":4},{"damage":3,"enemies":"Centurion and Healer","floor":22,"turns":6},{"damage":6,"enemies":"Slavers","floor":23,"turns":7},{"damage":16,"enemies":"Gremlin Leader","floor":25,"turns":8},{"damage":7,"enemies":"Masked Bandits","floor":29,"turns":4},{"damage":18,"enemies":"Slavers","floor":31,"turns":7},{"damage":20,"enemies":"Automaton","floor":33,"turns":8},{"damage":15,"enemies":"3 Shapes","floor":35,"turns":7},{"damage":5,"enemies":"Orb Walker","floor":37,"turns":5},{"damage":9,"enemies":"Sphere and 2 Shapes","floor":38,"turns":4},{"damage":0,"enemies":"2 Orb Walkers","floor":45,"turns":5},{"damage":7,"enemies":"Writhing Mass","floor":46,"turns":6},{"damage":28,"enemies":"Transient","floor":47,"turns":5},{"damage":9,"enemies":"Awakened One","floor":50,"turns":12},{"damage":2,"enemies":"Shield and Spear","floor":54,"turns":5},{"damage":8,"enemies":"The Heart","floor":55,"turns":14}],"seed_played":"8636300202332251416","potions_obtained":[{"floor":33,"key":"BlessingOfTheForge"},{"floor":47,"key":"PotionOfCapacity"}],"is_trial":false,"path_per_floor":["M","$","M","$","?","E","R","E","T","M","M","?","?","E","R","B",null,"M","$","M","M","M","E","$","E","T","?","R","?","R","E","R","B",null,"M","$","M","M","?","R","?","?","T","?","?","M","M","?","R","B",null,"R","$","E","B",null],"character_chosen":"DEFECT","items_purchased":["Lee\u0027s Waffle","Vajra","Bronze Scales","BlessingOfTheForge","Fire Potion","Swift Potion","Capacitor","Conserve Battery","FTL","TheAbacus","Pen Nib","Juzu Bracelet","Genetic Algorithm","Melter","Go for the Eyes","Toolbox","Meat on the Bone","Ornamental Fan","Compile Driver","OrangePellets","Boot","Happy Flower","Stack","Apotheosis","Matryoshka","Pantograph","BlessingOfTheForge","Fire Potion","Membership Card","Bottled Tornado"],"campfire_rested":2,"item_purchase_floors":[2,2,2,2,2,2,2,2,2,4,4,4,4,4,4,19,19,19,19,24,24,24,24,36,36,36,36,36,53,53],"current_hp_per_floor":[73,82,82,82,82,80,80,63,63,63,63,63,39,22,22,47,82,81,81,81,69,68,64,64,48,48,48,48,53,53,47,47,39,88,75,90,87,78,78,78,78,78,78,78,78,71,43,43,43,34,34,34,34,32,24],"gold":2034,"neow_bonus":"BOSS_RELIC","is_daily":false,"chose_seed":false,"campfire_upgraded":5,"win_rate":0.0,"timestamp":1613342875,"path_taken":["M","$","M","$","?","E","R","E","T","M","M","?","?","E","R","BOSS","M","$","M","M","M","E","$","E","T","?","R","?","R","E","R","BOSS","M","$","M","M","?","R","?","?","T","?","?","M","M","?","R","BOSS","R","$","E","BOSS"],"items_purchased_type":["Relic","Relic","Relic","Potion","Potion","Potion","Card","Card","Card","Relic","Relic","Relic","Card","Card","Card","Relic","Relic","Relic","Card","Relic","Relic","Relic","Card","Card","Relic","Relic","Potion","Potion","Relic","Relic"],"build_version":"2020-12-22","purchased_purges":6,"victory":true,"max_hp_per_floor":[75,82,82,82,82,82,82,82,82,82,82,82,82,82,82,82,82,84,84,84,84,86,88,88,88,88,88,88,88,88,88,88,88,88,90,90,92,92,92,92,92,92,102,102,104,106,108,108,108,108,108,108,108,410,410],"card_choices":[{"not_picked":["Scrape","Redo"],"picked":"Cold Snap","floor":1},{"not_picked":["Steam","Chill"],"picked":"Streamline","floor":3},{"not_picked":["All For One","Redo"],"picked":"Coolheaded","floor":6},{"not_picked":["Reinforced Body","Ball Lightning"],"picked":"Biased Cognition","floor":8},{"not_picked":["White Noise","Leap"],"picked":"Cold Snap","floor":10},{"not_picked":["Stack","Rebound"],"picked":"Aggregate","floor":11},{"not_picked":["Leap","Aggregate"],"picked":"Go for the Eyes","floor":13},{"not_picked":["Leap","Gash"],"picked":"Chaos","floor":14},{"not_picked":["Seek","Amplify"],"picked":"Fission","floor":16},{"not_picked":["Reinforced Body","Rip and Tear","Darkness"],"picked":"Singing Bowl","floor":18},{"not_picked":["Gash+1","Rebound+1"],"picked":"Chill","floor":20},{"not_picked":["Streamline","Sweeping Beam"],"picked":"Loop","floor":21},{"not_picked":["Thunder Strike","Coolheaded","Genetic Algorithm"],"picked":"Singing Bowl","floor":22},{"not_picked":["Steam","Fusion+1","Coolheaded"],"picked":"Singing Bowl","floor":23},{"not_picked":["FTL+1","Capacitor+1"],"picked":"Stack","floor":25},{"not_picked":["Reprogram","Self Repair+1"],"picked":"Blizzard+1","floor":29},{"not_picked":["Compile Driver+1","Creative AI"],"picked":"Beam Cell+1","floor":31},{"not_picked":["Fission","Rainbow"],"picked":"Thunder Strike","floor":33},{"not_picked":["Storm","Stack+1","Doom and Gloom+1"],"picked":"Singing Bowl","floor":35},{"not_picked":["Ball Lightning","Steam","Capacitor"],"picked":"Singing Bowl","floor":37},{"not_picked":["Self Repair","Redo"],"picked":"Go for the Eyes","floor":38},{"not_picked":["Gash","White Noise","Auto Shields"],"picked":"Singing Bowl","floor":45},{"not_picked":["Cold Snap+1","Aggregate","Ball Lightning"],"picked":"Singing Bowl","floor":46},{"not_picked":["Barrage","Gash","All For One"],"picked":"Singing Bowl","floor":47},{"not_picked":["Self Repair","Hologram+1","Rebound"],"picked":"Singing Bowl","floor":54}],"player_experience":61397,"relics_obtained":[{"floor":6,"key":"Bottled Flame"},{"floor":8,"key":"Singing Bowl"},{"floor":9,"key":"Mummified Hand"},{"floor":13,"key":"Odd Mushroom"},{"floor":23,"key":"Toy Ornithopter"},{"floor":25,"key":"Potion Belt"},{"floor":29,"key":"Red Mask"},{"floor":31,"key":"MealTicket"},{"floor":43,"key":"Shuriken"},{"floor":43,"key":"Pear"},{"floor":45,"key":"Incense Burner"},{"floor":54,"key":"HornCleat"}],"event_choices":[{"damage_healed":0,"gold_gain":0,"player_choice":"Forge","damage_taken":0,"max_hp_gain":0,"max_hp_loss":0,"event_name":"Accursed Blacksmith","floor":5,"gold_loss":0,"cards_upgraded":["Genetic Algorithm"]},{"damage_healed":0,"gold_gain":0,"player_choice":"Ignored","damage_taken":0,"max_hp_gain":0,"max_hp_loss":0,"event_name":"Golden Idol","floor":12,"gold_loss":0},{"damage_healed":0,"gold_gain":0,"player_choice":"Fought Mushrooms","damage_taken":0,"max_hp_gain":0,"max_hp_loss":0,"event_name":"Mushrooms","floor":13,"gold_loss":0},{"damage_healed":0,"gold_gain":100,"player_choice":"Pray","damage_taken":0,"max_hp_gain":0,"max_hp_loss":0,"event_name":"Golden Shrine","floor":27,"gold_loss":0},{"damage_healed":0,"gold_gain":0,"player_choice":"Fought Bandits","damage_taken":0,"max_hp_gain":0,"max_hp_loss":0,"event_name":"Masked Bandits","floor":29,"gold_loss":0},{"damage_healed":0,"gold_gain":0,"player_choice":"Upgrade","damage_taken":0,"relics_obtained":["Mark of the Bloom"],"max_hp_gain":0,"max_hp_loss":0,"event_name":"MindBloom","floor":39,"gold_loss":0,"cards_upgraded":["Defend_B","Zap","Dualcast","Cold Snap","Capacitor","FTL","Melter","Go for the Eyes","Coolheaded","Cold Snap","Go for the Eyes","Chaos","Fission","Compile Driver","Loop","Stack","Thunder Strike","Apotheosis","Go for the Eyes"]},{"damage_healed":0,"gold_gain":0,"player_choice":"Got Potions","damage_taken":0,"max_hp_gain":0,"max_hp_loss":0,"event_name":"Lab","floor":41,"gold_loss":0},{"damage_healed":0,"gold_gain":222,"player_choice":"Wore Mask","damage_taken":0,"max_hp_gain":0,"max_hp_loss":0,"event_name":"Tomb of Lord Red Mask","floor":42,"gold_loss":0},{"damage_healed":26,"gold_gain":0,"player_choice":"Writhe","damage_taken":0,"max_hp_gain":0,"max_hp_loss":0,"event_name":"Winding Halls","floor":44,"gold_loss":0,"cards_obtained":["Writhe"]},{"damage_healed":0,"gold_gain":0,"player_choice":"Fight","damage_taken":0,"max_hp_gain":0,"max_hp_loss":0,"event_name":"Mysterious Sphere","floor":45,"gold_loss":0},{"cards_removed":["Blizzard"],"damage_healed":0,"gold_gain":0,"player_choice":"Removed Attack","damage_taken":0,"max_hp_gain":0,"max_hp_loss":0,"event_name":"Falling","floor":48,"gold_loss":0}],"is_beta":false,"boss_relics":[{"not_picked":["Ectoplasm","Velvet Choker"],"picked":"Astrolabe"},{"not_picked":["Nuclear Battery","SlaversCollar"],"picked":"Runic Pyramid"}],"items_purged_floors":[2,4,19,24,36,53],"is_endless":false,"potions_floor_spawned":[6,8,10,11,14,16,20,22,33,45,47],"ascension_level":1}}