{"host":"or1kyy78tiubr3jv","time":1613269804,"event":{"mods":["2.2 Compatiblity","AchievementEnabler","BaseMod","Bestiary","Better Note","Better Third Choice","BetterRewards","Colored Map","Colored Powertips","DeckTracker","Downfall","Energized Spire","Highlight Path","Infinite Spire","Minty Spire (QoL Compilation)","Quick Restart","Relic Filter","Reworked Bosses","StSLib","The Cursed","The Runesmith","The Showman"],"gold_per_floor":[99,117,135,148,148,148,230,130,145,28,28,63,63,74,95,193,193,93,115,141,168,195,217,217,217,217,217],"floor_reached":25,"language":"ENG","playtime":4698,"items_purged":["hexamod:Strike"],"score":228,"play_id":"791b2c09-0650-4c14-9b0c-5d55cdab1b70","local_time":"20210213213004","is_ascension_mode":true,"campfire_choices":[{"data":"hexamod:Sear","floor":1,"key":"SMITH"},{"data":"hexamod:Float","floor":6,"key":"SMITH"},{"floor":8,"key":"RECALL"},{"data":"hexamod:HexaLevel","floor":13,"key":"SMITH"},{"data":"hexamod:ApocalypticArmor","floor":18,"key":"SMITH"}],"circlet_count":0,"master_deck":["hexamod:Strike","hexamod:Strike","hexamod:Strike","hexamod:Defend","hexamod:Defend","hexamod:Defend","hexamod:Defend","hexamod:Sear+1","hexamod:Float+1","hexamod:HauntingEcho","hexamod:ShieldOfDarkness","hexamod:ThirdSeal","hexamod:Hexaguard","hexamod:SoulSteal","hexamod:VolcanoVisage","hexamod:FlamesFromBeyond","hexamod:AdvancingGuard","hexamod:FirstSeal","hexamod:HexaLevel+1","hexamod:SecondSeal","hexamod:StepThrough","hexamod:FourthSeal","hexamod:ApocalypticArmor+1","hexamod:EmpoweredFlame","hexamod:RecurringNightmare","hexamod:Hexaguard","hexamod:HeatShield"],"relics":["hexamod:SpiritBrand","downfall:ShatteredFragment","downfall:HeartBlessingBlue","Juzu Bracelet","hexamod:IceCube","downfall:HeartBlessingGreen","Ornamental Fan"],"acts_visited":["Exordium","TheCity"],"potions_floor_usage":[10,12,14,19,21,25,25],"damage_taken":[{"damage":0,"enemies":"Small Slimes","floor":2,"turns":3},{"damage":0,"enemies":"Jaw Worm","floor":3,"turns":2},{"damage":0,"enemies":"Cultist","floor":4,"turns":4},{"damage":7,"enemies":"2 Fungi Beasts","floor":9,"turns":3},{"damage":0,"enemies":"downfall:FleeingMerchant","floor":10,"turns":4},{"damage":16,"enemies":"Gremlin Nob","floor":12,"turns":4},{"damage":0,"enemies":"Large Slime","floor":14,"turns":5},{"damage":0,"enemies":"downfall:LooterAlt","floor":15,"turns":3},{"damage":15,"enemies":"IC_STATUS_ARCHETYPE","floor":16,"turns":6},{"damage":0,"enemies":"Chosen","floor":19,"turns":5},{"damage":16,"enemies":"3 Byrds","floor":20,"turns":4},{"damage":25,"enemies":"Cultist and Chosen","floor":21,"turns":5},{"damage":9,"enemies":"Centurion and Healer","floor":22,"turns":5},{"damage":34,"enemies":"Snake Plant","floor":23,"turns":4},{"damage":25,"enemies":"Chosen and Byrds","floor":25,"turns":5}],"seed_played":"-8816439710075190691","potions_obtained":[{"floor":0,"key":"Regen Potion"},{"floor":0,"key":"Block Potion"},{"floor":0,"key":"AttackPotion"},{"floor":9,"key":"Energy Potion"},{"floor":16,"key":"bronze:BurnAndBuffPotion"},{"floor":16,"key":"hexamod:InfernoChargePotion"},{"floor":19,"key":"bronze:BurnAndBuffPotion"},{"floor":19,"key":"sneckomod:MuddlingPotion"},{"floor":21,"key":"Explosive Potion"},{"floor":22,"key":"LiquidBronze"},{"floor":22,"key":"PowerPotion"}],"is_trial":false,"path_per_floor":["R","M","M","M","?","R","T","R","M","$","?","E","R","M","M","B",null,"R","M","M","M","M","M","T","M"],"character_chosen":"THE_SPIRIT","items_purchased":["hexamod:AdvancingGuard"],"campfire_rested":0,"item_purchase_floors":[10],"current_hp_per_floor":[70,70,70,70,49,49,49,59,52,66,59,43,43,50,57,42,80,80,80,71,53,51,24,24,0,0,0],"gold":217,"neow_bonus":"THREE_SMALL_POTIONS","is_daily":false,"chose_seed":false,"campfire_upgraded":4,"win_rate":0.0,"timestamp":1613269804,"path_taken":["R","M","M","M","?","R","T","R","M","$","?","E","R","M","M","BOSS","R","M","M","M","M","M","T","M"],"items_purchased_type":["Card"],"build_version":"2020-12-22","purchased_purges":1,"victory":false,"max_hp_per_floor":[70,70,70,70,70,70,70,80,80,80,80,80,80,80,80,80,80,80,80,80,80,80,80,80,80,80,80],"card_choices":[{"not_picked":["hexamod:SuperheatedStrike","hexamod:SpectralSpark"],"picked":"hexamod:HauntingEcho","floor":2},{"not_picked":["hexamod:SuperheatedStrike","hexamod:Hexaguard"],"picked":"hexamod:ShieldOfDarkness","floor":3},{"not_picked":["hexamod:SecondSeal","hexamod:ChargedBarrage"],"picked":"hexamod:ThirdSeal","floor":4},{"not_picked":["hexamod:FlameSwitch","hexamod:SkipABeat"],"picked":"hexamod:Hexaguard","floor":9},{"not_picked":["hexamod:ThermalTransfer","hexamod:SuperheatedStrike","hexamod:SoulSteal"],"picked":"SKIP","floor":9},{"not_picked":["hexamod:ThermalTransfer","hexamod:SuperheatedStrike"],"picked":"hexamod:SoulSteal","floor":9},{"not_picked":["hexamod:SpectralAdrenaline","hexamod:HauntingEcho"],"picked":"hexamod:VolcanoVisage","floor":10},{"not_picked":["hexamod:Incineration","hexamod:HauntingEcho"],"picked":"hexamod:FlamesFromBeyond","floor":10},{"not_picked":["hexamod:GhostflameBarrier","hexamod:SuperheatedStrike"],"picked":"hexamod:HexaLevel","floor":12},{"not_picked":["hexamod:SpectralAdrenaline","hexamod:SuperheatedStrike"],"picked":"hexamod:SecondSeal","floor":14},{"not_picked":["hexamod:SpectersWail","hexamod:SuperheatedStrike"],"picked":"hexamod:StepThrough","floor":15},{"not_picked":["hexamod:Rewind","hexamod:NightmareGuise"],"picked":"hexamod:FourthSeal","floor":15},{"not_picked":["hexamod:UnlimitedPower","hexamod:Toasty"],"picked":"hexamod:ApocalypticArmor","floor":16},{"not_picked":["hexamod:SkipABeat","hexamod:ThirdSeal"],"picked":"hexamod:EmpoweredFlame","floor":19},{"not_picked":["hexamod:SpectralAdrenaline","hexamod:Firestarter","hexamod:GhostOfSpireFuture"],"picked":"SKIP","floor":19},{"not_picked":["hexamod:HeatShield","hexamod:InspiringFlames"],"picked":"hexamod:RecurringNightmare","floor":20},{"not_picked":["hexamod:NightmareGuise","hexamod:GhostLash"],"picked":"hexamod:Hexaguard","floor":21},{"not_picked":["hexamod:SpectralAdrenaline","hexamod:NightmareStrike+1","hexamod:SecondSeal"],"picked":"SKIP","floor":21},{"not_picked":["hexamod:FourthSeal","hexamod:InspiringFlames","hexamod:RetreatToShadows"],"picked":"SKIP","floor":22},{"not_picked":["hexamod:RetreatToShadows","hexamod:HeatCrush"],"picked":"hexamod:HeatShield","floor":23},{"not_picked":["hexamod:SwordOfDarkness","hexamod:NightmareStrike+1","hexamod:BurningTouch"],"picked":"SKIP","floor":23}],"player_experience":590742,"relics_obtained":[{"floor":12,"key":"Juzu Bracelet"},{"floor":24,"key":"Ornamental Fan"}],"event_choices":[],"is_beta":false,"boss_relics":[{"not_picked":["Philosopher\u0027s Stone","Runesmith:UraniumAnvil"],"picked":"hexamod:IceCube"}],"items_purged_floors":[10],"is_endless":false,"potions_floor_spawned":[3,4,9,16,19,21,22],"killed_by":"Chosen and Byrds","ascension_level":2}}