{"host":"m4zn6rtsd36lrr22","time":1613312274,"event":{"mods":["2.2 Compatiblity","Act Like it!","BaseMod","Better Synergies","BetterRewards","CapriCore","Colored Map","Custom Start","FoggyMod","Gensokyo","GungeonMod","HololiveMod","Ironclad Rager","Lobotomy","LobotomyExtend","Luminous","Minty Spire (QoL Compilation)","Permanent Neow","Poor People Problems","Prisma Mod","Quick Restart","Reimu（博丽灵梦）","Relic Filter Mod","Relic Stats","Reliquary","Remilia（蕾米莉亚）","Remove Card Discount Mod","Replay The Spire","RumiaBox-露米娅的神秘盒子","Shop Mod","Spicy Shops","StSLib","The Alterego","The Animator","The Immortal","WarShipGirlsR/战舰少女R mod","Yakumo Yukari mod","noobMod","【功能Mod】混沌之环修复补丁","【遗物卡牌】REMEMod"],"gold_per_floor":[119,119,28,28,28,57,57,92,92,92,92,115,115,215,215,313,313,313,21,121,121,0,326,363,363,363,363,375,407,407,407,407,518,518,529,529,529,119,119,67,100,155,155,2,2,15,15,15,15,15,15],"floor_reached":52,"language":"ZHS","playtime":1905,"items_purged":["Injury","animator:Strike","animator:Strike","animator:Defend","animator:Defend","animator:Defend","animator:Strike","EYB:ForceStance+1","animator:Strike_GATE","animator:Shizu"],"score":1005,"play_id":"ce233993-1800-42ce-9801-13851167e8ea","local_time":"20210214221754","is_ascension_mode":false,"campfire_choices":[{"data":"animator:Tyuule","floor":13,"key":"SMITH"},{"data":"animator:Kuribayashi","floor":15,"key":"SMITH"},{"data":"Gensokyo:HAARP","floor":27,"key":"SMITH"},{"data":"animator:Arpeggio","floor":32,"key":"SMITH"},{"data":"animator:Hibiki","floor":47,"key":"SMITH"},{"floor":49,"key":"DIG"}],"circlet_count":0,"master_deck":["animator:TukaLunaMarceau+1","animator:Kuribayashi+1","animator:RoryMercury+1","animator:Tyuule+1","animator:YaoHaDucy","animator:Arpeggio+1","animator:LeleiLaLalena","animator:PinaCoLada","animator:Hibiki+1","animator:Tyuule"],"relics":["animator:LivingPicture","animator:TheMissingPiece","REME_ComplimentaryCards","ice","animator:PurgingStone","reliquary:Boomerang","LetterFromLob","DemoMod:PartiallyEatenCheese","DemoMod:MonsterBlood","Hololive_LightStick","Replay:WaspNest","Gensokyo:OccultBall","RedLine:ReiMu","HonorFeather","TwistedFunnel","Charon\u0027s Ashes","WingedGreaves","reliquary:SilkGlove","SumBook","DemoMod:MeltedRock","Vajra","Du-Vu Doll","DemoMod:BigBoy","Gensokyo:SongOfSouls","REME_ChargedStone","Frozen Eye","FossilizedHelix","Shovel","Unceasing Top","Medical Kit","DemoMod:GlassGuonStoneRelic","Mango"],"acts_visited":["Gensokyo:Gensokyo","Gensokyo:Gensokyoer","Gensokyo:Gensokyoest"],"potions_floor_usage":[],"damage_taken":[{"damage":2.0,"enemies":"Gensokyo:Gryphon","floor":1.0,"turns":3.0},{"damage":29,"enemies":"Gensokyo:Aya","floor":6,"turns":5},{"damage":22,"enemies":"Gensokyo:Cirno","floor":8,"turns":5},{"damage":0,"enemies":"Gensokyo:Python","floor":12,"turns":2},{"damage":44,"enemies":"Gensokyo:Reimu","floor":16,"turns":7},{"damage":107,"enemies":"Gensokyo:Chomper","floor":18,"turns":4},{"damage":0,"enemies":"Gensokyo:Chomper","floor":20,"turns":4},{"damage":0,"enemies":"Gensokyo:Reisen","floor":23,"turns":3},{"damage":0,"enemies":"Gensokyo:Tenshi","floor":24,"turns":3},{"damage":0,"enemies":"Gensokyo:Chomper","floor":28,"turns":2},{"damage":0,"enemies":"Gensokyo:Reisen","floor":29,"turns":2},{"damage":21,"enemies":"Gensokyo:Eternal_Rivals","floor":33,"turns":5},{"damage":6,"enemies":"Gensokyo:3_Bats","floor":35,"turns":2},{"damage":0,"enemies":"Gensokyo:Doremy","floor":41,"turns":3},{"damage":0,"enemies":"Gensokyo:3_Boulders","floor":46,"turns":2},{"damage":0,"enemies":"Gensokyo:Scarlet_Devils","floor":50,"turns":3}],"seed_played":"34632297187219311","potions_obtained":[{"floor":1.0,"key":"ColorlessPotion"},{"floor":6,"key":"GamblersBrew"},{"floor":8,"key":"LiquidMemories"}],"is_trial":false,"path_per_floor":["M","M","$","?","?","E","?","E","T","$","?","M","R","?","R","B",null,"M","COS","?","?","$","E","E","?","T","R","M","E","?","?","R","B",null,"M","?","?","$","?","$","E","?","T","$","?","M","R","?","R","B",null,null],"character_chosen":"THE_ANIMATOR","items_purchased":["animator:RoryMercury","animator:YaoHaDucy","animator:Arpeggio","animator:Hibiki","Frozen Eye","animator:Tyuule","Medical Kit"],"campfire_rested":0,"item_purchase_floors":[3,22,22,38,38,40,44],"current_hp_per_floor":[64,58,58,58,58,29,23,73,73,73,73,73,73,73,73,29,79,81,81,81,81,81,81,81,74,74,74,75,75,75,75,75,54,76,70,70,70,70,39,39,39,7,7,7,7,7,81,81,95,95,95],"gold":15,"neow_bonus":"RANDOM_EVENT","is_daily":false,"chose_seed":false,"campfire_upgraded":5,"win_rate":0.0,"timestamp":1613312274,"path_taken":["M","?","$","?","?","E","?","E","T","$","?","?","R","?","R","BOSS","M","COS","?","?","$","E","E","?","T","R","?","E","?","?","R","BOSS","M","?","?","$","?","$","E","?","T","?","?","?","R","?","R","BOSS"],"items_purchased_type":["Card","Card","Card","Card","Relic","Card","Relic"],"build_version":"2020-12-22","purchased_purges":10,"victory":true,"max_hp_per_floor":[66,66,66,66,66,66,73,73,73,73,73,74,74,74,74,79,79,81,81,82,82,82,82,82,74,74,74,75,75,75,75,75,76,76,78,78,78,78,78,78,81,81,81,81,81,81,81,81,95,95,95],"relic_stats":{"Shovel":1,"counters":[16,55],"Charon\u0027s Ashes":[54],"Medical Kit":[0],"obtain_stats":[{"TwistedFunnel":19,"HonorFeather":18,"reliquary:Boomerang":0,"reliquary:SilkGlove":23,"animator:TheMissingPiece":0,"DemoMod:BigBoy":29,"Vajra":26,"REME_ChargedStone":34,"Mango":49,"DemoMod:GlassGuonStoneRelic":1,"ice":0,"RedLine:ReiMu":17,"Frozen Eye":38,"Shovel":41,"animator:PurgingStone":0,"DemoMod:MonsterBlood":7,"Gensokyo:OccultBall":11,"DemoMod:MeltedRock":24,"WingedGreaves":20,"SumBook":23,"Gensokyo:SongOfSouls":31,"DemoMod:PartiallyEatenCheese":6,"Replay:WaspNest":9,"Charon\u0027s Ashes":20,"Medical Kit":44,"Du-Vu Doll":28,"Hololive_LightStick":8,"animator:LivingPicture":0,"LetterFromLob":1,"FossilizedHelix":39,"Unceasing Top":43,"REME_ComplimentaryCards":0},{"TwistedFunnel":6,"HonorFeather":6,"reliquary:Boomerang":0,"reliquary:SilkGlove":8,"animator:TheMissingPiece":0,"DemoMod:BigBoy":11,"Vajra":9,"REME_ChargedStone":12,"Mango":15,"DemoMod:GlassGuonStoneRelic":1,"ice":0,"RedLine:ReiMu":5,"Frozen Eye":13,"Shovel":14,"animator:PurgingStone":0,"DemoMod:MonsterBlood":2,"Gensokyo:OccultBall":3,"DemoMod:MeltedRock":9,"WingedGreaves":7,"SumBook":8,"Gensokyo:SongOfSouls":11,"DemoMod:PartiallyEatenCheese":2,"Replay:WaspNest":3,"Charon\u0027s Ashes":7,"Medical Kit":14,"Du-Vu Doll":10,"Hololive_LightStick":3,"animator:LivingPicture":0,"LetterFromLob":1,"FossilizedHelix":13,"Unceasing Top":14,"REME_ComplimentaryCards":0},{"TwistedFunnel":26,"HonorFeather":26,"reliquary:Boomerang":0,"reliquary:SilkGlove":32,"animator:TheMissingPiece":0,"DemoMod:BigBoy":40,"Vajra":36,"REME_ChargedStone":45,"Mango":52,"DemoMod:GlassGuonStoneRelic":3,"ice":0,"RedLine:ReiMu":22,"Frozen Eye":47,"Shovel":50,"animator:PurgingStone":0,"DemoMod:MonsterBlood":8,"Gensokyo:OccultBall":13,"DemoMod:MeltedRock":36,"WingedGreaves":30,"SumBook":33,"Gensokyo:SongOfSouls":40,"DemoMod:PartiallyEatenCheese":8,"Replay:WaspNest":13,"Charon\u0027s Ashes":30,"Medical Kit":50,"Du-Vu Doll":37,"Hololive_LightStick":13,"animator:LivingPicture":0,"LetterFromLob":3,"FossilizedHelix":47,"Unceasing Top":50,"REME_ComplimentaryCards":0}],"Unceasing Top":[3]},"card_choices":[{"not_picked":["animator:Sonic","animator:TukaLunaMarceau","animator:Demiurge"],"picked":"SKIP","floor":1.0},{"not_picked":[],"picked":"animator:AcuraShin","floor":5},{"not_picked":["animator:Lancer","animator:Azekura","animator:Cocytus"],"picked":"SKIP","floor":6},{"not_picked":["animator:Verdia","animator:Kaijin","animator:ChaikaBohdan"],"picked":"SKIP","floor":8},{"not_picked":["animator:Bozes","animator:YaoHaDucy"],"picked":"animator:Tyuule","floor":12},{"not_picked":["animator:TsurugaMeisai","animator:Tatsumaki","animator:SilverFang"],"picked":"SKIP","floor":23},{"not_picked":["animator:Mitsurugi","animator:Mitsuba","animator:Guy"],"picked":"SKIP","floor":24},{"not_picked":["Gensokyo:EightFeetTall","Gensokyo:SlitMouthedWoman"],"picked":"Gensokyo:HAARP","floor":25},{"not_picked":["animator:Tyuule","animator:Kuribayashi"],"picked":"animator:LeleiLaLalena","floor":28},{"not_picked":["animator:Shinoa","animator:ZankiKiguchi","animator:Alexander"],"picked":"SKIP","floor":29},{"not_picked":["animator:Rimuru","animator:Wiz"],"picked":"animator:PinaCoLada","floor":33},{"not_picked":["animator:Mitsuba","animator:Konayuki","animator:Aqua"],"picked":"SKIP","floor":35},{"not_picked":["animator:Kazuma+1","animator:Tet","animator:Tyuule"],"picked":"SKIP","floor":41}],"player_experience":395161,"relics_obtained":[{"floor":1.0,"key":"LetterFromLob"},{"floor":6,"key":"DemoMod:PartiallyEatenCheese"},{"floor":8,"key":"Hololive_LightStick"},{"floor":9,"key":"Replay:WaspNest"},{"floor":12,"key":"Gensokyo:OccultBall"},{"floor":16,"key":"Gensokyo:OccultBall"},{"floor":20,"key":"Charon\u0027s Ashes"},{"floor":20,"key":"WingedGreaves"},{"floor":23,"key":"SumBook"},{"floor":24,"key":"DemoMod:MeltedRock"},{"floor":26,"key":"Vajra"},{"floor":29,"key":"DemoMod:BigBoy"},{"floor":33,"key":"Gensokyo:OccultBall"},{"floor":41,"key":"Shovel"},{"floor":43,"key":"Unceasing Top"},{"floor":49,"key":"Mango"}],"event_choices":[],"is_beta":false,"boss_relics":[{"not_picked":["Replay:Drink Me","Ring of Chaos"],"picked":"RedLine:ReiMu"},{"not_picked":["Runic Dome","Replay:Wanted Poster"],"picked":"REME_ChargedStone"}],"items_purged_floors":[3,3,3,3,3,3,3,22,22,38],"is_endless":false,"potions_floor_spawned":[1,6,8,18,23,35],"ascension_level":0}}