{"host":"pdq28s6637cpsst2","time":1613270892,"event":{"mods":["BaseMod","Colored Map","Highlight Path","Marisa????????","Minty Spire (QoL Compilation)","Permanent Neow","Quick Restart","StSLib","The Disciple","The Senshi","The Servant 0.9.4"],"gold_per_floor":[116,131,131,144,94,126,126,137,137,137,156,175,175,187,187,288,288,305,404,67,67,77,77,90,90,90,115,129,147,147,147,147,243,243,260,260,276,176,188,188,204,249,272,282,282,292,308,318,318,318,318],"floor_reached":50,"language":"ENG","playtime":6957,"items_purged":["Strike_S","Strike_S"],"score":475,"play_id":"29d89be6-60d6-4376-92e1-5e8260e4a835","local_time":"20210213214812","is_ascension_mode":false,"campfire_choices":[{"floor":7,"key":"REST"},{"floor":10,"key":"REST"},{"floor":13,"key":"REST"},{"floor":15,"key":"REST"},{"floor":23,"key":"REST"},{"floor":25,"key":"RECALL"},{"floor":30,"key":"REST"},{"floor":32,"key":"REST"},{"floor":40,"key":"REST"},{"floor":49,"key":"REST"}],"circlet_count":0,"master_deck":["Strike_S","Defend_S","Defend_S","Defend_S","Defend_S","KidneyShot","Exchange","Deny","Ricochet","Reset","SilverBlades","Moonlight","DualDimension","FastForward","GearUp","FloweringNight","Potential","BottledTime","Solidify","BottledTime+1","Read+1","Bandage Up","Spin+1","BottledTime+1","Deny","SilverBlades","BottledTime+1","BottledTime+1"],"relics":["Uniform","Gremlin Horn","Bottled Tornado","Fusion Hammer","Sundial","Mummified Hand","Red Mask","Sozu","CatCart","theSenshi:SailorFukuRelic"],"acts_visited":["Exordium","TheCity","TheBeyond"],"potions_floor_usage":[6,16,50,50],"damage_taken":[{"damage":9,"enemies":"Jaw Worm","floor":1,"turns":4},{"damage":5,"enemies":"2 Louse","floor":2,"turns":2},{"damage":5,"enemies":"Small Slimes","floor":4,"turns":3},{"damage":34,"enemies":"Lagavulin","floor":6,"turns":10},{"damage":7,"enemies":"Exordium Wildlife","floor":8,"turns":3},{"damage":7,"enemies":"Looter","floor":11,"turns":4},{"damage":20,"enemies":"Exordium Thugs","floor":12,"turns":4},{"damage":15,"enemies":"Large Slime","floor":14,"turns":5},{"damage":26,"enemies":"The Guardian","floor":16,"turns":16},{"damage":16,"enemies":"2 Thieves","floor":18,"turns":3},{"damage":6,"enemies":"Shell Parasite","floor":22,"turns":5},{"damage":6,"enemies":"Shelled Parasite and Fungi","floor":24,"turns":5},{"damage":0,"enemies":"Masked Bandits","floor":27,"turns":3},{"damage":17,"enemies":"Snecko","floor":28,"turns":6},{"damage":0,"enemies":"3 Cultists","floor":29,"turns":5},{"damage":6,"enemies":"Automaton","floor":33,"turns":10},{"damage":0,"enemies":"Orb Walker","floor":35,"turns":4},{"damage":29,"enemies":"3 Darklings","floor":37,"turns":6},{"damage":19,"enemies":"Spire Growth","floor":39,"turns":6},{"damage":0,"enemies":"Transient","floor":41,"turns":5},{"damage":0,"enemies":"Orin","floor":42,"turns":8},{"damage":0,"enemies":"Maw","floor":44,"turns":6},{"damage":16,"enemies":"Sphere and 2 Shapes","floor":46,"turns":4},{"damage":14,"enemies":"4 Shapes","floor":47,"turns":3},{"damage":18,"enemies":"Maw","floor":48,"turns":6},{"damage":119,"enemies":"Time Eater","floor":50,"turns":15}],"seed_played":"-7406059198057457382","potions_obtained":[{"floor":2,"key":"SteroidPotion"},{"floor":4,"key":"GamblersBrew"},{"floor":11,"key":"SkillPotion"},{"floor":12,"key":"FairyPotion"},{"floor":18,"key":"Dexterity Potion"},{"floor":24,"key":"Energy Potion"}],"is_trial":false,"path_per_floor":["M","M","?","M","?","E","R","M","T","R","M","M","R","M","R","B",null,"M","?","$","?","M","R","M","R","T","?","M","M","R","T","R","B",null,"M","?","M","$","M","R","M","?","T","M","?","M","M","M","R","B"],"character_chosen":"THE_SERVANT","items_purchased":["Sundial"],"campfire_rested":9,"item_purchase_floors":[20],"current_hp_per_floor":[56,51,51,46,46,12,31,24,24,43,36,16,35,20,39,13,65,49,49,49,49,43,62,56,56,56,56,39,39,58,58,65,59,65,65,65,40,40,25,44,48,52,52,56,56,44,34,20,39,0,0],"gold":318,"neow_bonus":"ONE_RANDOM_RARE_CARD","is_daily":false,"chose_seed":false,"campfire_upgraded":0,"win_rate":0.0,"timestamp":1613270892,"path_taken":["M","M","?","M","?","E","R","M","T","R","M","M","R","M","R","BOSS","M","?","$","?","M","R","M","R","T","?","M","M","R","?","R","BOSS","M","?","M","$","M","R","M","?","T","M","?","M","M","?","R","BOSS"],"items_purchased_type":["Relic"],"build_version":"2020-12-22","purchased_purges":2,"victory":false,"max_hp_per_floor":[65,65,65,65,65,65,65,65,65,65,65,65,65,65,65,65,65,65,65,65,65,65,65,65,65,65,65,65,65,65,65,65,65,65,65,65,65,65,65,65,65,65,65,65,65,65,65,65,65,65,65],"card_choices":[{"not_picked":["Luminosity","Sabotage"],"picked":"Ricochet","floor":1},{"not_picked":["Alleviate","Potential"],"picked":"Reset","floor":2},{"not_picked":["Rearm","Foresight"],"picked":"SilverBlades","floor":4},{"not_picked":["Sabotage","GearUp"],"picked":"Moonlight","floor":6},{"not_picked":["MoonPhase","Shuttle"],"picked":"DualDimension","floor":8},{"not_picked":["Foresight","Rewind","RealityMarble"],"picked":"SKIP","floor":11},{"not_picked":["Ricochet","TimeWarp"],"picked":"FastForward","floor":12},{"not_picked":["Shuttle","RealityMarble"],"picked":"GearUp","floor":14},{"not_picked":["Solidify","ForgedInTime"],"picked":"FloweringNight","floor":16},{"not_picked":["Desolation","Starlight"],"picked":"Potential","floor":18},{"not_picked":["FastForward","Unruled+1","Ricochet"],"picked":"SKIP","floor":22},{"not_picked":["Rewind","Spin+1","Unruled+1"],"picked":"SKIP","floor":24},{"not_picked":["Starlight","Collapse+1"],"picked":"BottledTime","floor":27},{"not_picked":["Alleviate","Unruled"],"picked":"Solidify","floor":28},{"not_picked":["Defy+1","Rearm"],"picked":"BottledTime+1","floor":29},{"not_picked":["Snipe+1","Desolation"],"picked":"Read+1","floor":35},{"not_picked":["Panache","Mind Blast"],"picked":"Bandage Up","floor":36},{"not_picked":["SilverBlades+1","Unruled"],"picked":"Spin+1","floor":37},{"not_picked":["Shuttle","Reset","Collapse+1"],"picked":"SKIP","floor":39},{"not_picked":["Starlight","Alleviate+1"],"picked":"BottledTime+1","floor":41},{"not_picked":["Spin+1","FastForward+1"],"picked":"Deny","floor":42},{"not_picked":["Rearm","Revamp+1","Starlight"],"picked":"SKIP","floor":44},{"not_picked":["Defy+1","Moonlight+1"],"picked":"BottledTime+1","floor":46},{"not_picked":["Alleviate+1","FlawlessForm"],"picked":"BottledTime+1","floor":47},{"not_picked":["Ricochet+1","Alleviate","Starlight"],"picked":"SKIP","floor":48}],"player_experience":194555,"relics_obtained":[{"floor":6,"key":"Gremlin Horn"},{"floor":9,"key":"Bottled Tornado"},{"floor":26,"key":"Mummified Hand"},{"floor":27,"key":"Red Mask"},{"floor":42,"key":"CatCart"},{"floor":43,"key":"theSenshi:SailorFukuRelic"}],"event_choices":[{"damage_healed":0,"gold_gain":0,"player_choice":"Ignored","damage_taken":0,"max_hp_gain":0,"max_hp_loss":0,"event_name":"Liars Game","floor":3,"gold_loss":0},{"cards_removed":["Strike_S"],"damage_healed":0,"gold_gain":0,"player_choice":"Card Removal","damage_taken":0,"max_hp_gain":0,"max_hp_loss":0,"event_name":"The Cleric","floor":5,"gold_loss":50},{"damage_healed":0,"gold_gain":99,"player_choice":"Stole From Cult","damage_taken":0,"max_hp_gain":0,"max_hp_loss":0,"event_name":"Nest","floor":19,"gold_loss":0},{"damage_healed":0,"gold_gain":0,"player_choice":"Ignored","damage_taken":0,"max_hp_gain":0,"max_hp_loss":0,"event_name":"Vampires","floor":21,"gold_loss":0},{"damage_healed":0,"gold_gain":0,"player_choice":"Fought Bandits","damage_taken":0,"max_hp_gain":0,"max_hp_loss":0,"event_name":"Masked Bandits","floor":27,"gold_loss":0},{"damage_healed":0,"gold_gain":0,"player_choice":"Memory 1","damage_taken":0,"max_hp_gain":0,"max_hp_loss":0,"event_name":"SensoryStone","floor":36,"gold_loss":0},{"damage_healed":0,"gold_gain":0,"player_choice":"Fight","damage_taken":0,"max_hp_gain":0,"max_hp_loss":0,"event_name":"OrinTheCat","floor":42,"gold_loss":0},{"damage_healed":0,"gold_gain":0,"player_choice":"Copied","damage_taken":0,"max_hp_gain":0,"max_hp_loss":0,"event_name":"Duplicator","floor":45,"gold_loss":0,"cards_obtained":["SilverBlades"]}],"is_beta":false,"boss_relics":[{"not_picked":["Snecko Eye","Tiny House"],"picked":"Fusion Hammer"},{"not_picked":["StoneMask","Calling Bell"],"picked":"Sozu"}],"items_purged_floors":[20,38],"is_endless":false,"potions_floor_spawned":[2,4,11,12,14,18,24,33,37,39,42,46,47],"killed_by":"Time Eater","ascension_level":0}}