{"host":"tr12w2fixbnujl15","time":1613307888,"event":{"mods":["100% Spire Juice","2.2 Compatiblity","A Penny For Your Troubles","BaseMod","Better Skull","Better Vampires","BetterRewards","Bossed Relics","CapriCore","Clockwork Mod","Colored Powertips","Evolution","Gremlin Skip","Hermit","Hubris","Infinite Spire","JesterMod","Jorbs\u0027s Wanderer Trilogy","Kalas","KinomotoSakuraMod(????)","Koishi","Mad Scientist","Magitek Elite","Mathematician","Minty Spire (QoL Compilation)","Permanent Neow","Quick Restart","Reimu??????","Relic Filter","Reliquary","Remilia_Scarlet Moed?????·?????3.3.5","Replay The Spire","SOS???????","Shade Mod","Shop Mod","StSLib","SuperFastMode","The Accelerator","The Bug Knight","The Construct","The Cursed","The Hayseed","The Hierophant","The Immortal","The Mystic","The Necromancer","The Runesmith","The Sage","The Senshi","The Servant 0.9.4","The Spell Scribe","The Valiant","The Vixen","The Wild Card","TheFirefly","TheSwordswoman","TheVelvet","Transform Curses","WarShipGirlsR/????R mod","Yakumo Yukari mod","[IsaacMod]????"],"gold_per_floor":[132,132,194,222,252,252,252,22,22,22,32,32,67,98,98,196,196,232,232,232,232,270,334,135,135,135,135,134,134,26,65,65,65,65],"floor_reached":33,"language":"ENG","playtime":1022,"items_purged":[],"score":265,"play_id":"6a3b27b8-374c-405f-a522-181fbdb8704b","local_time":"20210214080448","is_ascension_mode":false,"campfire_choices":[{"floor":6,"key":"REST"},{"data":"Redorb","floor":12,"key":"SMITH"},{"floor":15,"key":"REST"},{"floor":25,"key":"REST"},{"floor":32,"key":"REST"}],"circlet_count":0,"master_deck":["Attack_a","Attack_a","Attack_b","Shoot","Shoot","Provocation","Defend_Dante","Defend_Dante","Defend_Dante","Defend_Dante","Redorb+1","DoctorFetus","LucifercomboA","Whiteorb","Gunslinger","Gunstinger","Rebellion+1","Greenorb","Chargeshoot","Swordcombo","VitalstarM","Stylechange","Gilgamesh+1","Whiteorb+1","CoyoteA","EbonyIvory","Replay:Fractal Strike","LucifercomboC","Blueorb","Chargeshoot2"],"relics":["SSS","Combocheck","EVO:Axolotl","HushsDoor","GuppysTail","Nunchaku","hubris:Towel","reliquary:BoilingFlask","MerchantsRug","DeathBook","Potion Belt","Boot","Fusion Hammer","Replay:WaspNest","reliquary:Stiletto","Ribbon"],"acts_visited":["Exordium","TheCity"],"potions_floor_usage":[13,14,16,22,33],"damage_taken":[{"damage":3,"enemies":"2 Louse","floor":1,"turns":2},{"damage":11,"enemies":"Jaw Worm","floor":3,"turns":3},{"damage":3,"enemies":"Small Slimes","floor":4,"turns":3},{"damage":19,"enemies":"Blue Slaver","floor":5,"turns":4},{"damage":0,"enemies":"Lots of Slimes","floor":11,"turns":1},{"damage":45,"enemies":"Gremlin Nob","floor":13,"turns":5},{"damage":5,"enemies":"3 Louse","floor":14,"turns":3},{"damage":24,"enemies":"Slime Boss","floor":16,"turns":7},{"damage":16,"enemies":"3 Byrds","floor":18,"turns":3},{"damage":25,"enemies":"2 Thieves","floor":22,"turns":4},{"damage":22,"enemies":"Slavers","floor":23,"turns":2},{"damage":12,"enemies":"Centurion and Healer","floor":28,"turns":7},{"damage":38,"enemies":"Cultist and Chosen","floor":31,"turns":5},{"damage":41,"enemies":"Pondfish","floor":33,"turns":4}],"seed_played":"-3775503999592940101","potions_obtained":[{"floor":4,"key":"Block Potion"},{"floor":13,"key":"Weak Potion"},{"floor":14,"key":"Weak Potion"},{"floor":20,"key":"SpeedPotion"},{"floor":20,"key":"SpeedPotion"},{"floor":20,"key":"LifebloodPotion"},{"floor":23,"key":"ZuzhouPotion:ReiMu"},{"floor":31,"key":"GrandPatriotsElixir:ReiMu"}],"is_trial":false,"path_per_floor":["M","?","M","M","M","R","?","$","T","?","M","R","E","M","R","B",null,"M","?","?","$","M","E","$","R","T","?","M","?","$","M","R","B"],"character_chosen":"DANTE","items_purchased":["MerchantsRug","Rebellion+1","Greenorb","reliquary:Stiletto","EbonyIvory","Blueorb"],"campfire_rested":4,"item_purchase_floors":[8,8,8,24,24,30],"current_hp_per_floor":[77,77,66,63,44,68,68,68,68,65,65,65,27,31,55,31,80,64,64,64,64,58,45,45,69,69,49,49,49,49,15,39,0,0],"gold":65,"neow_bonus":"RANDOM_COMMON_RELIC","is_daily":false,"chose_seed":false,"campfire_upgraded":1,"win_rate":0.0,"timestamp":1613307888,"path_taken":["M","?","M","M","M","R","?","$","T","?","M","R","E","M","R","BOSS","M","?","?","?","M","E","$","R","T","?","M","?","$","M","R","BOSS"],"items_purchased_type":["Relic","Card","Card","Relic","Card","Card"],"build_version":"2020-12-22","purchased_purges":0,"victory":false,"max_hp_per_floor":[80,80,80,80,80,80,80,80,80,80,80,80,80,80,80,80,80,80,80,80,80,80,80,80,80,80,80,80,80,80,80,80,80,80],"card_choices":[{"not_picked":[],"picked":"DoctorFetus","floor":0},{"not_picked":["Chargeshoot2","Weaponchange"],"picked":"LucifercomboA","floor":1},{"not_picked":["LucifercomboD","Gilgamesh"],"picked":"Whiteorb","floor":3},{"not_picked":["Weaponupgrade","SSScard"],"picked":"Gunslinger","floor":4},{"not_picked":["Gunslinger","Royaldefend"],"picked":"Gunstinger","floor":5},{"not_picked":["Weaponupgrade","Weaponchange"],"picked":"Chargeshoot","floor":11},{"not_picked":["GilgameshcomboA","LucifercomboA"],"picked":"Swordcombo","floor":13},{"not_picked":["Millionkick","BeastUppercut"],"picked":"VitalstarM","floor":14},{"not_picked":["Darkslayer","Purpleorb"],"picked":"Stylechange","floor":16},{"not_picked":["Airhike","Weaponupgrade+1"],"picked":"Gilgamesh+1","floor":18},{"not_picked":["Millionkick+1","Honeycombofire+1"],"picked":"Whiteorb+1","floor":22},{"not_picked":["Ecstasy","Honeycombofire"],"picked":"CoyoteA","floor":23},{"not_picked":["infinitespire:Gouge","infinitespire:SealOfDarkness+"],"picked":"Replay:Fractal Strike","floor":27},{"not_picked":["VitalstarM","Gunstinger+1"],"picked":"LucifercomboC","floor":28},{"not_picked":["Weaponupgrade+1","Whiteorb"],"picked":"Chargeshoot2","floor":31}],"player_experience":112087,"relics_obtained":[{"floor":9,"key":"DeathBook"},{"floor":13,"key":"Boot"},{"floor":23,"key":"Replay:WaspNest"},{"floor":26,"key":"Ribbon"}],"event_choices":[{"damage_healed":0,"gold_gain":0,"player_choice":"Searched \u00272\u0027 times","damage_taken":0,"relics_obtained":["reliquary:BoilingFlask"],"max_hp_gain":0,"max_hp_loss":0,"event_name":"Dead Adventurer","floor":7,"gold_loss":0},{"damage_healed":0,"gold_gain":0,"player_choice":"Success","damage_taken":3,"relics_obtained":["Potion Belt"],"max_hp_gain":0,"max_hp_loss":0,"event_name":"Scrap Ooze","floor":10,"gold_loss":0},{"damage_healed":0,"gold_gain":0,"player_choice":"Got Potions","damage_taken":0,"max_hp_gain":0,"max_hp_loss":0,"event_name":"Lab","floor":20,"gold_loss":0}],"is_beta":false,"boss_relics":[{"not_picked":["hubris:Stopwatch","SacredBark"],"picked":"Fusion Hammer"},{"not_picked":[]}],"items_purged_floors":[],"is_endless":false,"potions_floor_spawned":[4,13,14,23,31],"killed_by":"Pondfish","ascension_level":0}}