{"host":"r6lqs70fdfl5jnjl","time":1613303644,"event":{"mods":["Act Like it!","BaseMod","Minty Spire (QoL Compilation)","StSLib"],"gold_per_floor":[114,114,127,138,151,176,176,203,275,275,275,292,318,334,334,436,436,447,22,42,141,141,141],"floor_reached":22,"language":"ZHS","playtime":844,"items_purged":["Strike_R"],"score":196,"play_id":"28e54138-9b55-457a-8d0d-37d0edda10fd","local_time":"20210214195404","is_ascension_mode":false,"campfire_choices":[{"floor":11.0,"key":"RECALL"},{"floor":15,"key":"REST"}],"circlet_count":0,"master_deck":["Strike_R","Strike_R","Strike_R","Defend_R","Defend_R","Defend_R","Defend_R","Bash","Heavy Blade","Metallicize","Cleave","Heavy Blade","Offering","Twin Strike","Warcry","Berserk","Inflame","Limit Break","Heavy Blade+1","Apotheosis","Headbutt","Flex"],"relics":["Burning Blood","FossilizedHelix","Odd Mushroom","Mummified Hand","Juzu Bracelet","SlaversCollar","Happy Flower"],"acts_visited":["Exordium","TheCity"],"potions_floor_usage":[18],"damage_taken":[{"damage":15.0,"enemies":"Jaw Worm","floor":1.0,"turns":4.0},{"damage":6.0,"enemies":"Cultist","floor":3.0,"turns":3.0},{"damage":7.0,"enemies":"2 Louse","floor":4.0,"turns":2.0},{"damage":4.0,"enemies":"2 Fungi Beasts","floor":5.0,"turns":3.0},{"damage":39.0,"enemies":"Gremlin Nob","floor":6.0,"turns":5.0},{"damage":28.0,"enemies":"The Mushroom Lair","floor":8.0,"turns":4.0},{"damage":6.0,"enemies":"Exordium Thugs","floor":12.0,"turns":4.0},{"damage":14.0,"enemies":"3 Sentries","floor":13.0,"turns":6.0},{"damage":11,"enemies":"Blue Slaver","floor":14,"turns":3},{"damage":34,"enemies":"The Guardian","floor":16,"turns":8},{"damage":32,"enemies":"3 Byrds","floor":18,"turns":4},{"damage":24,"enemies":"Shell Parasite","floor":20,"turns":3},{"damage":0,"enemies":"Snake Plant","floor":22,"turns":2}],"seed_played":"-6164259395137995334","potions_obtained":[{"floor":4.0,"key":"GamblersBrew"},{"floor":6.0,"key":"ElixirPotion"},{"floor":8.0,"key":"SpeedPotion"},{"floor":13.0,"key":"Explosive Potion"}],"is_trial":false,"path_per_floor":["M","?","M","M","M","E","?","?","T","?","R","M","E","M","R","B",null,"M","$","M","?","M"],"character_chosen":"IRONCLAD","items_purchased":["Apotheosis","Happy Flower","Headbutt"],"campfire_rested":1,"item_purchase_floors":[19,19,19],"current_hp_per_floor":[79,79,79,78,80,47,52,30,30,30,30,30,22,17,44,16,93,67,67,49,49,49,49],"gold":141,"neow_bonus":"TEN_PERCENT_HP_BONUS","is_daily":false,"chose_seed":false,"campfire_upgraded":0,"win_rate":0.0,"timestamp":1613303644,"path_taken":["M","?","M","?","M","E","?","?","T","?","R","?","E","M","R","BOSS","M","$","M","?","M"],"items_purchased_type":["Card","Relic","Card"],"build_version":"2020-12-22","purchased_purges":1,"victory":false,"max_hp_per_floor":[88,88,88,88,88,88,93,93,93,93,93,93,93,93,93,93,93,93,93,93,93,93,93],"card_choices":[{"not_picked":["Clothesline","Havoc"],"picked":"Heavy Blade","floor":1.0},{"not_picked":["Havoc","Intimidate"],"picked":"Metallicize","floor":3.0},{"not_picked":["Evolve","Havoc"],"picked":"Cleave","floor":4.0},{"not_picked":["Seeing Red","Wild Strike"],"picked":"Heavy Blade","floor":5.0},{"not_picked":["Twin Strike","Pommel Strike"],"picked":"Offering","floor":6.0},{"not_picked":["Anger","Clash"],"picked":"Twin Strike","floor":8.0},{"not_picked":["Rampage","Reckless Charge"],"picked":"Warcry","floor":12.0},{"not_picked":["Sword Boomerang","Searing Blow"],"picked":"Berserk","floor":13.0},{"not_picked":["Warcry","Havoc"],"picked":"Inflame","floor":14},{"not_picked":["Impervious","Offering"],"picked":"Limit Break","floor":16},{"not_picked":["Warcry+1","Armaments+1"],"picked":"Heavy Blade+1","floor":18},{"not_picked":["Cleave","Searing Blow"],"picked":"Flex","floor":20}],"player_experience":37048,"relics_obtained":[{"floor":6.0,"key":"FossilizedHelix"},{"floor":8.0,"key":"Odd Mushroom"},{"floor":9.0,"key":"Mummified Hand"},{"floor":13.0,"key":"Juzu Bracelet"}],"event_choices":[{"damage_healed":0.0,"max_hp_gain":0.0,"max_hp_loss":0.0,"gold_gain":0.0,"event_name":"NoteForYourself","player_choice":"Ignored","floor":2.0,"gold_loss":0.0,"damage_taken":0.0},{"damage_healed":0.0,"max_hp_gain":5.0,"max_hp_loss":0.0,"gold_gain":0.0,"event_name":"Big Fish","player_choice":"Donut","floor":7.0,"gold_loss":0.0,"damage_taken":0.0},{"damage_healed":0.0,"max_hp_gain":0.0,"max_hp_loss":0.0,"gold_gain":0.0,"event_name":"Mushrooms","player_choice":"Fought Mushrooms","floor":8.0,"gold_loss":0.0,"damage_taken":0.0},{"cards_removed":["Strike_R"],"damage_healed":0.0,"max_hp_gain":0.0,"max_hp_loss":0.0,"gold_gain":0.0,"event_name":"Living Wall","player_choice":"Forget","floor":10.0,"gold_loss":0.0,"damage_taken":0.0},{"damage_healed":0,"gold_gain":99,"player_choice":"Stole From Cult","damage_taken":0,"max_hp_gain":0,"max_hp_loss":0,"event_name":"Nest","floor":21,"gold_loss":0}],"is_beta":false,"boss_relics":[{"not_picked":["Runic Pyramid","Coffee Dripper"],"picked":"SlaversCollar"}],"items_purged_floors":[19],"is_endless":false,"potions_floor_spawned":[4,6,8,13],"killed_by":"Snake Plant","ascension_level":0}}