{"host":"3c8x8j1h2jyrixpf","time":1613274797,"event":{"mods":["BaseMod","Colored Powertips","Highlight Path","Minty Spire (QoL Compilation)","StSLib"],"gold_per_floor":[113,129,54,34,51,51,85,85,134,98,114,114,149,161,161,264,264,281,24,24,37,54,54,383,383,383,402,421,434,359,384,384,384,384],"floor_reached":33,"language":"ENG","playtime":1434,"items_purged":["Strike_P","Strike_P"],"score":475,"play_id":"180ace51-930f-4d90-9c2f-df9d684743f6","local_time":"20210213215317","is_ascension_mode":true,"campfire_choices":[{"data":"Consecrate","floor":6.0,"key":"SMITH"},{"data":"Consecrate","floor":8.0,"key":"SMITH"},{"floor":12.0,"key":"REST"},{"floor":15.0,"key":"REST"},{"floor":23,"key":"REST"},{"data":"Blasphemy","floor":25,"key":"SMITH"},{"floor":32,"key":"REST"}],"circlet_count":0,"master_deck":["AscendersBane","Strike_P+1","Defend_P","Defend_P","Defend_P","Defend_P+1","Eruption","Vigilance+1","Consecrate+1","Crescendo+1","Consecrate+1","Protect+1","Wallop","ThirdEye+1","BowlingBash+1","LessonLearned","EmptyBody","Weave","Adaptation","Blasphemy+1","Wireheading","Wireheading","Vault"],"relics":["PureWater","Turnip","TeardropLocket","VioletLotus","Oddly Smooth Stone","Nloth\u0027s Gift","Old Coin","Boot","WingedGreaves"],"acts_visited":["Exordium","TheCity"],"potions_floor_usage":[18,27,28,31,33],"damage_taken":[{"damage":0.0,"enemies":"Jaw Worm","floor":1.0,"turns":4.0},{"damage":3.0,"enemies":"Cultist","floor":2.0,"turns":4.0},{"damage":9.0,"enemies":"Small Slimes","floor":5.0,"turns":4.0},{"damage":16.0,"enemies":"Gremlin Nob","floor":7.0,"turns":3.0},{"damage":17.0,"enemies":"Blue Slaver","floor":11.0,"turns":4.0},{"damage":8.0,"enemies":"3 Sentries","floor":13.0,"turns":6.0},{"damage":0.0,"enemies":"3 Louse","floor":14.0,"turns":1.0},{"damage":33.0,"enemies":"Slime Boss","floor":16.0,"turns":10.0},{"damage":0,"enemies":"3 Byrds","floor":18,"turns":3},{"damage":0,"enemies":"Chosen","floor":21,"turns":6},{"damage":26,"enemies":"Snake Plant","floor":22,"turns":8},{"damage":2,"enemies":"Gremlin Leader","floor":24,"turns":7},{"damage":0,"enemies":"Shelled Parasite and Fungi","floor":27,"turns":3},{"damage":0,"enemies":"Centurion and Healer","floor":28,"turns":5},{"damage":10,"enemies":"Snecko","floor":29,"turns":6},{"damage":33,"enemies":"Slavers","floor":31,"turns":5},{"damage":39,"enemies":"Champ","floor":33,"turns":9}],"seed_played":"2012546265382055053","potions_obtained":[{"floor":2.0,"key":"LiquidBronze"},{"floor":4.0,"key":"CultistPotion"},{"floor":22,"key":"DistilledChaos"},{"floor":27,"key":"DistilledChaos"},{"floor":29,"key":"BottledMiracle"}],"is_trial":false,"path_per_floor":["M","M","$","?","M","R","E","R","T","$","M","R","E","M","R","B",null,"M","$","?","M","M","R","E","R","T","M","M","M","?","E","R","B"],"character_chosen":"WATCHER","items_purchased":["Wallop","Oddly Smooth Stone"],"campfire_rested":4,"item_purchase_floors":[10,19],"current_hp_per_floor":[47,44,44,44,35,35,19,19,19,19,2,23,15,15,36,3,55,55,55,55,55,29,50,48,48,48,48,48,38,38,5,26,0,0],"gold":384,"neow_bonus":"ONE_RARE_RELIC","is_daily":false,"chose_seed":false,"campfire_upgraded":3,"win_rate":0.0,"timestamp":1613274797,"path_taken":["M","M","$","?","?","R","E","R","T","?","M","R","E","?","R","BOSS","M","$","?","M","M","R","E","R","T","M","M","?","?","E","R","BOSS"],"items_purchased_type":["Card","Relic"],"build_version":"2020-12-22","purchased_purges":2,"victory":false,"max_hp_per_floor":[72,72,72,72,72,72,72,72,72,72,72,72,72,72,72,72,72,72,72,72,72,72,72,72,72,72,72,72,72,72,72,72,72,72],"card_choices":[{"not_picked":["CutThroughFate","SashWhip"],"picked":"Consecrate","floor":1.0},{"not_picked":["Study","Protect"],"picked":"Crescendo","floor":2.0},{"not_picked":["FollowUp","Perseverance"],"picked":"Consecrate","floor":5.0},{"not_picked":["Evaluate","LikeWater"],"picked":"Protect","floor":7.0},{"not_picked":["FlyingSleeves","Protect"],"picked":"ThirdEye","floor":11.0},{"not_picked":["WaveOfTheHand","Sanctity"],"picked":"BowlingBash","floor":13.0},{"not_picked":["ThirdEye","Evaluate","FlyingSleeves"],"picked":"SKIP","floor":14.0},{"not_picked":["DeusExMachina","MasterReality"],"picked":"LessonLearned","floor":16.0},{"not_picked":["Protect","Crescendo"],"picked":"EmptyBody","floor":18},{"not_picked":["ForeignInfluence+1","WheelKick"],"picked":"Weave","floor":21},{"not_picked":["FlurryOfBlows","BowlingBash"],"picked":"Adaptation","floor":22},{"not_picked":["CutThroughFate","PathToVictory"],"picked":"Blasphemy","floor":24},{"not_picked":["MentalFortress","Prostrate"],"picked":"Wireheading","floor":27},{"not_picked":["CrushJoints","JustLucky"],"picked":"Wireheading","floor":28},{"not_picked":["LikeWater","EmptyFist"],"picked":"Vault","floor":29},{"not_picked":["Crescendo","SashWhip","LessonLearned"],"picked":"SKIP","floor":31}],"player_experience":248587,"relics_obtained":[{"floor":7.0,"key":"Art of War"},{"floor":13.0,"key":"TeardropLocket"},{"floor":24,"key":"Old Coin"},{"floor":26,"key":"Boot"},{"floor":31,"key":"WingedGreaves"}],"event_choices":[{"damage_healed":0.0,"max_hp_gain":0.0,"max_hp_loss":0.0,"gold_gain":0.0,"event_name":"The Woman in Blue","player_choice":"Bought 1 Potion","floor":4.0,"gold_loss":0.0,"damage_taken":0.0},{"damage_healed":0,"gold_gain":0,"player_choice":"Traded Relic","damage_taken":0,"relics_obtained":["Nloth\u0027s Gift"],"max_hp_gain":0,"max_hp_loss":0,"event_name":"N\u0027loth","floor":20,"relics_lost":["Art of War"],"gold_loss":0},{"cards_removed":["Strike_P"],"damage_healed":0,"gold_gain":0,"player_choice":"Gave Gold","damage_taken":0,"max_hp_gain":0,"max_hp_loss":0,"event_name":"Beggar","floor":30,"gold_loss":75}],"is_beta":false,"boss_relics":[{"not_picked":["Coffee Dripper","Tiny House"],"picked":"VioletLotus"}],"items_purged_floors":[3,19],"is_endless":false,"potions_floor_spawned":[2,7,13,14,22,27,29],"killed_by":"Champ","ascension_level":12}}