{"host":"y3tal5djvejpcno2","time":1613342857,"event":{"mods":["BaseMod","Colored Map","Colored Powertips","Hermit","Infinite Spire","Minty Spire (QoL Compilation)","Permanent Neow","Quick Restart","Relic Stats","Replay The Spire","SOS???????","StSLib","The Blue Laboratory","The Bug Knight","The Cursed","The Jungle","Wandering Minibosses"],"gold_per_floor":[109,109,14,14,34,34,34,34,60,60,124,44,44,54,54,149,149,159,159,159,177,127,127,127,87,110,136,136,155,155,169,169,169,169],"floor_reached":33,"language":"ENG","playtime":1764,"items_purged":["Delirium"],"score":249,"play_id":"26c3cfaa-992a-4058-a782-cf7937cb8dcc","local_time":"20210214204737","is_ascension_mode":false,"campfire_choices":[{"data":"HollowMod:VengefulSpirit","floor":6.0,"key":"SMITH"},{"data":"HollowMod:SoulMaster","floor":8.0,"key":"SMITH"},{"data":"HollowMod:GreatSlash","floor":10.0,"key":"SMITH"},{"data":"infinitespire:SevenWalls","floor":24.0,"key":"SMITH"},{"floor":28,"key":"REST"},{"data":"ReplayTheSpireMod:Chaos Vortex","floor":30,"key":"SMITH"},{"data":"infinitespire:UltimateForm","floor":32,"key":"SMITH"}],"circlet_count":0,"master_deck":["HollowMod:NailStrikeStart+1","HollowMod:NailStrikeStart+1","HollowMod:QuickDashStart","HollowMod:QuickDashStart","HollowMod:QuickDashStart","HollowMod:QuickDashStart","HollowMod:FocusHealStart","HollowMod:PogoStrike","HollowMod:SoulMaster+1","HollowMod:GreatSlash+1","Dramatic Entrance+1","HollowMod:VengefulSpirit+1","HollowMod:Grubsong","HollowMod:NewJinnsSoul","HollowMod:VoidDash","HollowMod:CornifersMapStart","ReplayTheSpireMod:Chaos Vortex+1","HollowMod:DescendingDark","infinitespire:UltimateForm+1","HollowMod:CycloneSlash+1","HollowMod:MawleksShell+1","infinitespire:SevenWalls+1","HollowMod:ShadowDash","HollowMod:ShadowDash","HollowMod:DoubleDash","HollowMod:DescendingDark","HollowMod:WraithStrike"],"relics":["HollowMod:VesselMask","ReplayTheSpireMod:Ring of Collecting","ReplayTheSpireMod:Ring of Addiction","Toy Ornithopter","SacredBark","Ring of Fury","Centennial Puzzle","ReplayTheSpireMod:DimensionalGlitch","infinitespire:EmpoweringShard","Astrolabe","ReplayTheSpireMod:Ring of Sloth","Pet Ghost","Blood Vial"],"acts_visited":["Exordium","Exordium"],"potions_floor_usage":[33,33],"damage_taken":[{"damage":8.0,"enemies":"Jaw Worm","floor":1.0,"turns":4.0},{"damage":1.0,"enemies":"2 Louse","floor":5.0,"turns":2.0},{"damage":6.0,"enemies":"Small Slimes","floor":14.0,"turns":2.0},{"damage":37.0,"enemies":"Fading Forest","floor":16.0,"turns":11.0},{"damage":15.0,"enemies":"Shell Parasite","floor":18.0,"turns":5.0},{"damage":5.0,"enemies":"theJungle:5_Spyders","floor":21.0,"turns":4.0},{"damage":23,"enemies":"theJungle:2_Phrogs","floor":27,"turns":8},{"damage":2,"enemies":"theJungle:SlimyTreeVines","floor":29,"turns":4},{"damage":0,"enemies":"theJungle:Snecko_Cultist_And_Trap","floor":31,"turns":4},{"damage":33,"enemies":"theJungle:TotemBoss","floor":33,"turns":3}],"seed_played":"2088553779106781148","potions_obtained":[{"floor":4.0,"key":"blueLaboratory:LouseDecoction"},{"floor":4.0,"key":"Death Potion"},{"floor":4.0,"key":"Adrenaline Potion"},{"floor":27,"key":"Explosive Potion"},{"floor":29,"key":"Reflective Coating"}],"is_trial":false,"path_per_floor":["M","?","$","?","M","R","$","R","T","R","?","$","?","M","R_BF","B",null,"M","?","?","M","$","AVR","R","$","T","E","R","M","R","M","R","B"],"character_chosen":"THE_BUGKNIGHT","items_purchased":["Dramatic Entrance","HollowMod:Grubsong","HollowMod:DescendingDark","HollowMod:ShadowDash"],"campfire_rested":1,"item_purchase_floors":[3,12,22,25],"current_hp_per_floor":[68,53,53,53,52,52,52,52,52,52,52,52,52,46,66,44,69,55,55,29,24,24,24,24,24,24,1,20,22,22,26,26,0,0],"gold":169,"neow_bonus":"ONE_RANDOM_RARE_CARD","is_daily":false,"chose_seed":false,"campfire_upgraded":6,"win_rate":0.0,"timestamp":1613342857,"path_taken":["M","?","$","?","M","R","$","R","T","R","?","?","?","M","R_BF","BOSS","M","?","?","?","?","AVR","R","$","T","E","R","M","R","M","R","BOSS"],"items_purchased_type":["Card","Card","Card","Card"],"build_version":"2020-12-22","purchased_purges":1,"victory":false,"max_hp_per_floor":[75,75,75,75,75,75,75,73,73,73,71,71,71,69,69,69,69,69,69,69,69,67,67,67,65,65,65,65,63,63,63,61,61,61],"relic_stats":{"Blood Vial":3,"Centennial Puzzle":[21],"counters":[10,47],"Astrolabe":["Delirium","HollowMod:CycloneSlash","HollowMod:MawleksShell"],"obtain_stats":[{"ReplayTheSpireMod:Ring of Addiction":4,"SacredBark":4,"Astrolabe":23,"ReplayTheSpireMod:Ring of Sloth":26,"HollowMod:VesselMask":0,"Pet Ghost":26,"Blood Vial":27,"Centennial Puzzle":9,"ReplayTheSpireMod:Ring of Collecting":4,"Ring of Fury":9,"infinitespire:EmpoweringShard":23,"ReplayTheSpireMod:DimensionalGlitch":17,"Toy Ornithopter":4},{"ReplayTheSpireMod:Ring of Addiction":1,"SacredBark":1,"Astrolabe":6,"ReplayTheSpireMod:Ring of Sloth":6,"HollowMod:VesselMask":0,"Pet Ghost":6,"Blood Vial":7,"Centennial Puzzle":2,"ReplayTheSpireMod:Ring of Collecting":1,"Ring of Fury":2,"infinitespire:EmpoweringShard":6,"ReplayTheSpireMod:DimensionalGlitch":4,"Toy Ornithopter":1},{"ReplayTheSpireMod:Ring of Addiction":4,"SacredBark":4,"Astrolabe":28,"ReplayTheSpireMod:Ring of Sloth":28,"HollowMod:VesselMask":0,"Pet Ghost":28,"Blood Vial":36,"Centennial Puzzle":6,"ReplayTheSpireMod:Ring of Collecting":4,"Ring of Fury":6,"infinitespire:EmpoweringShard":28,"ReplayTheSpireMod:DimensionalGlitch":19,"Toy Ornithopter":4}],"Toy Ornithopter":12},"card_choices":[{"not_picked":["HollowMod:CrystalDash","HollowMod:GrimmsGift"],"picked":"HollowMod:GreatSlash","floor":1.0},{"not_picked":["HollowMod:GreatSlash","HollowMod:CloakDash"],"picked":"HollowMod:VengefulSpirit","floor":5.0},{"not_picked":["HollowMod:LifebloodCocoon","HollowMod:FastStrike"],"picked":"HollowMod:NewJinnsSoul","floor":14.0},{"not_picked":["HollowMod:Hiveblood","HollowMod:SoulMaster"],"picked":"HollowMod:VoidDash","floor":16.0},{"not_picked":["HollowMod:NewLittleFool","HollowMod:HeavyBlow"],"picked":"HollowMod:CornifersMapStart","floor":18.0},{"not_picked":["infinitespire:Menacing","infinitespire:Oblivion"],"picked":"ReplayTheSpireMod:Chaos Vortex","floor":20.0},{"not_picked":["HollowMod:SharpenedNail+1","HollowMod:DreamGate+1","HollowMod:DashSlash+1"],"picked":"SKIP","floor":21.0},{"not_picked":["HollowMod:GreatSlash+1","HollowMod:theNailsmith"],"picked":"HollowMod:DoubleDash","floor":27},{"not_picked":["HollowMod:InfectedAttack","HollowMod:TaintedHusks"],"picked":"HollowMod:DescendingDark","floor":29},{"not_picked":["HollowMod:SoulSplash+1","HollowMod:SoulEater+1"],"picked":"HollowMod:WraithStrike","floor":31}],"player_experience":67319,"relics_obtained":[{"floor":4.0,"key":"ReplayTheSpireMod:Ring of Collecting"},{"floor":4.0,"key":"ReplayTheSpireMod:Ring of Addiction"},{"floor":4.0,"key":"Toy Ornithopter"},{"floor":4.0,"key":"SacredBark"},{"floor":9.0,"key":"Ring of Fury"},{"floor":9.0,"key":"Centennial Puzzle"},{"floor":26.0,"key":"ReplayTheSpireMod:Ring of Sloth"},{"floor":26.0,"key":"Pet Ghost"},{"floor":27,"key":"Blood Vial"}],"event_choices":[{"damage_healed":0.0,"max_hp_gain":0.0,"max_hp_loss":0.0,"gold_gain":0.0,"event_name":"Shining Light","player_choice":"Entered Light","floor":2.0,"gold_loss":0.0,"damage_taken":15.0,"cards_upgraded":["HollowMod:NailStrikeStart","HollowMod:NailStrikeStart"]},{"damage_healed":0.0,"max_hp_gain":0.0,"max_hp_loss":0.0,"gold_gain":64.0,"event_name":"Golden Wing","player_choice":"Gained Gold","floor":11.0,"gold_loss":0.0,"damage_taken":0.0}],"is_beta":false,"boss_relics":[{"not_picked":["Replay:Fungal Core","Ring of Chaos"],"picked":"ReplayTheSpireMod:DimensionalGlitch"}],"items_purged_floors":[23],"is_endless":false,"potions_floor_spawned":[5,14,27,29],"killed_by":"theJungle:TotemBoss","ascension_level":0}}