{"host":"o2evyl5sbrgotc3u","time":1613296378,"event":{"mods":["AchievementEnabler","BaseMod","Colored Map","DeckTracker","Faster Ascension Climbing","Keyboard Shortcuts","Minty Spire (QoL Compilation)","Permanent Neow","Quick Restart","Relic Stats","StSLib","SuperFastMode","everything is the same but u backflip on backflip"],"gold_per_floor":[115,190,207,219,219,219,239,239,287,38,38,63,63,79,79,207,207,198,213,113,113,128,128,143,168,168,203,203,203,223,241,241,362,362,378,378,402,427,6,44,44,83,83,83,96,96,58,58,58,58],"floor_reached":51,"language":"KOR","playtime":5015,"items_purged":["Strike_G","Defend_G","Dagger Spray"],"score":1000,"play_id":"a0575528-f5b3-4a60-910e-c2fcf1f10bf9","local_time":"20210214185258","is_ascension_mode":true,"campfire_choices":[{"data":"Blade Dance","floor":6.0,"key":"SMITH"},{"data":"Apotheosis","floor":11.0,"key":"SMITH"},{"data":"Footwork","floor":15.0,"key":"SMITH"},{"data":"Accuracy","floor":23.0,"key":"SMITH"},{"floor":29.0,"key":"REST"},{"data":"Accuracy","floor":32.0,"key":"SMITH"},{"floor":41.0,"key":"REST"},{"floor":44,"key":"REST"},{"floor":49,"key":"REST"}],"circlet_count":0,"master_deck":["Strike_G+1","Defend_G+1","Defend_G","Defend_G","Survivor","Flying Knee","Blade Dance+1","Reflex","Footwork+1","Apotheosis+1","Tactician","Accuracy+1","Prepared","Accuracy+1","Cloak And Dagger","Backflip","PiercingWail","Cloak And Dagger","Crippling Poison"],"relics":["Ring of the Snake","Golden Idol","Philosopher\u0027s Stone","Pear","Snake Skull","Enchiridion","SacredBark","Centennial Puzzle","Ancient Tea Set","Turnip","The Courier","Tough Bandages"],"acts_visited":["Exordium","TheCity","TheBeyond"],"potions_floor_usage":[50,50],"damage_taken":[{"damage":2.0,"enemies":"Small Slimes","floor":1.0,"turns":5.0},{"damage":3.0,"enemies":"Jaw Worm","floor":3.0,"turns":6.0},{"damage":1.0,"enemies":"2 Louse","floor":4.0,"turns":2.0},{"damage":8.0,"enemies":"Exordium Wildlife","floor":7.0,"turns":5.0},{"damage":0.0,"enemies":"Red Slaver","floor":12.0,"turns":5.0},{"damage":1.0,"enemies":"2 Fungi Beasts","floor":14.0,"turns":4.0},{"damage":23.0,"enemies":"Slime Boss","floor":16.0,"turns":20.0},{"damage":5.0,"enemies":"2 Thieves","floor":18.0,"turns":5.0},{"damage":4.0,"enemies":"Shell Parasite","floor":19.0,"turns":7.0},{"damage":8.0,"enemies":"Snecko","floor":22.0,"turns":5.0},{"damage":10.0,"enemies":"Snake Plant","floor":24.0,"turns":5.0},{"damage":0.0,"enemies":"Cultist and Chosen","floor":25.0,"turns":3.0},{"damage":2.0,"enemies":"Book of Stabbing","floor":27.0,"turns":6.0},{"damage":7.0,"enemies":"3 Cultists","floor":30.0,"turns":3.0},{"damage":0.0,"enemies":"Snake Plant","floor":31.0,"turns":3.0},{"damage":0.0,"enemies":"Collector","floor":33.0,"turns":6.0},{"damage":8.0,"enemies":"3 Darklings","floor":35.0,"turns":3.0},{"damage":18.0,"enemies":"3 Shapes","floor":37.0,"turns":3.0},{"damage":16.0,"enemies":"Sphere and 2 Shapes","floor":38.0,"turns":6.0},{"damage":0.0,"enemies":"Reptomancer","floor":40.0,"turns":2.0},{"damage":5,"enemies":"Nemesis","floor":42,"turns":5},{"damage":4,"enemies":"3 Darklings","floor":45,"turns":4},{"damage":21,"enemies":"Time Eater","floor":50,"turns":10}],"seed_played":"8612123687476429532","potions_obtained":[{"floor":1.0,"key":"SkillPotion"},{"floor":7.0,"key":"Fruit Juice"},{"floor":16.0,"key":"LiquidBronze"},{"floor":22.0,"key":"Poison Potion"},{"floor":24.0,"key":"GhostInAJar"},{"floor":25.0,"key":"Block Potion"},{"floor":33.0,"key":"SpeedPotion"},{"floor":37.0,"key":"DistilledChaos"},{"floor":45,"key":"Poison Potion"}],"is_trial":false,"path_per_floor":["M","?","M","M","?","R","M","?","T","$","R","M","$","M","R","B",null,"M","M","$","?","M","R","M","M","T","E","?","R","M","M","R","B",null,"M","?","M","M","$","E","R","E","T","R","M","?","$","?","R","B",null],"character_chosen":"THE_SILENT","items_purchased":["Apotheosis","Centennial Puzzle","Ancient Tea Set","Block Potion"],"campfire_rested":4,"item_purchase_floors":[10,39,39,47],"current_hp_per_floor":[61,50,47,46,33,33,25,25,25,25,25,25,25,24,24,1,44,39,35,35,35,32,32,22,22,32,30,14,35,28,28,28,28,62,54,54,36,20,20,20,41,36,36,57,53,53,53,53,73,52],"gold":58,"neow_bonus":"REMOVE_TWO","is_daily":false,"chose_seed":false,"campfire_upgraded":5,"win_rate":0.0,"timestamp":1613296378,"path_taken":["M","?","M","M","?","R","M","?","T","$","R","M","?","M","R","BOSS","M","M","$","?","M","R","M","M","T","E","?","R","M","M","R","BOSS","M","?","M","M","$","E","R","E","T","R","M","?","$","?","R","BOSS"],"items_purchased_type":["Card","Relic","Relic","Potion"],"build_version":"2020-12-22","purchased_purges":3,"victory":true,"max_hp_per_floor":[63,63,63,63,63,63,63,58,58,58,58,58,58,58,58,58,58,58,58,58,58,63,63,63,63,73,73,73,73,73,73,73,73,73,73,73,73,73,73,73,73,73,73,73,73,73,73,73,73,73],"relic_stats":{"Centennial Puzzle":[9],"Tough Bandages":[27],"counters":[23,123],"Golden Idol":148,"Snake Skull":[27],"Turnip":[0],"obtain_stats":[{"Centennial Puzzle":39,"Tough Bandages":43,"Pear":26,"Golden Idol":8,"SacredBark":34,"Enchiridion":28,"Philosopher\u0027s Stone":17,"Snake Skull":27,"Turnip":40,"The Courier":42,"Ancient Tea Set":39,"Ring of the Snake":0},{"Centennial Puzzle":19,"Tough Bandages":21,"Pear":12,"Golden Idol":4,"SacredBark":16,"Enchiridion":13,"Philosopher\u0027s Stone":7,"Snake Skull":13,"Turnip":20,"The Courier":21,"Ancient Tea Set":19,"Ring of the Snake":0},{"Centennial Puzzle":102,"Tough Bandages":109,"Pear":72,"Golden Idol":18,"SacredBark":90,"Enchiridion":78,"Philosopher\u0027s Stone":47,"Snake Skull":78,"Turnip":104,"The Courier":109,"Ancient Tea Set":102,"Ring of the Snake":0}],"Ring of the Snake":[46]},"card_choices":[{"not_picked":["Noxious Fumes","Bane"],"picked":"Flying Knee","floor":1.0},{"not_picked":["Cloak And Dagger","Backflip"],"picked":"Blade Dance","floor":3.0},{"not_picked":["Terror","Flying Knee"],"picked":"Reflex","floor":4.0},{"not_picked":["Prepared","Dodge and Roll"],"picked":"Footwork","floor":7.0},{"not_picked":["Deflect","Bane"],"picked":"Tactician","floor":12.0},{"not_picked":["Dagger Spray","Deflect","Tools of the Trade"],"picked":"SKIP","floor":14.0},{"not_picked":["Choke","Finisher+1","Slice"],"picked":"SKIP","floor":18.0},{"not_picked":["Underhanded Strike+1","Dodge and Roll"],"picked":"Accuracy","floor":19.0},{"not_picked":["Concentrate+1","Quick Slash","Setup+1"],"picked":"SKIP","floor":22.0},{"not_picked":["Flying Knee","Prepared"],"picked":"Accuracy","floor":24.0},{"not_picked":["Caltrops","Night Terror","Underhanded Strike+1"],"picked":"SKIP","floor":25.0},{"not_picked":["Outmaneuver","Dash","Quick Slash"],"picked":"SKIP","floor":27.0},{"not_picked":["Backflip","Acrobatics"],"picked":"Cloak And Dagger","floor":30.0},{"not_picked":["Outmaneuver","Caltrops"],"picked":"Backflip","floor":31.0},{"not_picked":["Prepared+1","Deflect"],"picked":"PiercingWail","floor":35.0},{"not_picked":["Setup","Prepared"],"picked":"Cloak And Dagger","floor":37.0},{"not_picked":["Cloak And Dagger","Underhanded Strike","Deadly Poison"],"picked":"SKIP","floor":38.0},{"not_picked":["Bouncing Flask+1","Outmaneuver","A Thousand Cuts"],"picked":"SKIP","floor":40.0},{"not_picked":["Dodge and Roll","Underhanded Strike","Caltrops+1"],"picked":"SKIP","floor":42},{"not_picked":["Slice+1","Deflect+1","Crippling Poison"],"picked":"SKIP","floor":45},{"not_picked":["Slice+1","Deflect+1"],"picked":"Crippling Poison","floor":45}],"player_experience":299561,"relics_obtained":[{"floor":26.0,"key":"Pear"},{"floor":27.0,"key":"Snake Skull"},{"floor":28.0,"key":"Enchiridion"},{"floor":40.0,"key":"Turnip"},{"floor":42,"key":"The Courier"},{"floor":43,"key":"Tough Bandages"}],"event_choices":[{"damage_healed":0.0,"max_hp_gain":0.0,"max_hp_loss":0.0,"gold_gain":75.0,"event_name":"World of Goop","player_choice":"Gather Gold","floor":2.0,"gold_loss":0.0,"damage_taken":11.0},{"damage_healed":0.0,"max_hp_gain":0.0,"max_hp_loss":0.0,"gold_gain":0.0,"event_name":"Shining Light","player_choice":"Entered Light","floor":5.0,"gold_loss":0.0,"damage_taken":13.0,"cards_upgraded":["Strike_G","Defend_G"]},{"damage_healed":0.0,"max_hp_gain":0.0,"max_hp_loss":5.0,"gold_gain":0.0,"event_name":"Golden Idol","player_choice":"Lose Max HP","floor":8.0,"gold_loss":0.0,"damage_taken":0.0,"relics_obtained":["Golden Idol"]},{"damage_healed":0.0,"max_hp_gain":0.0,"max_hp_loss":0.0,"gold_gain":0.0,"cards_transformed":["Strike_G","Defend_G"],"event_name":"Drug Dealer","player_choice":"Became Test Subject","floor":21.0,"gold_loss":0.0,"damage_taken":0.0,"cards_obtained":["Dagger Spray","Prepared"]},{"damage_healed":0.0,"max_hp_gain":0.0,"max_hp_loss":0.0,"gold_gain":0.0,"event_name":"Cursed Tome","player_choice":"Obtained Book","floor":28.0,"gold_loss":0.0,"damage_taken":16.0},{"damage_healed":0.0,"max_hp_gain":0.0,"max_hp_loss":0.0,"gold_gain":0.0,"event_name":"Tomb of Lord Red Mask","player_choice":"Ignored","floor":36.0,"gold_loss":0.0,"damage_taken":0.0},{"cards_removed":["Neutralize"],"damage_healed":0,"gold_gain":0,"player_choice":"Removed Attack","damage_taken":0,"max_hp_gain":0,"max_hp_loss":0,"event_name":"Falling","floor":46,"gold_loss":0},{"damage_healed":0,"gold_gain":0,"player_choice":"Ignored","damage_taken":0,"max_hp_gain":0,"max_hp_loss":0,"event_name":"Mysterious Sphere","floor":48,"gold_loss":0}],"is_beta":false,"boss_relics":[{"not_picked":["Black Star","Velvet Choker"],"picked":"Philosopher\u0027s Stone"},{"not_picked":["HoveringKite","WristBlade"],"picked":"SacredBark"}],"items_purged_floors":[10,20,39],"is_endless":false,"potions_floor_spawned":[1,7,16,22,24,25,33,37,45],"ascension_level":6}}