{"host":"xp27heuvanyklt0b","time":1613303232,"event":{"mods":["100% Spire Juice","BaseMod","CapriCore","Lobotomy","Minty Spire (QoL Compilation)","Replay The Spire","StSLib","The Immortal"],"gold_per_floor":[94,49,60,72,89,131,153,33,33,53,53,62,21,50,50,164,44,72,101,101,127,149,29,67,67,67,27,27,66,66,78,78,175,225,243,4,16,30,48,80,80,3,27,47,47,47,80,98,98,98],"floor_reached":51,"language":"KOR","playtime":2911,"items_purged":[],"score":801,"play_id":"de8ce4cf-8042-469a-839d-0f100bf10ed6","local_time":"20210214204712","is_ascension_mode":false,"campfire_choices":[{"data":"Moonworks:Ambush","floor":8,"key":"SMITH"},{"data":"Moonworks:FinalSurgery","floor":11,"key":"SMITH"},{"floor":15,"key":"REST"},{"floor":23,"key":"RECALL"},{"data":"Moonworks:IndiscriminateFireSupport","floor":25,"key":"SMITH"},{"floor":32,"key":"REST"},{"data":"Moonworks:MeltingMemories","floor":46,"key":"SMITH"},{"floor":49,"key":"REST"}],"circlet_count":0,"master_deck":["Moonworks:Strike","Moonworks:Strike","Moonworks:Strike+1","Moonworks:Strike","Moonworks:Defend","Moonworks:Defend","Moonworks:Defend","Moonworks:Defend","Moonworks:Ambush+1","Moonworks:LongDistanceShot","Moonworks:NicePresent","Moonworks:FinalSurgery+1","Moonworks:ImmovableObject","Moonworks:BigMagnum","Moonworks:RocketCannon","Moonworks:EvilSpyWorkPreparation","Moonworks:GoAway","Moonworks:IndiscriminateFireSupport+1","Moonworks:WindyEnchantment","Moonworks:AnotherUltimateWeapon","Moonworks:ImOnFire","Moonworks:NicePresent+1","Moonworks:TacticalRetreat","Moonworks:DeployBits","Moonworks:ExtendedPhotonRifle+1","Moonworks:CompletionReward","Moonworks:BindingChains","Moonworks:MeltingMemories+1","Moonworks:ReproductionOfRecords","Moonworks:SakisCookie+1","Moonworks:ScrambledEve","Moonworks:Dinner+1","Moonworks:BindingChains+1","Moonworks:RedAndBlue","Moonworks:WindyEnchantment+1","Moonworks:AnotherUltimateWeapon","Moonworks:Wanted","Moonworks:MiracleWalker+1"],"relics":["Moonworks:BrokenBomb","Moonworks:Homemark","Sozu","Toy Ornithopter","Darkstone Periapt","White Beast Statue","Nloth\u0027s Gift","Tiny House","Matryoshka","Bottled Flame","Omamori","Vajra","Bronze Scales","PreservedInsect"],"acts_visited":["Exordium","TheCity","TheBeyond"],"potions_floor_usage":[6],"damage_taken":[{"damage":0.0,"enemies":"2 Louse","floor":1.0,"turns":2.0},{"damage":0,"enemies":"Jaw Worm","floor":3,"turns":3},{"damage":0,"enemies":"Cultist","floor":4,"turns":2},{"damage":7,"enemies":"Red Slaver","floor":5,"turns":5},{"damage":9,"enemies":"3 Sentries","floor":6,"turns":7},{"damage":0,"enemies":"Large Slime","floor":7,"turns":5},{"damage":0,"enemies":"Exordium Thugs","floor":10,"turns":3},{"damage":5,"enemies":"3 Louse","floor":14,"turns":3},{"damage":8,"enemies":"Hexaghost","floor":16,"turns":7},{"damage":0,"enemies":"3 Byrds","floor":18,"turns":3},{"damage":0,"enemies":"Chosen","floor":19,"turns":3},{"damage":0,"enemies":"Centurion and Healer","floor":21,"turns":4},{"damage":5,"enemies":"Snake Plant","floor":22,"turns":2},{"damage":6,"enemies":"Replay:Snechameleon","floor":24,"turns":6},{"damage":36,"enemies":"Slavers","floor":29,"turns":7},{"damage":0,"enemies":"Shelled Parasite and Fungi","floor":31,"turns":4},{"damage":6,"enemies":"Automaton","floor":33,"turns":7},{"damage":0,"enemies":"3 Shapes","floor":35,"turns":5},{"damage":27,"enemies":"3 Darklings","floor":37,"turns":4},{"damage":10,"enemies":"Sphere and 2 Shapes","floor":38,"turns":3},{"damage":10,"enemies":"Transient","floor":39,"turns":5},{"damage":58,"enemies":"Nemesis","floor":40,"turns":11},{"damage":0,"enemies":"Jaw Worm Horde","floor":44,"turns":1},{"damage":31,"enemies":"Giant Head","floor":47,"turns":5},{"damage":0,"enemies":"Maw","floor":48,"turns":5},{"damage":19,"enemies":"Time Eater","floor":50,"turns":11},{"damage":30,"enemies":"Malkuth","floor":51,"turns":5}],"seed_played":"-1694766009494935956","potions_obtained":[{"floor":5,"key":"LifebloodPotion"},{"floor":10,"key":"GamblersBrew"},{"floor":16,"key":"BlessingOfTheForge"}],"is_trial":false,"path_per_floor":["M","?","M","M","M","E","M","R","T","M","R","?","$","M","R","B",null,"M","M","$","M","M","R","E","R","T","?","$","E","?","M","R","B",null,"M","$","M","M","M","E","?","?","T","M","?","R","E","M","R","B",null],"character_chosen":"THE_STARBREAKER","items_purchased":["Moonworks:IndiscriminateFireSupport","Matryoshka"],"campfire_rested":3,"item_purchase_floors":[13,36],"current_hp_per_floor":[60,49,49,49,42,33,33,33,33,33,33,33,33,28,46,38,60,60,60,60,60,55,55,49,49,49,49,49,13,13,13,31,25,65,65,65,38,31,46,9,57,57,57,57,57,57,26,29,46,40],"gold":98,"neow_bonus":"HUNDRED_GOLD","is_daily":false,"chose_seed":false,"campfire_upgraded":4,"win_rate":0.0,"timestamp":1613303232,"path_taken":["M","?","M","M","M","E","M","R","T","M","R","?","?","M","R","BOSS","M","M","?","?","M","R","E","R","T","?","?","E","?","?","R","BOSS","M","$","M","M","M","E","?","?","T","?","?","R","E","M","R","BOSS"],"items_purchased_type":["Card","Relic"],"build_version":"2020-12-22","purchased_purges":0,"victory":true,"max_hp_per_floor":[60,60,60,60,60,60,60,60,60,60,60,60,60,60,60,60,60,60,60,60,60,60,60,60,60,60,60,60,60,60,60,60,60,65,65,65,65,65,65,65,57,57,57,57,57,57,57,57,57,57],"card_choices":[{"not_picked":["Moonworks:ImOnFire","Moonworks:Assault"],"picked":"Moonworks:NicePresent","floor":1.0},{"not_picked":["Moonworks:Assault","Moonworks:SealedMemories"],"picked":"Moonworks:FinalSurgery","floor":3},{"not_picked":["Moonworks:BigMagnum","Moonworks:JonathanRush"],"picked":"Moonworks:ImmovableObject","floor":4},{"not_picked":["Moonworks:Bloodlust","Moonworks:JonathanRush"],"picked":"Moonworks:BigMagnum","floor":5},{"not_picked":["Moonworks:NicePresent","Moonworks:ImOnFire"],"picked":"Moonworks:RocketCannon","floor":6},{"not_picked":["Moonworks:BigBangBell","Moonworks:SakisCookie"],"picked":"Moonworks:ReproductionOfRecords","floor":7},{"not_picked":["Moonworks:MixPhenomenon","Moonworks:CloudOfSeagulls"],"picked":"Moonworks:EvilSpyWorkPreparation","floor":10},{"not_picked":["Moonworks:LulusLuckyEgg","Moonworks:UnpaidWork"],"picked":"Moonworks:WindyEnchantment","floor":14},{"not_picked":["Moonworks:Blazing","Moonworks:SinkOrSwim"],"picked":"Moonworks:AnotherUltimateWeapon","floor":16},{"not_picked":["Moonworks:WindyEnchantment","Moonworks:Assault"],"picked":"Moonworks:ImOnFire","floor":18},{"not_picked":["Moonworks:DeployBits","Moonworks:BigMagnum"],"picked":"Moonworks:NicePresent+1","floor":19},{"not_picked":["Moonworks:LulusLuckyEgg","Moonworks:JonathanRush"],"picked":"Moonworks:TacticalRetreat","floor":21},{"not_picked":["Moonworks:ImOnFire","Moonworks:LulusLuckyEgg"],"picked":"Moonworks:DeployBits","floor":22},{"not_picked":["Moonworks:IndiscriminateFireSupport+1","Moonworks:DeployBits+1"],"picked":"Moonworks:ExtendedPhotonRifle+1","floor":24},{"not_picked":["Moonworks:LulusLuckyEgg","Moonworks:EvilSpyWorkPreparation+1"],"picked":"Moonworks:CompletionReward","floor":29},{"not_picked":["Moonworks:CastOff","Moonworks:x16BigRocket"],"picked":"Moonworks:BindingChains","floor":31},{"not_picked":["Moonworks:GoAway","Moonworks:StarBlastingFuse"],"picked":"Moonworks:MeltingMemories","floor":33},{"not_picked":["Moonworks:x16BigRocket","Moonworks:EvilSpyWorkPreparation"],"picked":"Moonworks:ReproductionOfRecords","floor":34},{"not_picked":["Moonworks:ImOnFire+1","Moonworks:JonathanRush+1"],"picked":"Moonworks:SakisCookie+1","floor":35},{"not_picked":["Moonworks:CastOff+1","Moonworks:Assault"],"picked":"Moonworks:ScrambledEve","floor":37},{"not_picked":["Moonworks:LulusLuckyEgg","Moonworks:JonathanRush+1"],"picked":"Moonworks:Dinner+1","floor":38},{"not_picked":["Moonworks:EvilSpyWorkPreparation+1","Moonworks:TacticalRetreat+1"],"picked":"Moonworks:BindingChains+1","floor":39},{"not_picked":["Moonworks:ImmovableObject","Moonworks:EvilSpyWorkPreparation+1"],"picked":"Moonworks:RedAndBlue","floor":40},{"not_picked":["Moonworks:LulusLuckyEgg+1","Moonworks:JonathanRush"],"picked":"Moonworks:WindyEnchantment+1","floor":44},{"not_picked":["Moonworks:TacticalRetreat+1","Moonworks:LeapThroughSpace"],"picked":"Moonworks:Wanted","floor":47},{"not_picked":["Moonworks:AngelHand","Moonworks:CloudOfSeagulls+1"],"picked":"Moonworks:MiracleWalker+1","floor":48}],"player_experience":258435,"relics_obtained":[{"floor":6,"key":"CeramicFish"},{"floor":24,"key":"Toy Ornithopter"},{"floor":26,"key":"Darkstone Periapt"},{"floor":29,"key":"White Beast Statue"},{"floor":40,"key":"Bottled Flame"},{"floor":43,"key":"Vajra"},{"floor":43,"key":"Bronze Scales"},{"floor":47,"key":"PreservedInsect"}],"event_choices":[{"damage_healed":0.0,"max_hp_gain":0.0,"max_hp_loss":0.0,"gold_gain":75.0,"event_name":"World of Goop","player_choice":"Gather Gold","floor":2.0,"gold_loss":0.0,"damage_taken":11.0},{"damage_healed":0,"gold_gain":0,"cards_transformed":["Moonworks:ReproductionOfRecords"],"player_choice":"Change","damage_taken":0,"max_hp_gain":0,"max_hp_loss":0,"event_name":"Living Wall","floor":12,"gold_loss":0,"cards_obtained":["Moonworks:GoAway"]},{"damage_healed":0,"gold_gain":0,"player_choice":"Bought 3 Potions","damage_taken":0,"max_hp_gain":0,"max_hp_loss":0,"event_name":"The Woman in Blue","floor":27,"gold_loss":0},{"damage_healed":0,"gold_gain":0,"player_choice":"Traded Relic","damage_taken":0,"relics_obtained":["Nloth\u0027s Gift"],"max_hp_gain":0,"max_hp_loss":0,"event_name":"N\u0027loth","floor":30,"relics_lost":["CeramicFish"],"gold_loss":0},{"damage_healed":57,"gold_gain":0,"player_choice":"Heal","damage_taken":0,"max_hp_gain":0,"max_hp_loss":8,"event_name":"The Moai Head","floor":41,"gold_loss":0},{"damage_healed":0,"gold_gain":0,"player_choice":"Paid Gold","damage_taken":0,"relics_obtained":["Omamori"],"max_hp_gain":0,"max_hp_loss":0,"event_name":"WeMeetAgain","floor":42,"gold_loss":77},{"damage_healed":0,"gold_gain":0,"player_choice":"Copied","damage_taken":0,"max_hp_gain":0,"max_hp_loss":0,"event_name":"Duplicator","floor":45,"gold_loss":0,"cards_obtained":["Moonworks:AnotherUltimateWeapon"]}],"is_beta":false,"boss_relics":[{"not_picked":["Ectoplasm","Busted Crown"],"picked":"Sozu"},{"not_picked":["Runic Dome","Calling Bell"],"picked":"Tiny House"}],"items_purged_floors":[],"is_endless":false,"potions_floor_spawned":[5,10,16,18,19,24,29,31,33,35,37,38,39,40,44,47,48,51],"ascension_level":0}}