{"host":"08xvxt5w1s7zc7e5","time":1613298794,"event":{"mods":["AchievementEnabler","BaseMod","DeckTracker","Minty Spire (QoL Compilation)","Quick Restart","StSLib","SuperFastMode"],"gold_per_floor":[115,115,134,83,83,124,137,180,180,180,193,69,69,90,90,90,90],"floor_reached":16,"language":"KOR","playtime":375,"items_purged":["Strike_G"],"score":169,"play_id":"247d3bcc-c1c0-4fd8-8d64-3aed6060f975","local_time":"20210214193314","is_ascension_mode":true,"campfire_choices":[{"data":"Dash","floor":10,"key":"SMITH"},{"data":"Venomology","floor":15,"key":"SMITH"}],"circlet_count":0,"master_deck":["Strike_G","Strike_G","Strike_G","Defend_G","Defend_G","Defend_G","Defend_G","Defend_G","Survivor+1","Neutralize+1","Cloak And Dagger","Dash+1","Acrobatics","Backflip","Calculated Gamble","Venomology+1"],"relics":["Ring of the Snake","NeowsBlessing","Golden Idol","Meat on the Bone","White Beast Statue","Mercury Hourglass"],"acts_visited":["Exordium"],"potions_floor_usage":[8],"damage_taken":[{"damage":0,"enemies":"Small Slimes","floor":1,"turns":1},{"damage":0,"enemies":"2 Louse","floor":3,"turns":1},{"damage":0,"enemies":"Lagavulin","floor":6,"turns":1},{"damage":4,"enemies":"Cultist","floor":7,"turns":5},{"damage":16,"enemies":"Gremlin Nob","floor":8,"turns":6},{"damage":0,"enemies":"2 Fungi Beasts","floor":11,"turns":3},{"damage":0,"enemies":"Looter","floor":14,"turns":3},{"damage":114,"enemies":"Hexaghost","floor":16,"turns":18}],"seed_played":"-4145455681124793391","potions_obtained":[{"floor":7,"key":"FairyPotion"},{"floor":11,"key":"FairyPotion"},{"floor":14,"key":"FairyPotion"}],"is_trial":false,"path_per_floor":["M","?","M","$","?","E","M","E","T","R","M","$","?","M","R","B"],"character_chosen":"THE_SILENT","items_purchased":["BlessingOfTheForge","Backflip"],"campfire_rested":0,"item_purchase_floors":[4,12],"current_hp_per_floor":[70,53,53,53,39,39,47,43,43,43,43,43,43,43,43,0,0],"gold":90,"neow_bonus":"THREE_ENEMY_KILL","is_daily":false,"chose_seed":false,"campfire_upgraded":2,"win_rate":0.0,"timestamp":1613298794,"path_taken":["M","?","M","$","?","E","M","E","T","R","M","$","?","?","R","BOSS"],"items_purchased_type":["Potion","Card"],"build_version":"2020-12-22","purchased_purges":1,"victory":false,"max_hp_per_floor":[70,70,70,70,70,70,70,70,70,70,70,70,70,70,70,70,70],"card_choices":[{"not_picked":["Bane","Skewer","Outmaneuver"],"picked":"SKIP","floor":1},{"not_picked":["Sucker Punch","Dodge and Roll"],"picked":"Cloak And Dagger","floor":3},{"not_picked":["Distraction","Caltrops"],"picked":"Dash","floor":6},{"not_picked":["Bouncing Flask","Cloak And Dagger","Dodge and Roll"],"picked":"SKIP","floor":7},{"not_picked":["Poisoned Stab","Dodge and Roll"],"picked":"Acrobatics","floor":8},{"not_picked":["Choke","Underhanded Strike","Distraction"],"picked":"SKIP","floor":11},{"not_picked":["Dagger Spray","Cloak And Dagger"],"picked":"Venomology","floor":14}],"player_experience":369330,"relics_obtained":[{"floor":6,"key":"Meat on the Bone"},{"floor":8,"key":"White Beast Statue"},{"floor":9,"key":"Mercury Hourglass"}],"event_choices":[{"damage_healed":0,"gold_gain":0,"player_choice":"Take Damage","damage_taken":17,"relics_obtained":["Golden Idol"],"max_hp_gain":0,"max_hp_loss":0,"event_name":"Golden Idol","floor":2,"gold_loss":0},{"damage_healed":0,"gold_gain":0,"player_choice":"Entered Light","damage_taken":14,"max_hp_gain":0,"max_hp_loss":0,"event_name":"Shining Light","floor":5,"gold_loss":0,"cards_upgraded":["Survivor","Neutralize"]},{"damage_healed":0,"gold_gain":0,"cards_transformed":["Strike_G"],"player_choice":"Transformed","damage_taken":0,"max_hp_gain":0,"max_hp_loss":0,"event_name":"Transmorgrifier","floor":13,"gold_loss":0,"cards_obtained":["Calculated Gamble"]}],"is_beta":false,"boss_relics":[],"items_purged_floors":[12],"is_endless":false,"potions_floor_spawned":[7,11,14],"killed_by":"Hexaghost","ascension_level":5}}