{"host":"wuernuywc9gl215o","time":1613346466,"event":{"mods":["2.2 Compatiblity","AchievementEnabler","BaseMod","Bestiary","Block Reminder","Displayed Cursed Tome","Highlight Path","Key Reminder","Minty Spire (QoL Compilation)","Permanent Neow","Potion Indicator Mod","Quick Restart","Rare Cards Sparkle","Relic Stats","ojb\u0027s Info Mod"],"gold_per_floor":[111,131,146,159,169,194,194,194,194],"floor_reached":8,"language":"ENG","playtime":574,"items_purged":[],"score":84,"play_id":"bf0fae74-63d2-4aa3-844b-43744f378591","local_time":"20210214234746","is_ascension_mode":true,"campfire_choices":[{"floor":7,"key":"REST"}],"circlet_count":0,"master_deck":["Strike_B","Strike_B","Strike_B","Strike_B","Defend_B","Defend_B","Defend_B","Defend_B","Zap","Dualcast","Self Repair","BootSequence","Defragment","Reinforced Body","Redo+1"],"relics":["Nuclear Battery","Toxic Egg 2"],"acts_visited":["Exordium"],"potions_floor_usage":[8],"damage_taken":[{"damage":2,"enemies":"Jaw Worm","floor":1,"turns":4},{"damage":2,"enemies":"2 Louse","floor":2,"turns":3},{"damage":4,"enemies":"Small Slimes","floor":3,"turns":4},{"damage":11,"enemies":"Blue Slaver","floor":4,"turns":4},{"damage":17,"enemies":"3 Louse","floor":5,"turns":5},{"damage":35,"enemies":"3 Sentries","floor":6,"turns":11},{"damage":79,"enemies":"Gremlin Nob","floor":8,"turns":5}],"seed_played":"3638899399266085203","potions_obtained":[{"floor":1,"key":"SteroidPotion"},{"floor":2,"key":"FocusPotion"},{"floor":5,"key":"EntropicBrew"}],"is_trial":false,"path_per_floor":["M","M","M","M","M","E","R","E"],"character_chosen":"DEFECT","items_purchased":[],"campfire_rested":1,"item_purchase_floors":[],"current_hp_per_floor":[66,71,74,70,60,32,54,0,0],"gold":194,"neow_bonus":"BOSS_RELIC","is_daily":false,"chose_seed":false,"campfire_upgraded":0,"win_rate":0.0,"timestamp":1613346466,"path_taken":["M","M","M","M","M","E","R","E"],"items_purchased_type":[],"build_version":"2020-12-22","purchased_purges":0,"victory":false,"max_hp_per_floor":[75,75,75,75,75,75,75,75,75],"relic_stats":{"counters":[7,36],"obtain_stats":[{"Toxic Egg 2":6,"Cracked Core":0,"Nuclear Battery":0},{"Toxic Egg 2":6,"Cracked Core":0,"Nuclear Battery":0},{"Toxic Egg 2":31,"Cracked Core":0,"Nuclear Battery":0}]},"card_choices":[{"not_picked":["Rebound","FTL"],"picked":"Self Repair","floor":1},{"not_picked":["Redo","Steam"],"picked":"BootSequence","floor":2},{"not_picked":["Hello World","Rebound","Creative AI"],"picked":"SKIP","floor":3},{"not_picked":["Stack","Gash"],"picked":"Defragment","floor":4},{"not_picked":["Barrage","Self Repair"],"picked":"Reinforced Body","floor":5},{"not_picked":["Stack+1","Rebound"],"picked":"Redo+1","floor":6}],"player_experience":968953,"relics_obtained":[{"floor":6,"key":"Toxic Egg 2"}],"event_choices":[],"is_beta":false,"boss_relics":[],"items_purged_floors":[],"is_endless":false,"potions_floor_spawned":[1,2,5],"killed_by":"Gremlin Nob","ascension_level":8}}