{"host":"phniwng9zo19jwdb","time":1613261236,"event":{"mods":["AchievementEnabler","BaseMod","Colored Powertips","Dark Map","Faster Ascension Climbing","GifTheSpireLib","Minty Spire (QoL Compilation)","Permanent Neow","Rare Cards Sparkle","Relic Filter Mod","StSLib","Weighted Paths"],"gold_per_floor":[20,30,43,62,62,87,87,112,112,127,127,156,156,190,190,263,263,238,153,166,166,182,213,224,253,328,328,361,376,404,187,187,266,266,278,278,17,29,1028,1054,1072,488,561,592,605,53,53,84,84,84,84,84,34,69,69],"floor_reached":56,"language":"ENG","playtime":2808,"items_purged":["Strike_R+1","Strike_R+1","Normality","Normality","Parasite"],"score":2472,"play_id":"2c1cae63-3d81-4522-99de-e1d31a0e050f","local_time":"20210214010716","is_ascension_mode":true,"campfire_choices":[{"data":"Havoc","floor":7.0,"key":"SMITH"},{"data":"Feed","floor":11.0,"key":"SMITH"},{"data":"Exhume","floor":13.0,"key":"SMITH"},{"data":"Metallicize","floor":15.0,"key":"SMITH"},{"data":"Armaments","floor":27,"key":"SMITH"},{"data":"Barricade","floor":32,"key":"SMITH"},{"floor":49,"key":"RECALL"},{"data":"Corruption","floor":52,"key":"SMITH"}],"circlet_count":0,"master_deck":["AscendersBane","Strike_R+1","Strike_R+1","Defend_R+1","Defend_R+1","Defend_R+1","Defend_R+1","Bash","Feed+1","Metallicize+1","Inflame","Iron Wave","Havoc+1","Shrug It Off","Metallicize+1","Exhume+1","Iron Wave","Barricade+1","Uppercut","Armaments+1","Spot Weakness","Impervious","Bloodletting","Heavy Blade","Feel No Pain","Metallicize+1","Corruption+1","Fire Breathing","Offering","Shrug It Off","Twin Strike","JustLucky","Shrug It Off","Panache","Shrug It Off","Apotheosis","Armaments+1","Disarm"],"relics":["Burning Blood","Vajra","PreservedInsect","Self Forming Clay","Eternal Feather","Matryoshka","Velvet Choker","Red Skull","Shuriken","Oddly Smooth Stone","Smiling Mask","Mercury Hourglass","Champion Belt","Bronze Scales","DollysMirror","Coffee Dripper","PrismaticShard","Nunchaku","Ornamental Fan","Regal Pillow","Prayer Wheel","Bottled Tornado","ClockworkSouvenir","Omamori","Bottled Flame"],"acts_visited":["Exordium","TheCity","TheBeyond","TheEnding"],"potions_floor_usage":[23,28],"damage_taken":[{"damage":7.0,"enemies":"Cultist","floor":1.0,"turns":4.0},{"damage":4.0,"enemies":"Small Slimes","floor":2.0,"turns":5.0},{"damage":0.0,"enemies":"2 Louse","floor":3.0,"turns":4.0},{"damage":30.0,"enemies":"Exordium Wildlife","floor":4.0,"turns":7.0},{"damage":19.0,"enemies":"Gremlin Nob","floor":6.0,"turns":4.0},{"damage":22.0,"enemies":"Lagavulin","floor":8.0,"turns":7.0},{"damage":3.0,"enemies":"3 Louse","floor":10.0,"turns":5.0},{"damage":0.0,"enemies":"Gremlin Nob","floor":12.0,"turns":2.0},{"damage":4.0,"enemies":"Lagavulin","floor":14.0,"turns":9.0},{"damage":14.0,"enemies":"The Guardian","floor":16.0,"turns":16.0},{"damage":14.0,"enemies":"2 Thieves","floor":18.0,"turns":5.0},{"damage":10.0,"enemies":"3 Byrds","floor":20.0,"turns":10.0},{"damage":4,"enemies":"Centurion and Healer","floor":22,"turns":16},{"damage":6,"enemies":"Gremlin Leader","floor":23,"turns":10},{"damage":27,"enemies":"3 Cultists","floor":24,"turns":6},{"damage":51,"enemies":"Slavers","floor":25,"turns":8},{"damage":19,"enemies":"Book of Stabbing","floor":28,"turns":3},{"damage":23,"enemies":"Sentry and Sphere","floor":29,"turns":7},{"damage":3,"enemies":"Gremlin Leader","floor":30,"turns":9},{"damage":16,"enemies":"Collector","floor":33,"turns":13},{"damage":5,"enemies":"3 Shapes","floor":35,"turns":5},{"damage":21,"enemies":"3 Darklings","floor":38,"turns":7},{"damage":18,"enemies":"Reptomancer","floor":40,"turns":11},{"damage":18,"enemies":"Writhing Mass","floor":41,"turns":10},{"damage":13,"enemies":"Giant Head","floor":44,"turns":10},{"damage":49,"enemies":"Transient","floor":45,"turns":6},{"damage":8,"enemies":"Nemesis","floor":48,"turns":9},{"damage":31,"enemies":"Donu and Deca","floor":50,"turns":10},{"damage":30,"enemies":"Shield and Spear","floor":54,"turns":8},{"damage":66,"enemies":"The Heart","floor":55,"turns":12}],"seed_played":"7882723654240117137","potions_obtained":[{"floor":1.0,"key":"DistilledChaos"},{"floor":4.0,"key":"PowerPotion"},{"floor":8.0,"key":"DistilledChaos"},{"floor":12.0,"key":"FearPotion"},{"floor":16.0,"key":"FairyPotion"},{"floor":20.0,"key":"Explosive Potion"},{"floor":25,"key":"Energy Potion"},{"floor":28,"key":"Explosive Potion"},{"floor":29,"key":"SteroidPotion"}],"is_trial":false,"path_per_floor":["M","M","M","M","?","E","R","E","T","M","R","E","R","E","R","B",null,"M","?","M","?","M","E","M","E","T","R","E","M","E","$","R","B",null,"M","?","$","M","?","E","M","$","T","E","M","$","?","E","R","B",null,"R","$","E","B",null],"character_chosen":"IRONCLAD","items_purchased":["DollysMirror","PrismaticShard","Shrug It Off","Panache","Ornamental Fan","Shrug It Off","Bottled Tornado","ClockworkSouvenir","Disarm"],"campfire_rested":0,"item_purchase_floors":[31,37,37,42,42,42,46,46,46],"current_hp_per_floor":[70,75,84,63,63,50,50,37,37,43,43,53,62,68,80,76,98,94,94,94,94,104,108,91,54,54,69,60,47,54,54,69,63,131,140,140,140,129,129,117,109,109,109,106,63,63,63,61,82,61,141,162,162,142,82],"gold":69,"neow_bonus":"THREE_RARE_CARDS","is_daily":false,"chose_seed":false,"campfire_upgraded":7,"win_rate":0.0,"timestamp":1613261236,"path_taken":["M","M","?","M","?","E","R","E","T","M","R","E","R","E","R","BOSS","M","?","M","?","?","E","M","E","T","R","E","M","E","$","R","BOSS","M","?","?","M","?","E","M","$","T","E","M","$","?","E","R","BOSS","R","$","E","BOSS"],"items_purchased_type":["Relic","Relic","Card","Card","Relic","Card","Relic","Relic","Card"],"build_version":"2020-12-22","purchased_purges":5,"victory":true,"max_hp_per_floor":[78,81,84,87,87,87,87,90,90,93,93,97,97,101,101,105,105,109,109,113,113,121,125,129,137,137,137,141,145,149,149,149,153,153,161,161,161,165,165,165,169,169,169,173,173,173,164,164,164,168,168,168,165,169,169],"card_choices":[{"not_picked":["Juggernaut","Offering"],"picked":"Feed","floor":0.0},{"not_picked":["Ghostly Armor","Wild Strike"],"picked":"Metallicize","floor":1.0},{"not_picked":["Combust","Rage","Perfected Strike"],"picked":"SKIP","floor":2.0},{"not_picked":["Rage","Battle Trance"],"picked":"Inflame","floor":3.0},{"not_picked":["Anger","Rage"],"picked":"Iron Wave","floor":4.0},{"not_picked":["Sentinel","Combust"],"picked":"Havoc","floor":6.0},{"not_picked":["Clothesline","Burning Pact"],"picked":"Shrug It Off","floor":8.0},{"not_picked":["Body Slam","Sword Boomerang"],"picked":"Metallicize","floor":10.0},{"not_picked":["Anger","Flex"],"picked":"Exhume","floor":12.0},{"not_picked":["Clothesline","Body Slam"],"picked":"Iron Wave","floor":14.0},{"not_picked":["Berserk","Limit Break"],"picked":"Barricade","floor":16.0},{"not_picked":["Pommel Strike","Clash"],"picked":"Uppercut","floor":18.0},{"not_picked":["Ghostly Armor","Havoc"],"picked":"Armaments","floor":20.0},{"not_picked":["Whirlwind","Sever Soul"],"picked":"Spot Weakness","floor":22},{"not_picked":["Inflame","Havoc"],"picked":"Impervious","floor":23},{"not_picked":["Feel No Pain","Second Wind"],"picked":"Bloodletting","floor":24},{"not_picked":["Anger","Hemokinesis+1"],"picked":"Heavy Blade","floor":25},{"not_picked":["Thunderclap","Headbutt","Carnage"],"picked":"SKIP","floor":28},{"not_picked":["Wild Strike","Body Slam","Havoc"],"picked":"SKIP","floor":29},{"not_picked":["Double Tap","Flex"],"picked":"Feel No Pain","floor":30},{"not_picked":["Barricade","Fiend Fire"],"picked":"Corruption","floor":33},{"not_picked":["Whirlwind","Combust"],"picked":"Fire Breathing","floor":35},{"not_picked":["Hologram","Dramatic Entrance"],"picked":"Twin Strike","floor":38},{"not_picked":["Clash","Bane+1"],"picked":"JustLucky","floor":40},{"not_picked":["Mayhem","Adaptation"],"picked":"Shrug It Off","floor":41},{"not_picked":["Clothesline","Ghostly Armor"],"picked":"Apotheosis","floor":44},{"not_picked":["LikeWater+1","Compile Driver"],"picked":"Armaments+1","floor":45},{"not_picked":["Sucker Punch","Sunder","Rip and Tear"],"picked":"SKIP","floor":45},{"not_picked":["Blind","EmptyFist","FlyingSleeves"],"picked":"SKIP","floor":48},{"not_picked":["All For One","True Grit","Sunder"],"picked":"SKIP","floor":54}],"player_experience":128105,"relics_obtained":[{"floor":6.0,"key":"Vajra"},{"floor":8.0,"key":"PreservedInsect"},{"floor":9.0,"key":"Self Forming Clay"},{"floor":12.0,"key":"Eternal Feather"},{"floor":14.0,"key":"Matryoshka"},{"floor":23,"key":"Shuriken"},{"floor":25,"key":"Oddly Smooth Stone"},{"floor":26,"key":"Smiling Mask"},{"floor":26,"key":"Mercury Hourglass"},{"floor":28,"key":"Champion Belt"},{"floor":30,"key":"Bronze Scales"},{"floor":40,"key":"Nunchaku"},{"floor":43,"key":"Regal Pillow"},{"floor":44,"key":"Prayer Wheel"},{"floor":48,"key":"Omamori"},{"floor":54,"key":"Bottled Flame"}],"event_choices":[{"damage_healed":0.0,"max_hp_gain":0.0,"max_hp_loss":0.0,"gold_gain":0.0,"event_name":"Living Wall","player_choice":"Grow","floor":5.0,"gold_loss":0.0,"damage_taken":0.0,"cards_upgraded":["Metallicize"]},{"damage_healed":0.0,"max_hp_gain":0.0,"max_hp_loss":0.0,"gold_gain":0.0,"event_name":"Addict","player_choice":"Obtained Relic","floor":19.0,"gold_loss":85.0,"damage_taken":0.0,"relics_obtained":["Red Skull"]},{"damage_healed":0.0,"max_hp_gain":0.0,"max_hp_loss":0.0,"gold_gain":0.0,"event_name":"Back to Basics","player_choice":"Simplicity","floor":21.0,"gold_loss":0.0,"damage_taken":0.0,"cards_upgraded":["Strike_R","Strike_R","Strike_R","Strike_R","Strike_R","Defend_R","Defend_R","Defend_R","Defend_R"]},{"damage_healed":0,"gold_gain":0,"cards_transformed":["Strike_R"],"player_choice":"Transformed","damage_taken":0,"max_hp_gain":0,"max_hp_loss":0,"event_name":"Transmorgrifier","floor":36,"gold_loss":0,"cards_obtained":["Offering"]},{"damage_healed":0,"gold_gain":999,"player_choice":"Gold","damage_taken":0,"max_hp_gain":0,"max_hp_loss":0,"event_name":"MindBloom","floor":39,"gold_loss":0,"cards_obtained":["Normality","Normality"]},{"damage_healed":0,"gold_gain":0,"player_choice":"Max HP","damage_taken":0,"max_hp_gain":0,"max_hp_loss":9,"event_name":"Winding Halls","floor":47,"gold_loss":0}],"is_beta":false,"boss_relics":[{"not_picked":["Ectoplasm","Black Star"],"picked":"Velvet Choker"},{"not_picked":["Runic Pyramid","Mark of Pain"],"picked":"Coffee Dripper"}],"items_purged_floors":[31,37,42,46,53],"is_endless":false,"potions_floor_spawned":[1,4,8,12,16,20,22,25,28,29,38,41],"ascension_level":17}}