{"host":"92108ef2q9tm8rod","time":1609719075,"event":{"mods":["BaseMod","Defuse TimeMaze Blight","Minty Spire (QoL Compilation)","StSLib","The Jungle"],"gold_per_floor":[118,131,131,147,158,158,183,183,232,246,246,246,246,260,260,360,410,420,430,11,111,111,111,129,129,129,129,149,161,161,188,188,285,285,301,312,262,277,277,277],"floor_reached":41,"playtime":2428,"items_purged":["Dash"],"score":713,"play_id":"b55cb9bd-30bf-400a-ba58-e748f27c953b","local_time":"20210104001115","daily_mods":["SealedDeck","Purple Cards","Heirloom","Flight"],"is_ascension_mode":false,"campfire_choices":[{"data":"Perseverance","floor":6,"key":"SMITH"},{"data":"Backflip","floor":8,"key":"SMITH"},{"data":"Bouncing Flask","floor":11,"key":"SMITH"},{"data":"Deadly Poison","floor":13,"key":"SMITH"},{"data":"Deflect","floor":15,"key":"SMITH"},{"data":"Sadistic Nature","floor":23,"key":"SMITH"},{"data":"Leg Sweep","floor":25,"key":"SMITH"},{"data":"Poisoned Stab","floor":27,"key":"SMITH"},{"data":"FollowUp","floor":30,"key":"SMITH"},{"data":"Consecrate","floor":32,"key":"SMITH"}],"circlet_count":0,"master_deck":["Consecrate+1","FollowUp+1","FlyingSleeves","Deadly Poison+1","Protect","Poisoned Stab+1","Bouncing Flask+1","TalkToTheHand+1","Perseverance+1","Leg Sweep+1","Backflip+1","Deflect+1","Sadistic Nature+1","Dagger Throw","Establishment","Noxious Fumes"],"relics":["Ring of the Snake","Tough Bandages","Smiling Mask","Tiny House","White Beast Statue","Letter Opener","Pen Nib","Black Star"],"acts_visited":["Exordium","Exordium","TheBeyond"],"potions_floor_usage":[16,16,24,24,31,31,35,40,40,40],"damage_taken":[{"damage":0,"enemies":"Small Slimes","floor":1,"turns":2},{"damage":0,"enemies":"Cultist","floor":2,"turns":2},{"damage":0,"enemies":"2 Louse","floor":4,"turns":2},{"damage":0,"enemies":"Exordium Wildlife","floor":5,"turns":2},{"damage":12,"enemies":"3 Sentries","floor":7,"turns":6},{"damage":1,"enemies":"Gremlin Gang","floor":10,"turns":4},{"damage":0,"enemies":"Blue Slaver","floor":14,"turns":3},{"damage":9,"enemies":"Hexaghost","floor":16,"turns":8},{"damage":0,"enemies":"theJungle:GiantWrat","floor":18,"turns":4},{"damage":0,"enemies":"Shell Parasite","floor":19,"turns":5},{"damage":0,"enemies":"theJungle:2_Snecko_Cultists","floor":24,"turns":4},{"damage":0,"enemies":"theJungle:SlimyTreeVines","floor":28,"turns":3},{"damage":0,"enemies":"theJungle:Lyon","floor":29,"turns":5},{"damage":4,"enemies":"theJungle:MamaSnecko","floor":31,"turns":6},{"damage":22,"enemies":"theJungle:TotemBoss","floor":33,"turns":10},{"damage":2,"enemies":"3 Darklings","floor":35,"turns":7},{"damage":0,"enemies":"3 Shapes","floor":36,"turns":3},{"damage":0,"enemies":"Maw","floor":38,"turns":7},{"damage":4,"enemies":"Time Eater","floor":40,"turns":10}],"seed_played":"1838115323569417412","potions_obtained":[{"floor":4,"key":"Regen Potion"},{"floor":7,"key":"Energy Potion"},{"floor":10,"key":"Poison Potion"},{"floor":14,"key":"Poison Potion"},{"floor":17,"key":"GhostInAJar"},{"floor":18,"key":"Fire Potion"},{"floor":19,"key":"SkillPotion"},{"floor":24,"key":"SkillPotion"},{"floor":28,"key":"FairyPotion"},{"floor":31,"key":"GamblersBrew"},{"floor":33,"key":"Strength Potion"},{"floor":35,"key":"Explosive Potion"},{"floor":36,"key":"Block Potion"},{"floor":38,"key":"LiquidBronze"}],"is_trial":true,"path_per_floor":["M","M","?","M","M","R","E","R","T","M","R","?","R","M","R","B",null,"M","M","$","?","?","R","M","R","T","R","M","M","R","E","R","B",null,"M","M","$","M","?","B",null],"character_chosen":"THE_SILENT","items_purchased":["Sadistic Nature","White Beast Statue"],"campfire_rested":0,"item_purchase_floors":[20,20],"current_hp_per_floor":[70,70,70,70,70,70,58,58,58,57,57,62,62,62,62,68,80,80,80,80,75,75,75,75,75,75,75,78,78,78,74,74,52,80,78,78,78,78,78,74],"gold":277,"neow_bonus":"","is_daily":false,"chose_seed":false,"campfire_upgraded":10,"win_rate":0.0,"timestamp":1609719075,"path_taken":["M","M","?","M","?","R","E","R","T","M","R","?","R","M","R","BOSS","M","M","$","?","?","R","M","R","T","R","M","M","R","E","R","BOSS","M","M","$","M","?","BOSS"],"items_purchased_type":["Card","Relic"],"build_version":"2020-12-22","purchased_purges":1,"victory":true,"max_hp_per_floor":[70,70,70,70,70,70,70,70,70,70,70,75,75,75,75,75,80,80,80,80,80,80,80,80,80,80,80,80,80,80,80,80,80,80,80,80,80,80,80,80],"card_choices":[{"not_picked":["Prostrate","Deflect"],"picked":"Leg Sweep","floor":1},{"not_picked":["SignatureMove","Cloak And Dagger","EmptyFist"],"picked":"SKIP","floor":2},{"not_picked":["EmptyBody","BowlingBash","InnerPeace"],"picked":"SKIP","floor":4},{"not_picked":["Consecrate","Fasting2","WaveOfTheHand"],"picked":"SKIP","floor":5},{"not_picked":["Meditate","FollowUp"],"picked":"Backflip","floor":7},{"not_picked":["Consecrate","Blasphemy","Dagger Spray"],"picked":"SKIP","floor":10},{"not_picked":["Expertise","Acrobatics"],"picked":"Deflect","floor":14},{"not_picked":["Blade Dance","LikeWater","Outmaneuver+1"],"picked":"SKIP","floor":18},{"not_picked":["Consecrate","Sucker Punch","Choke"],"picked":"SKIP","floor":19},{"not_picked":["InnerPeace+1","Outmaneuver","Wallop"],"picked":"SKIP","floor":24},{"not_picked":["LikeWater+1","EmptyBody","Dodge and Roll"],"picked":"SKIP","floor":28},{"not_picked":["LikeWater","Acrobatics","Poisoned Stab"],"picked":"SKIP","floor":29},{"not_picked":["Halt","Setup","FlyingSleeves"],"picked":"SKIP","floor":31},{"not_picked":["Ragnarok","Vault"],"picked":"Establishment","floor":33},{"not_picked":["Finisher+1","Consecrate","Outmaneuver"],"picked":"SKIP","floor":35},{"not_picked":["Backflip","Sucker Punch","FlyingSleeves"],"picked":"SKIP","floor":36},{"not_picked":["Doppelganger","Catalyst"],"picked":"Noxious Fumes","floor":38}],"player_experience":3238132,"relics_obtained":[{"floor":9,"key":"Smiling Mask"},{"floor":26,"key":"Letter Opener"},{"floor":31,"key":"Pen Nib"}],"event_choices":[{"damage_healed":0,"gold_gain":0,"player_choice":"Bought 0 Potions","damage_taken":0,"max_hp_gain":0,"max_hp_loss":0,"event_name":"The Woman in Blue","floor":3,"gold_loss":0},{"damage_healed":0,"gold_gain":0,"player_choice":"Donut","damage_taken":0,"max_hp_gain":5,"max_hp_loss":0,"event_name":"Big Fish","floor":12,"gold_loss":0},{"damage_healed":0,"gold_gain":0,"player_choice":"1 cards matched","damage_taken":0,"max_hp_gain":0,"max_hp_loss":0,"event_name":"Match and Keep!","floor":22,"gold_loss":0,"cards_obtained":["Dagger Throw"]},{"damage_healed":0,"gold_gain":0,"player_choice":"Took Portal","damage_taken":0,"max_hp_gain":0,"max_hp_loss":0,"event_name":"SecretPortal","floor":39,"gold_loss":0}],"is_beta":false,"boss_relics":[{"not_picked":["Snecko Eye","Runic Pyramid"],"picked":"Tiny House"},{"not_picked":["HoveringKite","Astrolabe"],"picked":"Black Star"}],"items_purged_floors":[37],"is_endless":false,"potions_floor_spawned":[4,7,10,14,18,19,24,28,29,31,33,35,36,38],"ascension_level":0}}