{"host":"ffqn1azj9urswy62","time":1609771318,"event":{"mods":["BaseMod","Better Third Choice","Minty Spire (QoL Compilation)","StSLib"],"gold_per_floor":[112,74,74,74,74,74,90,110,110,110,141,141,164,177,177,276,276,287,297,310,310,225,225,225,150,150,150,167,167,167,181,181,279,279,292,292,312,322,242,242,271,271,271,304,321,331,205,235,235,235,235,235,30,60,60],"floor_reached":56,"playtime":5195,"items_purged":["Strike_G","Strike_G","Doubt"],"score":1438,"play_id":"21f23c93-4eeb-4a60-b816-aa3f032ac153","local_time":"20210104094158","is_ascension_mode":true,"campfire_choices":[{"data":"Footwork","floor":6.0,"key":"SMITH"},{"data":"Backflip","floor":10.0,"key":"SMITH"},{"data":"Survivor","floor":12.0,"key":"SMITH"},{"data":"Neutralize","floor":15.0,"key":"SMITH"},{"data":"Corpse Explosion","floor":23.0,"key":"SMITH"},{"floor":29.0,"key":"RECALL"},{"data":"Blur","floor":32.0,"key":"SMITH"},{"data":"A Thousand Cuts","floor":40.0,"key":"SMITH"},{"data":"Acrobatics","floor":42.0,"key":"SMITH"},{"data":"Noxious Fumes","floor":49.0,"key":"SMITH"},{"data":"Leg Sweep","floor":52,"key":"SMITH"}],"circlet_count":0,"master_deck":["Strike_G+1","Defend_G","Defend_G","Defend_G","Defend_G+1","Defend_G","Survivor+1","Neutralize+1","Slice","Footwork+1","Backflip+1","Dagger Spray","Masterful Stab","Corpse Explosion+1","Catalyst+1","Acrobatics+1","Blur+1","A Thousand Cuts+1","Blur+1","Acrobatics+1","Prepared+1","Leg Sweep+1","Noxious Fumes+1","Blur+1"],"relics":["Ring of the Snake","Ice Cream","Oddly Smooth Stone","Odd Mushroom","Sozu","Enchiridion","Nunchaku","The Courier","CultistMask","Cursed Key","The Specimen","Mercury Hourglass","Bottled Tornado","HornCleat","Kunai","Bottled Lightning"],"acts_visited":["Exordium","TheCity","TheBeyond","TheEnding"],"potions_floor_usage":[],"damage_taken":[{"damage":0.0,"enemies":"Small Slimes","floor":1.0,"turns":5.0},{"damage":0.0,"enemies":"Jaw Worm","floor":7.0,"turns":5.0},{"damage":0.0,"enemies":"Cultist","floor":8.0,"turns":4.0},{"damage":12.0,"enemies":"Lagavulin","floor":11.0,"turns":9.0},{"damage":13.0,"enemies":"The Mushroom Lair","floor":13.0,"turns":5.0},{"damage":0.0,"enemies":"Large Slime","floor":14.0,"turns":6.0},{"damage":23.0,"enemies":"Hexaghost","floor":16.0,"turns":15.0},{"damage":0.0,"enemies":"3 Byrds","floor":18.0,"turns":3.0},{"damage":11.0,"enemies":"2 Thieves","floor":19.0,"turns":5.0},{"damage":26.0,"enemies":"Sentry and Sphere","floor":20.0,"turns":8.0},{"damage":0.0,"enemies":"3 Cultists","floor":28.0,"turns":2.0},{"damage":0.0,"enemies":"Cultist and Chosen","floor":31.0,"turns":3.0},{"damage":0.0,"enemies":"Champ","floor":33.0,"turns":15.0},{"damage":0.0,"enemies":"Orb Walker","floor":35.0,"turns":4.0},{"damage":9.0,"enemies":"3 Shapes","floor":37.0,"turns":4.0},{"damage":1.0,"enemies":"Jaw Worm Horde","floor":38.0,"turns":5.0},{"damage":0.0,"enemies":"Giant Head","floor":41.0,"turns":9.0},{"damage":0.0,"enemies":"Nemesis","floor":44.0,"turns":9.0},{"damage":0.0,"enemies":"3 Darklings","floor":45.0,"turns":2.0},{"damage":0.0,"enemies":"Maw","floor":46.0,"turns":6.0},{"damage":0.0,"enemies":"Giant Head","floor":48.0,"turns":8.0},{"damage":0,"enemies":"Awakened One","floor":50,"turns":13},{"damage":21,"enemies":"Shield and Spear","floor":54,"turns":8},{"damage":32,"enemies":"The Heart","floor":55,"turns":13}],"seed_played":"1175636803706857305","potions_obtained":[{"floor":1.0,"key":"Swift Potion"},{"floor":8.0,"key":"Ancient Potion"},{"floor":14.0,"key":"LiquidMemories"},{"floor":16.0,"key":"EssenceOfSteel"}],"is_trial":false,"path_per_floor":["M","$","?","?","?","R","M","M","T","R","E","R","?","M","R","B",null,"M","M","M","?","?","R","?","$","T","?","M","R","?","M","R","B",null,"M","?","M","M","$","R","E","R","T","E","M","M","$","E","R","B",null,"R","$","E","B",null],"character_chosen":"THE_SILENT","items_purchased":["Footwork","Noxious Fumes","Kunai"],"campfire_rested":0,"item_purchase_floors":[2,47,53],"current_hp_per_floor":[70,70,63,49,49,49,49,49,49,49,37,37,24,24,24,1,70,70,59,33,17,17,17,17,17,17,17,17,17,17,17,17,17,70,70,70,61,60,60,60,60,60,60,60,60,60,60,60,60,60,70,70,70,49,17],"gold":60,"neow_bonus":"ONE_RARE_RELIC","is_daily":false,"chose_seed":false,"campfire_upgraded":10,"win_rate":0.0,"timestamp":1609771318,"path_taken":["M","$","?","?","?","R","M","?","T","R","E","R","?","M","R","BOSS","M","M","M","?","?","R","?","$","T","?","?","R","?","M","R","BOSS","M","?","M","?","?","R","E","R","T","E","M","?","?","E","R","BOSS","R","$","E","BOSS"],"items_purchased_type":["Card","Card","Relic"],"build_version":"2020-12-22","purchased_purges":3,"victory":true,"max_hp_per_floor":[70,70,70,70,70,70,70,70,70,70,70,70,70,70,70,70,70,70,70,70,70,70,70,70,70,70,70,70,70,70,70,70,70,70,70,70,70,70,70,70,70,70,70,70,70,70,70,70,70,70,70,70,70,70,70],"card_choices":[{"not_picked":["Eviscerate","Concentrate"],"picked":"Slice","floor":1.0},{"not_picked":["Prepared","Dodge and Roll"],"picked":"Backflip","floor":7.0},{"not_picked":["Dagger Throw","Deflect"],"picked":"Dagger Spray","floor":8.0},{"not_picked":["Finisher","Blade Dance","Outmaneuver"],"picked":"SKIP","floor":11.0},{"not_picked":["Corpse Explosion","Eviscerate"],"picked":"Masterful Stab","floor":14.0},{"not_picked":["Venomology","Doppelganger"],"picked":"Corpse Explosion","floor":16.0},{"not_picked":["Escape Plan","Expertise","Tactician"],"picked":"SKIP","floor":18.0},{"not_picked":["Backflip+1","Outmaneuver+1"],"picked":"Catalyst+1","floor":19.0},{"not_picked":["Bouncing Flask","Prepared"],"picked":"Acrobatics","floor":20.0},{"not_picked":["Bane+1","Deflect","Burst"],"picked":"SKIP","floor":28.0},{"not_picked":["Dagger Throw","Quick Slash"],"picked":"Blur","floor":31.0},{"not_picked":["Grand Finale","Bullet Time"],"picked":"A Thousand Cuts","floor":33.0},{"not_picked":["Dagger Throw+1","Prepared+1"],"picked":"Blur+1","floor":35.0},{"not_picked":["Flechettes","Riddle With Holes+1","Underhanded Strike+1"],"picked":"SKIP","floor":37.0},{"not_picked":["Terror","Blade Dance"],"picked":"Acrobatics+1","floor":38.0},{"not_picked":["Dodge and Roll+1","Blade Dance","Expertise"],"picked":"SKIP","floor":41.0},{"not_picked":["Flechettes+1","Phantasmal Killer"],"picked":"Prepared+1","floor":44.0},{"not_picked":["Predator+1","Bouncing Flask+1"],"picked":"Leg Sweep","floor":45.0},{"not_picked":["Slice","Choke+1","Prepared+1"],"picked":"SKIP","floor":46.0},{"not_picked":["Underhanded Strike","Skewer"],"picked":"Blur+1","floor":48.0},{"not_picked":["Quick Slash+1","Setup","Bane+1"],"picked":"SKIP","floor":54}],"player_experience":610306,"relics_obtained":[{"floor":11.0,"key":"Oddly Smooth Stone"},{"floor":13.0,"key":"Odd Mushroom"},{"floor":21.0,"key":"Enchiridion"},{"floor":26.0,"key":"The Courier"},{"floor":41.0,"key":"The Specimen"},{"floor":43.0,"key":"Mercury Hourglass"},{"floor":44.0,"key":"Bottled Tornado"},{"floor":48.0,"key":"HornCleat"},{"floor":54,"key":"Bottled Lightning"}],"event_choices":[{"cards_removed":["Injury"],"damage_healed":0.0,"max_hp_gain":0.0,"max_hp_loss":0.0,"gold_gain":0.0,"event_name":"Golden Wing","player_choice":"Card Removal","floor":3.0,"gold_loss":0.0,"damage_taken":7.0},{"damage_healed":63.0,"max_hp_gain":0.0,"max_hp_loss":70.0,"gold_gain":0.0,"event_name":"betterThird:BetterShining","player_choice":"Upgrade","floor":4.0,"gold_loss":0.0,"damage_taken":14.0,"cards_upgraded":["Defend_G","Strike_G"]},{"cards_removed":["Strike_G"],"damage_healed":0.0,"max_hp_gain":0.0,"max_hp_loss":0.0,"gold_gain":0.0,"event_name":"Bonfire Elementals","player_choice":"Offered Basic","floor":5.0,"gold_loss":0.0,"damage_taken":0.0},{"damage_healed":0.0,"max_hp_gain":0.0,"max_hp_loss":0.0,"gold_gain":0.0,"event_name":"Mushrooms","player_choice":"Fought Mushrooms","floor":13.0,"gold_loss":0.0,"damage_taken":0.0},{"damage_healed":0.0,"max_hp_gain":0.0,"max_hp_loss":0.0,"gold_gain":0.0,"event_name":"Cursed Tome","player_choice":"Obtained Book","floor":21.0,"gold_loss":0.0,"damage_taken":16.0},{"damage_healed":0.0,"max_hp_gain":0.0,"max_hp_loss":0.0,"gold_gain":0.0,"event_name":"Addict","player_choice":"Obtained Relic","floor":22.0,"gold_loss":85.0,"damage_taken":0.0,"relics_obtained":["Nunchaku"]},{"damage_healed":0.0,"max_hp_gain":0.0,"max_hp_loss":0.0,"gold_gain":0.0,"event_name":"Vampires","player_choice":"Ignored","floor":24.0,"gold_loss":0.0,"damage_taken":0.0},{"damage_healed":0.0,"max_hp_gain":0.0,"max_hp_loss":0.0,"gold_gain":0.0,"event_name":"FaceTrader","player_choice":"Trade","floor":27.0,"gold_loss":0.0,"damage_taken":0.0,"relics_obtained":["CultistMask"]},{"cards_removed":["Strike_G"],"damage_healed":0.0,"max_hp_gain":0.0,"max_hp_loss":0.0,"gold_gain":0.0,"event_name":"betterThird:BetterWriting","player_choice":"Elegance","floor":30.0,"gold_loss":0.0,"damage_taken":0.0},{"damage_healed":0.0,"max_hp_gain":0.0,"max_hp_loss":0.0,"gold_gain":0.0,"event_name":"Match and Keep!","player_choice":"0 cards matched","floor":36.0,"gold_loss":0.0,"damage_taken":0.0,"cards_obtained":[]}],"is_beta":false,"boss_relics":[{"not_picked":["SlaversCollar","Astrolabe"],"picked":"Sozu"},{"not_picked":["SacredBark","Pandora\u0027s Box"],"picked":"Cursed Key"}],"items_purged_floors":[25,39,47],"is_endless":false,"potions_floor_spawned":[1,8,14,16,19,33,41,44,46],"ascension_level":1}}