{"host":"cdnletu4ypo40ld3","time":1609752728,"event":{"mods":["BaseMod","Colored Map","Downfall","Googly Eyes","Hermit","Highlight Path","Infinite Spire","Jorbs\u0027s Wanderer Trilogy","Marisa????????","Minty Spire (QoL Compilation)","Rare Cards Sparkle","Replay The Spire","StSLib","The Animator","The Cursed","The Disciple","The Runesmith","The Servant 0.9.4"],"gold_per_floor":[115,115,6,6,41,41,88,88,134,134,134,160,175,218,218,218,218],"floor_reached":16,"playtime":1158,"items_purged":["Parasite"],"score":100,"play_id":"98b543a0-3dc5-462f-8464-80ef6bc85155","local_time":"20210104163208","is_ascension_mode":false,"campfire_choices":[{"data":"Crow Ritual","floor":6,"key":"SMITH"},{"data":"hermit:Snipe","floor":8,"key":"SMITH"},{"floor":11,"key":"REST"},{"floor":15,"key":"REST"}],"circlet_count":0,"master_deck":["hermit:Strike_Hermit","hermit:Strike_Hermit","hermit:Strike_Hermit","hermit:Strike_Hermit","hermit:Defend_Hermit","hermit:Defend_Hermit","hermit:Defend_Hermit","hermit:Snapshot","hermit:Covet","Crow Ritual+1","hermit:LowProfile","hermit:ShadowCloak","hermit:WideOpen","hermit:Snipe+1","hermit:LowProfile","hermit:Midnight"],"relics":["hermit:Momento","Ring of Peace","ReplayTheSpireMod:Ring of Challenge","Anchor","Frozen Egg 2","Replay:Bottled Snecko"],"acts_visited":["Exordium"],"potions_floor_usage":[12,12,16],"damage_taken":[{"damage":7,"enemies":"2 Louse","floor":1,"turns":3},{"damage":10,"enemies":"Jaw Worm","floor":5,"turns":7},{"damage":0,"enemies":"Small Slimes","floor":7,"turns":6},{"damage":12,"enemies":"Lagavulin","floor":12,"turns":6},{"damage":0,"enemies":"Looter","floor":13,"turns":4},{"damage":6,"enemies":"Red Slaver","floor":14,"turns":7},{"damage":94,"enemies":"Fading Forest","floor":16,"turns":8}],"seed_played":"-3255229341821075434","potions_obtained":[{"floor":5,"key":"Reflective Coating"},{"floor":7,"key":"Fire Potion"},{"floor":14,"key":"ColorlessPotion"}],"is_trial":false,"path_per_floor":["M","?","$","?","M","R","M","R","T","?","R","E","M","M","R","B"],"character_chosen":"HERMIT","items_purchased":["hermit:ShadowCloak"],"campfire_rested":2,"item_purchase_floors":[3],"current_hp_per_floor":[68,68,68,68,58,58,58,58,58,58,72,60,60,54,72,0,0],"gold":218,"neow_bonus":"RANDOM_COLORLESS_2","is_daily":false,"chose_seed":false,"campfire_upgraded":2,"win_rate":0.0,"timestamp":1609752728,"path_taken":["M","?","$","?","M","R","M","R","T","?","R","E","M","M","R","BOSS"],"items_purchased_type":["Card"],"build_version":"2020-12-22","purchased_purges":1,"victory":false,"max_hp_per_floor":[75,75,72,72,72,72,72,72,72,72,72,72,72,72,72,72,72],"card_choices":[{"not_picked":["Master of Strategy","expansioncontent:StudyTheSpire"],"picked":"Crow Ritual","floor":0},{"not_picked":["hermit:Enervate","hermit:Vantage"],"picked":"hermit:LowProfile","floor":1},{"not_picked":["hermit:Coalescence","hermit:Adapt"],"picked":"hermit:WideOpen","floor":5},{"not_picked":["hermit:CalledShot","hermit:Vantage"],"picked":"hermit:Snipe","floor":7},{"not_picked":["hermit:WideOpen","hermit:Misfire"],"picked":"hermit:LowProfile","floor":12},{"not_picked":["hermit:Desperado","hermit:Grudge"],"picked":"hermit:Midnight","floor":13},{"not_picked":["hermit:Coalescence","hermit:HighCaliber","hermit:Desperado"],"picked":"SKIP","floor":14}],"player_experience":182070,"relics_obtained":[{"floor":2,"key":"Ring of Peace"},{"floor":2,"key":"ReplayTheSpireMod:Ring of Challenge"},{"floor":9,"key":"Anchor"},{"floor":10,"key":"Frozen Egg 2"},{"floor":12,"key":"Replay:Bottled Snecko"}],"event_choices":[],"is_beta":false,"boss_relics":[],"items_purged_floors":[3],"is_endless":false,"potions_floor_spawned":[5,7,14],"killed_by":"Fading Forest","ascension_level":0}}