{"host":"h4lp0eeso8a0ssq0","time":1609752937,"event":{"mods":["2.2 Compatiblity","AchievementEnabler","BaseMod","CapriCore","Colored Map","Minty Spire (QoL Compilation)","StSLib","SuperFastMode"],"gold_per_floor":[115,132,147,161,172,172,205,215,267,301,301,316,126,126,126,228,228,217,132,149,168,179,179,196,196,196,196,216,229,247,147,147,252,252,264,264,264,282,299,329,343,370,418,322,322,322],"floor_reached":45,"playtime":1663,"items_purged":["Strike_R","Strike_R"],"score":493,"play_id":"0bb06f30-2806-420c-a0b0-2adfeac33cf0","local_time":"20210104183537","is_ascension_mode":false,"campfire_choices":[{"data":"Flame Barrier","floor":6.0,"key":"SMITH"},{"data":"Uppercut","floor":11.0,"key":"SMITH"},{"data":"True Grit","floor":15.0,"key":"SMITH"},{"floor":23.0,"key":"RECALL"},{"floor":27.0,"key":"REST"},{"floor":32.0,"key":"REST"}],"circlet_count":0,"master_deck":["Strike_R","Defend_R","Defend_R","Defend_R","Defend_R","Bash","Flame Barrier+1","Cleave","Shrug It Off","Burning Pact","Shrug It Off","Pommel Strike","Blood for Blood","Uppercut+1","Headbutt","Shrug It Off","Feel No Pain","True Grit+1","Demon Form","Wild Strike+1","True Grit+1","Second Wind","Dark Embrace","Pommel Strike","Barricade","Shockwave+1","Mind Blast","Entrench","Sentinel+1","Juggernaut","Pain"],"relics":["Burning Blood","MealTicket","Blood Vial","Fusion Hammer","Blue Candle","Nloth\u0027s Gift","Singing Bowl","Cursed Key","Nunchaku","Bronze Scales","Centennial Puzzle"],"acts_visited":["Exordium","TheCity","TheBeyond"],"potions_floor_usage":[42,45],"damage_taken":[{"damage":6.0,"enemies":"Cultist","floor":1.0,"turns":4.0},{"damage":0.0,"enemies":"2 Louse","floor":2.0,"turns":2.0},{"damage":2.0,"enemies":"Jaw Worm","floor":3.0,"turns":4.0},{"damage":5.0,"enemies":"Looter","floor":4.0,"turns":4.0},{"damage":9.0,"enemies":"Lots of Slimes","floor":5.0,"turns":1.0},{"damage":13.0,"enemies":"3 Sentries","floor":7.0,"turns":9.0},{"damage":9.0,"enemies":"Large Slime","floor":8.0,"turns":8.0},{"damage":4.0,"enemies":"Gremlin Nob","floor":10.0,"turns":4.0},{"damage":6.0,"enemies":"Red Slaver","floor":12.0,"turns":5.0},{"damage":59.0,"enemies":"Slime Boss","floor":16.0,"turns":15.0},{"damage":12.0,"enemies":"2 Thieves","floor":18.0,"turns":4.0},{"damage":3.0,"enemies":"Spheric Guardian","floor":20.0,"turns":5.0},{"damage":25.0,"enemies":"Centurion and Healer","floor":21.0,"turns":5.0},{"damage":6.0,"enemies":"Cultist and Chosen","floor":22.0,"turns":6.0},{"damage":0.0,"enemies":"Snecko","floor":24.0,"turns":5.0},{"damage":6.0,"enemies":"Shelled Parasite and Fungi","floor":28.0,"turns":6.0},{"damage":13.0,"enemies":"Chosen and Byrds","floor":29.0,"turns":6.0},{"damage":20.0,"enemies":"Cultist and Chosen","floor":30.0,"turns":8.0},{"damage":68.0,"enemies":"Collector","floor":33.0,"turns":9.0},{"damage":5.0,"enemies":"3 Shapes","floor":35.0,"turns":6.0},{"damage":0,"enemies":"Orb Walker","floor":38,"turns":3},{"damage":19,"enemies":"Spire Growth","floor":39,"turns":6},{"damage":33,"enemies":"Nemesis","floor":40,"turns":11},{"damage":19,"enemies":"Sphere and 2 Shapes","floor":41,"turns":6},{"damage":56,"enemies":"Giant Head","floor":42,"turns":11},{"damage":34,"enemies":"Jaw Worm Horde","floor":45,"turns":3}],"seed_played":"7136760876094531747","potions_obtained":[{"floor":1.0,"key":"Energy Potion"},{"floor":4.0,"key":"Strength Potion"},{"floor":5.0,"key":"Swift Potion"},{"floor":16.0,"key":"Weak Potion"},{"floor":35.0,"key":"BloodPotion"},{"floor":41,"key":"Regen Potion"}],"is_trial":false,"path_per_floor":["M","M","M","M","M","R","E","M","T","E","R","M","$","?","R","B",null,"M","?","M","M","M","R","M","?","T","R","M","M","M","$","R","B",null,"M","?","?","M","M","E","M","E","T","?","M"],"character_chosen":"IRONCLAD","items_purchased":["Feel No Pain","True Grit"],"campfire_rested":2,"item_purchase_floors":[13,13],"current_hp_per_floor":[80,80,80,80,77,77,70,67,67,69,69,71,80,80,80,27,80,74,74,79,61,63,63,71,71,71,80,82,75,63,78,82,20,82,82,76,76,84,75,50,41,10,10,10,0,0],"gold":322,"neow_bonus":"THREE_CARDS","is_daily":false,"chose_seed":false,"campfire_upgraded":3,"win_rate":0.0,"timestamp":1609752937,"path_taken":["M","M","M","M","M","R","E","M","T","E","R","M","?","?","R","BOSS","M","?","M","M","M","R","M","?","T","R","M","?","?","$","R","BOSS","M","?","?","M","?","E","M","E","T","?","M"],"items_purchased_type":["Card","Card"],"build_version":"2020-12-22","purchased_purges":2,"victory":false,"max_hp_per_floor":[80,80,80,80,80,80,80,80,80,80,80,80,80,80,80,80,80,80,80,80,80,80,80,80,80,80,80,82,82,82,82,82,82,82,82,86,86,86,88,88,90,92,92,92,92,92],"card_choices":[{"not_picked":["Headbutt","Flex"],"picked":"Flame Barrier","floor":0.0},{"not_picked":["Sever Soul","Iron Wave"],"picked":"Cleave","floor":1.0},{"not_picked":["Entrench","Inflame"],"picked":"Shrug It Off","floor":2.0},{"not_picked":["Havoc","Bloodletting"],"picked":"Burning Pact","floor":3.0},{"not_picked":["Havoc","Metallicize"],"picked":"Shrug It Off","floor":4.0},{"not_picked":["Havoc","Shrug It Off"],"picked":"Pommel Strike","floor":5.0},{"not_picked":["Armaments","Havoc"],"picked":"Blood for Blood","floor":7.0},{"not_picked":["Fiend Fire","Disarm"],"picked":"Uppercut","floor":8.0},{"not_picked":["Armaments","Seeing Red"],"picked":"Headbutt","floor":10.0},{"not_picked":["Dual Wield","Heavy Blade"],"picked":"Shrug It Off","floor":12.0},{"not_picked":["Exhume","Brutality"],"picked":"Demon Form","floor":16.0},{"not_picked":["Twin Strike","Perfected Strike+1","Rage+1"],"picked":"SKIP","floor":18.0},{"not_picked":["Twin Strike","Perfected Strike+1","Rage+1"],"picked":"SKIP","floor":18.0},{"not_picked":["Uppercut","Warcry"],"picked":"Wild Strike+1","floor":20.0},{"not_picked":["Flex","Blood for Blood+1"],"picked":"True Grit+1","floor":21.0},{"not_picked":["Combust","Perfected Strike","Entrench"],"picked":"SKIP","floor":22.0},{"not_picked":["Clothesline","Warcry"],"picked":"Second Wind","floor":24.0},{"not_picked":["Entrench","Dropkick+1","Intimidate"],"picked":"Singing Bowl","floor":28.0},{"not_picked":["Armaments+1","Carnage"],"picked":"Dark Embrace","floor":29.0},{"not_picked":["Sword Boomerang","Seeing Red"],"picked":"Pommel Strike","floor":30.0},{"not_picked":["Corruption","Limit Break"],"picked":"Barricade","floor":33.0},{"not_picked":["Perfected Strike","Iron Wave"],"picked":"Shockwave+1","floor":35.0},{"not_picked":["Panache","Thinking Ahead"],"picked":"Mind Blast","floor":36},{"not_picked":["Thinking Ahead","Blind","Flash of Steel"],"picked":"Singing Bowl","floor":36},{"not_picked":["Good Instincts","Chrysalis","Purity"],"picked":"Singing Bowl","floor":36},{"not_picked":["Carnage","Spot Weakness+1"],"picked":"Sentinel+1","floor":38},{"not_picked":["Warcry","Twin Strike","Carnage"],"picked":"Singing Bowl","floor":39},{"not_picked":["Burning Pact","Berserk"],"picked":"Juggernaut","floor":40},{"not_picked":["Clash+1","Twin Strike","Pommel Strike+1"],"picked":"Singing Bowl","floor":41},{"not_picked":["Combust+1","Rupture+1","Iron Wave+1"],"picked":"Singing Bowl","floor":42}],"player_experience":54251,"relics_obtained":[{"floor":7.0,"key":"Boot"},{"floor":9.0,"key":"MealTicket"},{"floor":10.0,"key":"Blood Vial"},{"floor":26.0,"key":"Singing Bowl"},{"floor":40,"key":"Nunchaku"},{"floor":42,"key":"Bronze Scales"}],"event_choices":[{"cards_removed":["Strike_R"],"damage_healed":0.0,"max_hp_gain":0.0,"max_hp_loss":0.0,"gold_gain":0.0,"event_name":"Bonfire Elementals","player_choice":"Offered Basic","floor":14.0,"gold_loss":0.0,"damage_taken":0.0},{"damage_healed":0.0,"max_hp_gain":0.0,"max_hp_loss":0.0,"gold_gain":0.0,"event_name":"Addict","player_choice":"Obtained Relic","floor":19.0,"gold_loss":85.0,"damage_taken":0.0,"relics_obtained":["Blue Candle"]},{"damage_healed":0.0,"max_hp_gain":0.0,"max_hp_loss":0.0,"gold_gain":0.0,"event_name":"N\u0027loth","player_choice":"Traded Relic","floor":25.0,"relics_lost":["Boot"],"gold_loss":0.0,"damage_taken":0.0,"relics_obtained":["Nloth\u0027s Gift"]},{"damage_healed":0,"gold_gain":0,"player_choice":"Memory 3","damage_taken":10,"max_hp_gain":0,"max_hp_loss":0,"event_name":"SensoryStone","floor":36,"gold_loss":0},{"damage_healed":0,"gold_gain":0,"cards_transformed":["Strike_R"],"player_choice":"Transformed","damage_taken":0,"max_hp_gain":0,"max_hp_loss":0,"event_name":"Transmorgrifier","floor":37,"gold_loss":0,"cards_obtained":["Entrench"]},{"damage_healed":0,"gold_gain":0,"player_choice":"Paid Gold","damage_taken":0,"relics_obtained":["Centennial Puzzle"],"max_hp_gain":0,"max_hp_loss":0,"event_name":"WeMeetAgain","floor":44,"gold_loss":96}],"is_beta":false,"boss_relics":[{"not_picked":["Tiny House","Runic Pyramid"],"picked":"Fusion Hammer"},{"not_picked":["SlaversCollar","Pandora\u0027s Box"],"picked":"Cursed Key"}],"items_purged_floors":[13,31],"is_endless":false,"potions_floor_spawned":[1,4,5,10,16,20,21,22,24,28,35,41],"killed_by":"Jaw Worm Horde","ascension_level":0}}