{"host":"xu70nncme2eq5w87","time":1609726114,"event":{"mods":["AchievementEnabler","BaseMod","Colored Map","Colored Powertips","Minty Spire (QoL Compilation)","Quick Restart","StSLib"],"gold_per_floor":[114,114,114,114,114,147,147,147,147,167,200,200,214,230,230,330,330,349,103,103,103,115,150,150,150],"floor_reached":24,"playtime":376,"items_purged":[],"score":247,"play_id":"7f75ce0c-f165-40af-9a35-7680f9e35927","local_time":"20210103180834","is_ascension_mode":false,"campfire_choices":[{"data":"Zap","floor":7,"key":"SMITH"},{"floor":15,"key":"REST"}],"circlet_count":0,"master_deck":["Strike_B","Strike_B","Strike_B","Strike_B+1","Defend_B","Defend_B","Defend_B","Defend_B","Zap+1","Dualcast+1","Defragment+1","Static Discharge","BootSequence","Buffer","Storm","Ball Lightning"],"relics":["Cracked Core","NeowsBlessing","Smiling Mask","Pear","Lantern","Cables","Bronze Scales"],"acts_visited":["Exordium","TheCity"],"potions_floor_usage":[23],"damage_taken":[{"damage":0,"enemies":"Jaw Worm","floor":1,"turns":1},{"damage":0,"enemies":"Lagavulin","floor":6,"turns":1},{"damage":0,"enemies":"Small Slimes","floor":10,"turns":1},{"damage":26,"enemies":"Gremlin Nob","floor":11,"turns":4},{"damage":0,"enemies":"2 Louse","floor":13,"turns":2},{"damage":10,"enemies":"Large Slime","floor":14,"turns":5},{"damage":40,"enemies":"Hexaghost","floor":16,"turns":8},{"damage":5,"enemies":"Chosen","floor":18,"turns":5},{"damage":17,"enemies":"Spheric Guardian","floor":22,"turns":4},{"damage":49,"enemies":"Book of Stabbing","floor":23,"turns":4},{"damage":14,"enemies":"Snake Plant","floor":24,"turns":2}],"seed_played":"4378773817079595626","potions_obtained":[{"floor":6,"key":"Weak Potion"},{"floor":11,"key":"FearPotion"},{"floor":18,"key":"SteroidPotion"}],"is_trial":false,"path_per_floor":["M","$","?","?","?","E","R","?","T","M","E","?","M","M","R","B",null,"M","$","?","?","M","E","M"],"character_chosen":"DEFECT","items_purchased":["Cables"],"campfire_rested":1,"item_purchase_floors":[19],"current_hp_per_floor":[75,75,60,60,60,60,60,60,70,70,44,44,44,34,59,19,85,80,80,80,80,63,14,0,0],"gold":150,"neow_bonus":"THREE_ENEMY_KILL","is_daily":false,"chose_seed":false,"campfire_upgraded":1,"win_rate":0.0,"timestamp":1609726114,"path_taken":["M","$","?","?","?","E","R","?","T","?","E","?","M","M","R","BOSS","M","$","?","?","M","E","M"],"items_purchased_type":["Relic"],"build_version":"2020-12-22","purchased_purges":0,"victory":false,"max_hp_per_floor":[75,75,75,75,75,75,75,75,85,85,85,85,85,85,85,85,85,85,85,85,85,85,85,85,85],"card_choices":[{"not_picked":["Barrage","Redo","Aggregate"],"picked":"SKIP","floor":1},{"not_picked":["Barrage","Beam Cell","Turbo"],"picked":"SKIP","floor":6},{"not_picked":["Redo","Beam Cell"],"picked":"Defragment","floor":10},{"not_picked":["Redo","Auto Shields"],"picked":"Static Discharge","floor":11},{"not_picked":["Chill","Turbo"],"picked":"BootSequence","floor":13},{"not_picked":["Streamline","Rebound","Cold Snap"],"picked":"SKIP","floor":14},{"not_picked":["Fission","Rainbow"],"picked":"Buffer","floor":16},{"not_picked":["Hologram+1","Scrape"],"picked":"Storm","floor":18},{"not_picked":["Genetic Algorithm","Barrage"],"picked":"Ball Lightning","floor":22},{"not_picked":["Recycle","Auto Shields","Cold Snap"],"picked":"SKIP","floor":23}],"player_experience":213951,"relics_obtained":[{"floor":6,"key":"Smiling Mask"},{"floor":9,"key":"Pear"},{"floor":11,"key":"Lantern"},{"floor":23,"key":"Bronze Scales"}],"event_choices":[{"damage_healed":0,"gold_gain":0,"player_choice":"Entered Light","damage_taken":15,"max_hp_gain":0,"max_hp_loss":0,"event_name":"Shining Light","floor":3,"gold_loss":0,"cards_upgraded":["Dualcast","Strike_B"]},{"damage_healed":0,"gold_gain":0,"player_choice":"Ignored","damage_taken":0,"max_hp_gain":0,"max_hp_loss":0,"event_name":"Golden Wing","floor":4,"gold_loss":0},{"damage_healed":0,"gold_gain":0,"player_choice":"Leave","damage_taken":0,"max_hp_gain":0,"max_hp_loss":0,"event_name":"The Cleric","floor":5,"gold_loss":0},{"damage_healed":0,"gold_gain":0,"player_choice":"Ignored","damage_taken":0,"max_hp_gain":0,"max_hp_loss":0,"event_name":"Purifier","floor":8,"gold_loss":0},{"damage_healed":0,"gold_gain":0,"player_choice":"Grow","damage_taken":0,"max_hp_gain":0,"max_hp_loss":0,"event_name":"Living Wall","floor":12,"gold_loss":0,"cards_upgraded":["Defragment"]},{"damage_healed":0,"gold_gain":0,"player_choice":"Ignored","damage_taken":0,"max_hp_gain":0,"max_hp_loss":0,"event_name":"Ghosts","floor":20,"gold_loss":0},{"damage_healed":0,"gold_gain":0,"player_choice":"Ignored","damage_taken":0,"max_hp_gain":0,"max_hp_loss":0,"event_name":"Beggar","floor":21,"gold_loss":0}],"is_beta":false,"boss_relics":[{"not_picked":["Runic Pyramid","Pandora\u0027s Box","Snecko Eye"]}],"items_purged_floors":[],"is_endless":false,"potions_floor_spawned":[6,11,18],"killed_by":"Snake Plant","ascension_level":0}}