{"host":"1stlzvh7atuy33yh","time":1609800209,"event":{"mods":["BaseMod","Colored Map","Colored Powertips","Minty Spire (QoL Compilation)","StSLib","The Hierophant"],"gold_per_floor":[111,111,129,149,161,161,174,206,206,234,234,251,240,115,115,217,217,154,154,74,92,92,92,124,124],"floor_reached":24,"playtime":3593,"items_purged":["hierophant:Strike_Hierophant"],"score":198,"play_id":"3da4f721-4db2-40ba-8c98-bdb8d6d935b1","local_time":"20210104174329","is_ascension_mode":false,"campfire_choices":[{"data":"hierophant:ChurchCoffers","floor":6.0,"key":"SMITH"},{"floor":11.0,"key":"REST"},{"data":"hierophant:Doubloon","floor":15,"key":"SMITH"},{"data":"hierophant:ArchangelShield","floor":23,"key":"SMITH"}],"circlet_count":0,"master_deck":["hierophant:Strike_Hierophant","hierophant:Punish","hierophant:Defend_Hierophant","hierophant:Defend_Hierophant","hierophant:Defend_Hierophant","hierophant:Defend_Hierophant","hierophant:ChurchCoffers+1","hierophant:FieryStrike","hierophant:Sermon","hierophant:Martyrdom","hierophant:ArchangelShield+1","hierophant:ThreeLashes","hierophant:Embezzle","hierophant:Remorse","hierophant:Doubloon+1","hierophant:Kindle","hierophant:Endure","hierophant:Doubloon","hierophant:CursedGold"],"relics":["hierophant:PropheticMaskRelic","NeowsBlessing","Bird Faced Urn","Odd Mushroom","Black Star"],"acts_visited":["Exordium","TheCity"],"potions_floor_usage":[16,16,16],"damage_taken":[{"damage":0.0,"enemies":"Small Slimes","floor":1.0,"turns":1.0},{"damage":0.0,"enemies":"2 Louse","floor":3.0,"turns":1.0},{"damage":0.0,"enemies":"Cultist","floor":4.0,"turns":1.0},{"damage":0.0,"enemies":"2 Fungi Beasts","floor":5.0,"turns":3.0},{"damage":13.0,"enemies":"Blue Slaver","floor":7.0,"turns":4.0},{"damage":36.0,"enemies":"3 Sentries","floor":8.0,"turns":11.0},{"damage":15.0,"enemies":"The Mushroom Lair","floor":10.0,"turns":4.0},{"damage":20.0,"enemies":"3 Louse","floor":12.0,"turns":2.0},{"damage":0.0,"enemies":"Looter","floor":13.0,"turns":3.0},{"damage":4,"enemies":"The Guardian","floor":16,"turns":9},{"damage":18,"enemies":"2 Thieves","floor":18,"turns":4},{"damage":0,"enemies":"3 Byrds","floor":21,"turns":2},{"damage":75,"enemies":"Slavers","floor":24,"turns":5}],"seed_played":"-4893379721151110707","potions_obtained":[{"floor":3.0,"key":"Ancient Potion"},{"floor":4.0,"key":"Fruit Juice"},{"floor":5.0,"key":"Strength Potion"},{"floor":13,"key":"SpeedPotion"},{"floor":16,"key":"LiquidMemories"},{"floor":18,"key":"FearPotion"}],"is_trial":false,"path_per_floor":["M","?","M","M","M","R","M","E","T","?","R","M","M","$","R","B",null,"M","?","$","M","$","R","E"],"character_chosen":"HIEROPHANT","items_purchased":["hierophant:Remorse","hierophant:Endure"],"campfire_rested":1,"item_purchase_floors":[14,20],"current_hp_per_floor":[75,68,68,73,73,73,60,24,24,13,37,19,23,23,23,23,80,64,64,64,64,64,64,0,0],"gold":124,"neow_bonus":"THREE_ENEMY_KILL","is_daily":false,"chose_seed":false,"campfire_upgraded":3,"win_rate":0.0,"timestamp":1609800209,"path_taken":["M","?","M","M","M","R","M","E","T","?","R","M","M","$","R","BOSS","M","?","?","M","$","R","E"],"items_purchased_type":["Card","Card"],"build_version":"2020-12-22","purchased_purges":1,"victory":false,"max_hp_per_floor":[75,75,75,80,80,80,80,80,80,80,80,80,80,80,80,80,80,80,80,80,80,80,80,80,80],"card_choices":[{"not_picked":["hierophant:Purify","hierophant:CursedGold"],"picked":"hierophant:FieryStrike","floor":1.0},{"not_picked":["hierophant:Bribe","hierophant:Charity","hierophant:Upheaval"],"picked":"SKIP","floor":3.0},{"not_picked":["hierophant:MorningPrayer","hierophant:Exaltation"],"picked":"hierophant:Sermon","floor":4.0},{"not_picked":["hierophant:TollTheBells","hierophant:Remorse"],"picked":"hierophant:Martyrdom","floor":5.0},{"not_picked":["hierophant:DisplayOfPower","hierophant:Rebuild","hierophant:FieryStrike"],"picked":"SKIP","floor":7.0},{"not_picked":["hierophant:SealAway","hierophant:Empathy"],"picked":"hierophant:ArchangelShield","floor":8.0},{"not_picked":["hierophant:Community","hierophant:Levitation"],"picked":"hierophant:ThreeLashes","floor":10.0},{"not_picked":["hierophant:FaithHealing","hierophant:SealAway","hierophant:Exaltation"],"picked":"SKIP","floor":12.0},{"not_picked":["hierophant:AuricBeam","hierophant:Purify"],"picked":"hierophant:Embezzle","floor":13},{"not_picked":["hierophant:DeathKnell","hierophant:Invocation"],"picked":"hierophant:Kindle","floor":16},{"not_picked":["hierophant:Remorse","hierophant:AuricBeam","hierophant:Mercenaries"],"picked":"SKIP","floor":18},{"not_picked":["hierophant:Remorse","hierophant:HolyVerse"],"picked":"hierophant:CursedGold","floor":21}],"player_experience":55356,"relics_obtained":[{"floor":8.0,"key":"Bird Faced Urn"},{"floor":10.0,"key":"Odd Mushroom"}],"event_choices":[{"cards_removed":["hierophant:Strike_Hierophant"],"damage_healed":0.0,"max_hp_gain":0.0,"max_hp_loss":0.0,"gold_gain":0.0,"event_name":"Golden Wing","player_choice":"Card Removal","floor":2.0,"gold_loss":0.0,"damage_taken":7.0},{"damage_healed":0.0,"max_hp_gain":0.0,"max_hp_loss":0.0,"gold_gain":0.0,"event_name":"Mushrooms","player_choice":"Fought Mushrooms","floor":10.0,"gold_loss":0.0,"damage_taken":0.0},{"cards_removed":["hierophant:Strike_Hierophant"],"damage_healed":0,"gold_gain":0,"player_choice":"Offered Basic","damage_taken":0,"max_hp_gain":0,"max_hp_loss":0,"event_name":"Bonfire Elementals","floor":19,"gold_loss":0}],"is_beta":false,"boss_relics":[{"not_picked":["Ectoplasm","Runic Pyramid"],"picked":"Black Star"}],"items_purged_floors":[14],"is_endless":false,"potions_floor_spawned":[3,4,5,13,16,18],"killed_by":"Slavers","ascension_level":0}}