{"host":"65mk3suhfjklhbko","time":1609786009,"event":{"mods":["AchievementEnabler","BaseMod","Bestiary","Minty Spire (QoL Compilation)","Quick Restart","StSLib"],"gold_per_floor":[115,190,190,210,210,210,242,259,279,279,299,299,299,175,208,208,281,281,298,1,13,23,39,67,85,85,85,85,85,85,115,115,115,192,192,208,208,123,123,123,123,136,136,183,183,120,17,17,17],"floor_reached":48,"playtime":1932,"items_purged":["Strike_R","Strike_R","Battle Trance"],"score":948,"play_id":"8932ba9d-268b-4880-b823-59862f2544d1","local_time":"20210104134649","is_ascension_mode":true,"campfire_choices":[{"floor":6,"key":"REST"},{"data":"Fire Breathing","floor":12,"key":"SMITH"},{"data":"Bash","floor":16,"key":"SMITH"},{"data":"Barricade","floor":26,"key":"SMITH"},{"data":"Ghostly Armor","floor":28,"key":"SMITH"},{"floor":30,"key":"REST"},{"floor":33,"key":"REST"},{"data":"Impervious","floor":41,"key":"SMITH"},{"data":"The Bomb","floor":43,"key":"SMITH"},{"data":"Shrug It Off","floor":45,"key":"SMITH"}],"circlet_count":0,"master_deck":["AscendersBane","Strike_R","Strike_R+1","Strike_R","Defend_R","Defend_R","Defend_R+1","Defend_R","Bash+1","Dropkick","Inflame","Inflame","Shrug It Off+1","Pommel Strike","Fire Breathing+1","Reaper","Immolate","Ghostly Armor+1","Barricade+1","Flame Barrier","Body Slam","Impervious+1","Madness","Madness","The Bomb+1","Impervious+1","Metallicize","Ghostly Armor","Disarm"],"relics":["Black Blood","NeowsBlessing","Vajra","Mango","The Courier","StrikeDummy","Velvet Choker","Membership Card","Bronze Scales","HornCleat","Dead Branch","Paper Frog","Nilry\u0027s Codex","MealTicket","CeramicFish","DollysMirror"],"acts_visited":["Exordium","TheCity","TheBeyond"],"potions_floor_usage":[9,24,24,24,31,34,34,36,48],"damage_taken":[{"damage":0,"enemies":"2 Louse","floor":1,"turns":1},{"damage":0,"enemies":"Jaw Worm","floor":4,"turns":1},{"damage":0,"enemies":"Gremlin Nob","floor":7,"turns":1},{"damage":7,"enemies":"Small Slimes","floor":8,"turns":3},{"damage":36,"enemies":"Gremlin Gang","floor":9,"turns":6},{"damage":12,"enemies":"Large Slime","floor":11,"turns":6},{"damage":24,"enemies":"3 Sentries","floor":15,"turns":5},{"damage":8,"enemies":"Slime Boss","floor":17,"turns":6},{"damage":10,"enemies":"Chosen","floor":19,"turns":4},{"damage":3,"enemies":"3 Byrds","floor":21,"turns":3},{"damage":18,"enemies":"Snake Plant","floor":22,"turns":4},{"damage":19,"enemies":"Chosen and Byrds","floor":23,"turns":4},{"damage":40,"enemies":"Book of Stabbing","floor":24,"turns":5},{"damage":9,"enemies":"Cultist and Chosen","floor":25,"turns":5},{"damage":7,"enemies":"Slavers","floor":31,"turns":2},{"damage":91,"enemies":"Collector","floor":34,"turns":18},{"damage":6,"enemies":"3 Shapes","floor":36,"turns":5},{"damage":0,"enemies":"Orb Walker","floor":42,"turns":3},{"damage":108,"enemies":"Transient","floor":48,"turns":6}],"seed_played":"3559140428616685560","potions_obtained":[{"floor":1,"key":"DistilledChaos"},{"floor":11,"key":"EntropicBrew"},{"floor":13,"key":"SpeedPotion"},{"floor":24,"key":"GamblersBrew"},{"floor":31,"key":"LiquidMemories"},{"floor":34,"key":"ColorlessPotion"}],"is_trial":false,"path_per_floor":["M","?","?","M","?","R","E","M","M","T","M","R","?","$","E","R","B",null,"M","$","M","M","M","E","M","R","T","R","?","R","E","?","R","B",null,"M","?","$","?","?","R","M","R","T","R","$","$","M"],"character_chosen":"IRONCLAD","items_purchased":["Reaper","Membership Card","Bronze Scales","HornCleat","ElixirPotion","DollysMirror","Metallicize","Ghostly Armor","Disarm"],"campfire_rested":3,"item_purchase_floors":[14,20,20,20,38,47,47,47,47],"current_hp_per_floor":[74,63,40,46,35,57,77,76,46,46,40,40,40,40,49,49,75,86,88,88,89,77,71,50,47,47,47,47,26,52,51,51,77,28,74,89,73,88,88,88,88,89,89,89,89,89,89,0,0],"gold":17,"neow_bonus":"THREE_ENEMY_KILL","is_daily":false,"chose_seed":false,"campfire_upgraded":7,"win_rate":0.0,"timestamp":1609786009,"path_taken":["M","?","?","M","?","R","E","M","M","T","M","R","?","$","E","R","BOSS","M","$","M","M","M","E","?","R","T","R","?","R","E","?","R","BOSS","M","?","$","?","?","R","M","R","T","R","?","$","?"],"items_purchased_type":["Card","Relic","Relic","Relic","Potion","Relic","Card","Card","Card"],"build_version":"2020-12-22","purchased_purges":3,"victory":false,"max_hp_per_floor":[75,75,75,75,75,75,89,89,89,89,89,89,89,89,89,89,89,89,89,89,89,89,89,89,89,89,89,89,89,89,89,89,89,89,89,89,89,89,89,89,89,89,89,89,89,89,89,89,89],"card_choices":[{"not_picked":["Flex","Heavy Blade"],"picked":"Dropkick","floor":1},{"not_picked":["Armaments","Iron Wave"],"picked":"Inflame","floor":4},{"not_picked":["Twin Strike","True Grit"],"picked":"Inflame","floor":7},{"not_picked":["Seeing Red","Flex"],"picked":"Shrug It Off","floor":8},{"not_picked":["Pummel","Iron Wave"],"picked":"Pommel Strike","floor":9},{"not_picked":["Battle Trance","Dark Embrace"],"picked":"Fire Breathing","floor":11},{"not_picked":["Impervious","Fiend Fire"],"picked":"Immolate","floor":17},{"not_picked":["Thunderclap","Clothesline"],"picked":"Ghostly Armor","floor":19},{"not_picked":["Uppercut+1","Pommel Strike"],"picked":"Battle Trance","floor":21},{"not_picked":["Power Through","True Grit"],"picked":"Barricade","floor":24},{"not_picked":["Clothesline","Iron Wave"],"picked":"Flame Barrier","floor":25},{"not_picked":["Searing Blow","Seeing Red"],"picked":"Body Slam","floor":31},{"not_picked":["Exhume","Demon Form"],"picked":"Impervious","floor":34},{"not_picked":["Apotheosis","Good Instincts"],"picked":"The Bomb","floor":40}],"player_experience":630891,"relics_obtained":[{"floor":7,"key":"Mango"},{"floor":10,"key":"The Courier"},{"floor":15,"key":"StrikeDummy"},{"floor":24,"key":"Dead Branch"},{"floor":27,"key":"Paper Frog"},{"floor":29,"key":"Nilry\u0027s Codex"},{"floor":31,"key":"MealTicket"},{"floor":44,"key":"CeramicFish"}],"event_choices":[{"damage_healed":0,"gold_gain":75,"player_choice":"Gather Gold","damage_taken":11,"max_hp_gain":0,"max_hp_loss":0,"event_name":"World of Goop","floor":2,"gold_loss":0},{"damage_healed":0,"gold_gain":0,"player_choice":"Entered Light","damage_taken":23,"max_hp_gain":0,"max_hp_loss":0,"event_name":"Shining Light","floor":3,"gold_loss":0,"cards_upgraded":["Defend_R","Strike_R"]},{"damage_healed":0,"gold_gain":0,"player_choice":"Success","damage_taken":11,"relics_obtained":["Vajra"],"max_hp_gain":0,"max_hp_loss":0,"event_name":"Scrap Ooze","floor":5,"gold_loss":0},{"damage_healed":0,"gold_gain":0,"player_choice":"Got Potions","damage_taken":0,"max_hp_gain":0,"max_hp_loss":0,"event_name":"Lab","floor":13,"gold_loss":0},{"damage_healed":0,"gold_gain":0,"player_choice":"Obtained Book","damage_taken":21,"max_hp_gain":0,"max_hp_loss":0,"event_name":"Cursed Tome","floor":29,"gold_loss":0},{"damage_healed":0,"gold_gain":0,"player_choice":"Ignored","damage_taken":0,"max_hp_gain":0,"max_hp_loss":0,"event_name":"Vampires","floor":32,"gold_loss":0},{"damage_healed":0,"gold_gain":0,"player_choice":"Embrace Madness","damage_taken":16,"max_hp_gain":0,"max_hp_loss":0,"event_name":"Winding Halls","floor":37,"gold_loss":0,"cards_obtained":["Madness","Madness"]},{"damage_healed":0,"gold_gain":0,"player_choice":"Ignored","damage_taken":0,"max_hp_gain":0,"max_hp_loss":0,"event_name":"Tomb of Lord Red Mask","floor":39,"gold_loss":0},{"damage_healed":0,"gold_gain":0,"player_choice":"Memory 1","damage_taken":0,"max_hp_gain":0,"max_hp_loss":0,"event_name":"SensoryStone","floor":40,"gold_loss":0}],"is_beta":false,"boss_relics":[{"not_picked":["SlaversCollar","Philosopher\u0027s Stone"],"picked":"Velvet Choker"},{"not_picked":["Runic Pyramid","Fusion Hammer"],"picked":"Black Blood"}],"items_purged_floors":[14,38,46],"is_endless":false,"potions_floor_spawned":[1,11,15,19,21,24,31,34],"killed_by":"Transient","ascension_level":18}}