{"host":"qheym18ww6mhskxf","time":1609770901,"event":{"mods":["BaseMod","CapriCore","Friendly Minions","GungeonMod","KOR Keyword Fix","Minty Spire (QoL Compilation)","Prisma Mod","Quick Restart","RRrroohrrRGHHhhh!!","Rare Cards Sparkle","Shop Mod","Spicy Shops","StSLib","Username Fix"],"gold_per_floor":[119,119,132,54,30,30,30,41,41,60,60,88,102,114,114,213,213,229,69,69,168,168,168,183,1,1,111,111,111,111],"floor_reached":29,"playtime":664,"items_purged":["Strike_R","Strike_R"],"score":494,"play_id":"c6fd8e23-f056-45cb-8913-287eba524ca2","local_time":"20210104233501","daily_mods":["Time Dilation","Flight","DeadlyEvents","Elite Swarm"],"is_ascension_mode":true,"campfire_choices":[{"data":"PrismaMod:IllyaGrail","floor":6.0,"key":"SMITH"},{"data":"Cleave","floor":7.0,"key":"SMITH"},{"data":"PrismaMod:IllyaGun","floor":11.0,"key":"SMITH"},{"data":"Bash","floor":15.0,"key":"SMITH"},{"data":"Defend_R","floor":23,"key":"SMITH"},{"floor":28,"key":"REST"}],"circlet_count":0,"master_deck":["Strike_R","Strike_R","Defend_R","Defend_R","Defend_R","Defend_R+1","Bash+1","PrismaMod:IllyaGrail+1","Cleave+1","PrismaMod:IllyaGun+1"],"relics":["Burning Blood","Potion Belt","rorgmod:Ceramic Fish","DemoMod:RiddleOfLead","MerchantsRug","Membership Card","DemoMod:JetPack","Oddly Smooth Stone"],"acts_visited":["Exordium","TheCity"],"potions_floor_usage":[16,16,16,16,29],"damage_taken":[{"damage":14.0,"enemies":"2 Louse","floor":1.0,"turns":3.0},{"damage":1.0,"enemies":"Cultist","floor":3.0,"turns":3.0},{"damage":3.0,"enemies":"Jaw Worm","floor":8.0,"turns":3.0},{"damage":0.0,"enemies":"Exordium Thugs","floor":10.0,"turns":4.0},{"damage":33.0,"enemies":"Lagavulin","floor":12.0,"turns":4.0},{"damage":6.0,"enemies":"Blue Slaver","floor":13.0,"turns":3.0},{"damage":7.0,"enemies":"Looter","floor":14.0,"turns":3.0},{"damage":48,"enemies":"Slime Boss","floor":16,"turns":10},{"damage":0,"enemies":"Spheric Guardian","floor":18,"turns":3},{"damage":24,"enemies":"3 Byrds","floor":24,"turns":7},{"damage":55,"enemies":"Book of Stabbing","floor":27,"turns":5},{"damage":28,"enemies":"Slavers","floor":29,"turns":3}],"seed_played":"4200512608056337849","potions_obtained":[{"floor":2.0,"key":"SteroidPotion"},{"floor":2.0,"key":"GamblersBrew"},{"floor":2.0,"key":"DemoMod:LeadSkinPotion"},{"floor":3.0,"key":"SkillPotion"},{"floor":8.0,"key":"SpeedPotion"},{"floor":14.0,"key":"FearPotion"},{"floor":24,"key":"LiquidBronze"},{"floor":27,"key":"GamblersBrew"}],"is_trial":true,"path_per_floor":["M","?","M","$","$","R","R","M","T","M","R","E","M","M","R","B",null,"M","$","?","?","?","R","M","$","T","E","R","E"],"character_chosen":"IRONCLAD","items_purchased":["Potion Belt","Cleave","MerchantsRug","Membership Card"],"campfire_rested":1,"item_purchase_floors":[4,5,19,25],"current_hp_per_floor":[64,64,69,69,69,69,69,72,72,78,78,51,51,50,50,8,90,90,90,90,90,90,90,72,72,72,23,50,22,22],"gold":111,"neow_bonus":"","is_daily":false,"chose_seed":false,"campfire_upgraded":5,"win_rate":0.0,"timestamp":1609770901,"path_taken":["M","?","?","?","$","R","R","M","T","M","R","?","?","?","R","BOSS","M","$","?","?","?","R","?","$","T","E","R","E"],"items_purchased_type":["Relic","Card","Relic","Relic"],"build_version":"2020-12-22","purchased_purges":2,"victory":false,"max_hp_per_floor":[80,80,80,80,80,80,80,80,80,80,80,80,80,80,80,80,90,90,90,90,90,90,90,90,90,90,90,90,90,90],"card_choices":[{"not_picked":["Perfected Strike","Thunderclap"],"picked":"PrismaMod:IllyaGrail","floor":1.0},{"not_picked":["Perfected Strike","PrismaMod:IllyaGrailKun","Clothesline"],"picked":"SKIP","floor":3.0},{"not_picked":["Dark Embrace","Body Slam"],"picked":"PrismaMod:IllyaGun","floor":8.0},{"not_picked":["PrismaMod:IllyaStunPoison","PrismaMod:IllyaHassanGift","Whirlwind"],"picked":"SKIP","floor":10.0},{"not_picked":["PrismaMod:IllyaCarnivalPrismaAstolfo","Corruption","Fiend Fire"],"picked":"SKIP","floor":12.0},{"not_picked":["PrismaMod:IllyaAOECommonAttack","PrismaMod:IllyaGrailKun","PrismaMod:IllyaBlindPoisonToss"],"picked":"SKIP","floor":13.0},{"not_picked":["Entrench","Clothesline","Whirlwind"],"picked":"SKIP","floor":14.0},{"not_picked":["Sword Boomerang","PrismaMod:IllyaAOECommonAttack","Iron Wave"],"picked":"SKIP","floor":18},{"not_picked":["PrismaMod:IllyaAssassinRevenge","PrismaMod:IllyaRubysPotion","Perfected Strike+1"],"picked":"SKIP","floor":24},{"not_picked":["Juggernaut","Offering","Fiend Fire"],"picked":"SKIP","floor":27}],"player_experience":508103,"relics_obtained":[{"floor":9.0,"key":"DemoMod:DecoyRelic"},{"floor":12.0,"key":"rorgmod:Ceramic Fish"},{"floor":26,"key":"DemoMod:JetPack"},{"floor":27,"key":"Oddly Smooth Stone"}],"event_choices":[{"damage_healed":0.0,"max_hp_gain":0.0,"max_hp_loss":0.0,"gold_gain":0.0,"event_name":"Lab","player_choice":"Got Potions","floor":2.0,"gold_loss":0.0,"damage_taken":0.0},{"damage_healed":0,"gold_gain":0,"player_choice":"Ignored","damage_taken":0,"max_hp_gain":0,"max_hp_loss":0,"event_name":"Vampires","floor":20,"gold_loss":0},{"damage_healed":0,"gold_gain":99,"player_choice":"Stole From Cult","damage_taken":0,"max_hp_gain":0,"max_hp_loss":0,"event_name":"Nest","floor":21,"gold_loss":0},{"cards_removed":["Strike_R"],"damage_healed":0,"gold_gain":0,"player_choice":"Elegance","damage_taken":0,"max_hp_gain":0,"max_hp_loss":0,"event_name":"Back to Basics","floor":22,"gold_loss":0}],"is_beta":false,"boss_relics":[{"not_picked":["Runic Cube","Runic Pyramid"],"picked":"DemoMod:RiddleOfLead"}],"items_purged_floors":[19,25],"is_endless":true,"potions_floor_spawned":[3,8,14,24,27],"killed_by":"Slavers","ascension_level":9}}