{"host":"m3herrhkesxm9ooc","time":1609755599,"event":{"mods":["BaseMod","Hermit","Minty Spire (QoL Compilation)","StSLib","The Hierophant"],"gold_per_floor":[118,130,280,280,18,18,30,0,81,93,73,89,101,119,119,193,193,205,45,0,0,0,0,0,0],"floor_reached":24,"playtime":570,"items_purged":[],"score":344,"play_id":"e76025ee-2f17-44b5-b4ec-1af3d6480bc1","local_time":"20210104191959","is_ascension_mode":true,"campfire_choices":[{"floor":6,"key":"REST"},{"floor":15,"key":"REST"},{"floor":23,"key":"REST"}],"circlet_count":0,"master_deck":["AscendersBane","hermit:Strike_Hermit","hermit:Strike_Hermit","hermit:Strike_Hermit","hermit:Strike_Hermit+1","hermit:Defend_Hermit","hermit:Defend_Hermit+1","hermit:Defend_Hermit","hermit:Defend_Hermit","hermit:Snapshot","hermit:Covet","hermit:TrackingShot","hermit:NoHoldsBarred","Doubt","hermit:HighCaliber","hermit:ShadowCloak","hermit:TakeCover","hermit:Glare","hermit:ShadowCloak","hermit:Malice","hermit:Vantage","hermit:Reprieve","hermit:Dive","Decay"],"relics":["hermit:Momento","NeowsBlessing","MealTicket","Bottled Tornado","SacredBark","Strawberry"],"acts_visited":["Exordium","TheCity"],"potions_floor_usage":[16,16],"damage_taken":[{"damage":0,"enemies":"2 Louse","floor":1,"turns":1},{"damage":0,"enemies":"Small Slimes","floor":2,"turns":1},{"damage":0,"enemies":"Cultist","floor":7,"turns":1},{"damage":6,"enemies":"2 Fungi Beasts","floor":10,"turns":2},{"damage":0,"enemies":"3 Louse","floor":12,"turns":2},{"damage":16,"enemies":"Blue Slaver","floor":13,"turns":4},{"damage":10,"enemies":"Exordium Thugs","floor":14,"turns":4},{"damage":32,"enemies":"Hexaghost","floor":16,"turns":10},{"damage":55,"enemies":"Chosen","floor":18,"turns":9},{"damage":15,"enemies":"Book of Stabbing","floor":24,"turns":3}],"seed_played":"-1332432691102026947","potions_obtained":[{"floor":2,"key":"CultistPotion"},{"floor":11,"key":"EssenceOfSteel"},{"floor":12,"key":"SteroidPotion"},{"floor":13,"key":"PowerPotion"}],"is_trial":false,"path_per_floor":["M","M","?","?","$","R","M","?","T","M","?","M","M","M","R","B",null,"M","$","?","?","?","R","E"],"character_chosen":"HERMIT","items_purchased":["MealTicket","hermit:HighCaliber","hermit:ShadowCloak","Strawberry"],"campfire_rested":3,"item_purchase_floors":[5,5,5,19],"current_hp_per_floor":[64,64,64,43,43,64,64,64,64,58,58,58,42,32,53,21,59,8,30,30,30,30,53,46,46],"gold":0,"neow_bonus":"THREE_ENEMY_KILL","is_daily":false,"chose_seed":false,"campfire_upgraded":0,"win_rate":0.0,"timestamp":1609755599,"path_taken":["M","M","?","?","$","R","M","?","T","M","?","M","M","?","R","BOSS","M","$","?","?","?","R","E"],"items_purchased_type":["Relic","Card","Card","Relic"],"build_version":"2020-12-22","purchased_purges":0,"victory":false,"max_hp_per_floor":[71,71,71,71,71,71,71,71,71,71,71,71,71,71,71,71,71,71,78,78,78,78,78,78,78],"card_choices":[{"not_picked":["hermit:Vantage","hermit:ItchyTrigger"],"picked":"hermit:TrackingShot","floor":1},{"not_picked":["hermit:Vantage","hermit:BodyArmor"],"picked":"hermit:NoHoldsBarred","floor":2},{"not_picked":["hermit:DeadOrAlive","hermit:Midnight"],"picked":"hermit:TakeCover","floor":7},{"not_picked":["hermit:ItchyTrigger","hermit:Brawl"],"picked":"hermit:Glare","floor":10},{"not_picked":["hermit:Feint","hermit:LowProfile"],"picked":"hermit:ShadowCloak","floor":12},{"not_picked":["hermit:TrackingShot","hermit:Quickdraw"],"picked":"hermit:Malice","floor":13},{"not_picked":["hermit:EyeOfTheStorm","hermit:Coalescence"],"picked":"hermit:Vantage","floor":14},{"not_picked":["hermit:FinalCanter","hermit:Gambit"],"picked":"hermit:Reprieve","floor":16},{"not_picked":["hermit:DeadMansHand","hermit:HoleUp"],"picked":"hermit:Dive","floor":18}],"player_experience":674748,"relics_obtained":[{"floor":9,"key":"Bottled Tornado"}],"event_choices":[{"damage_healed":0,"gold_gain":150,"player_choice":"AGREE","damage_taken":0,"max_hp_gain":0,"max_hp_loss":0,"event_name":"Liars Game","floor":3,"gold_loss":0,"cards_obtained":["Doubt"]},{"damage_healed":0,"gold_gain":0,"player_choice":"Entered Light","damage_taken":21,"max_hp_gain":0,"max_hp_loss":0,"event_name":"Shining Light","floor":4,"gold_loss":0,"cards_upgraded":["hermit:Defend_Hermit","hermit:Strike_Hermit"]},{"damage_healed":0,"gold_gain":0,"player_choice":"Left Gold","damage_taken":0,"max_hp_gain":0,"max_hp_loss":0,"event_name":"World of Goop","floor":8,"gold_loss":30},{"damage_healed":0,"gold_gain":0,"player_choice":"Bought 1 Potion","damage_taken":0,"max_hp_gain":0,"max_hp_loss":0,"event_name":"The Woman in Blue","floor":11,"gold_loss":0},{"damage_healed":0,"gold_gain":0,"player_choice":"Paid Fearfully","damage_taken":0,"max_hp_gain":0,"max_hp_loss":0,"event_name":"Masked Bandits","floor":20,"gold_loss":45},{"damage_healed":0,"gold_gain":0,"player_choice":"Smashed Altar","damage_taken":0,"max_hp_gain":0,"max_hp_loss":0,"event_name":"Forgotten Altar","floor":21,"gold_loss":0,"cards_obtained":["Decay"]},{"damage_healed":0,"gold_gain":0,"player_choice":"Ignored","damage_taken":0,"max_hp_gain":0,"max_hp_loss":0,"event_name":"Cursed Tome","floor":22,"gold_loss":0}],"is_beta":false,"boss_relics":[{"not_picked":["Pandora\u0027s Box","Tiny House"],"picked":"SacredBark"}],"items_purged_floors":[],"is_endless":false,"potions_floor_spawned":[2,12,13,14],"killed_by":"Book of Stabbing","ascension_level":17}}