{"host":"ymw71f7rc9ndansy","time":1609770287,"event":{"mods":["ATMod(°¢èªMod)","Act Like it!","Aspiration","BaseMod","DeckTracker","Hubris","Library of Ruina","Library of Ruina Extra","Lobotomy","LobotomyExtend","Minty Spire (QoL Compilation)","MostiFishMod","Remove Card Discount Mod","Replay The Spire","StSLib","TestMod","¡¾ÒÅÎï¿¨ÅÆ¡¿REMEMod"],"gold_per_floor":[14,2,15,9,26,58,58,58,113,130,161,161,294,294,294,368,368,380,394,76,91,141,141,170,181,181,181,209,209,209,209],"floor_reached":30,"playtime":1077,"items_purged":["Spreading Infection","Decay","Delirium","LightAttack","LightDefense","Dodge","FocusedStrikes","LightAttack","ChargeAndCover","LightDefense","LightDefense","LightDefense","UncannyStrike","RipSpace","LightAttack"],"score":826,"play_id":"42054e50-2abc-4f19-9283-78137ff00a5c","local_time":"20210104222447","is_ascension_mode":true,"campfire_choices":[{"data":"Reload","floor":8.0,"key":"SMITH"},{"data":"QuickSuppression","floor":12.0,"key":"SMITH"},{"data":"AT_FamilyPortrait","floor":15.0,"key":"SMITH"},{"data":"BulkyImpact","floor":23,"key":"SMITH"},{"data":"EnergyCycle","floor":27,"key":"SMITH"}],"circlet_count":0,"master_deck":["AscendersBane","AT_FamilyPortrait+1","TrashDisposal+1","Quickness+1","Reload+1","QuickSuppression+1","SavageMode","GroundSmash","MindCrush","AbeCurse","EnergyCycle+1","Rewind","EnergyCycle","IronWall+1","BulkyImpact+1","EnergyConversion","Rewind","GrazeTheGrass"],"relics":["PageOfLibrarian","testmod-TestBox","DaveBox","REME_ComplimentaryCards","AT_ATBox","RhineCircuit","testmod-Laevatain","SynthV:TestCard","PageOfBloodbath","AT_SunfireAegis","hubris:TinFlute","ReplayTheSpireMod:TigerMarble","Abe\u0027s Treasure","War Paint","AT_ArchangelStaff","RedMistMask"],"acts_visited":["Exordium","TheCity"],"potions_floor_usage":[22,28,30],"damage_taken":[{"damage":0.0,"enemies":"2 Louse","floor":1.0,"turns":1.0},{"damage":6.0,"enemies":"Cultist","floor":3.0,"turns":3.0},{"damage":0.0,"enemies":"Jaw Worm","floor":5.0,"turns":3.0},{"damage":0.0,"enemies":"Gremlin Nob","floor":6.0,"turns":3.0},{"damage":0.0,"enemies":"Gremlin Gang","floor":10.0,"turns":2.0},{"damage":0.0,"enemies":"Replay:BlueRogue","floor":11.0,"turns":1.0},{"damage":0.0,"enemies":"Gremlin Nob","floor":13.0,"turns":2.0},{"damage":17.0,"enemies":"Fading Forest","floor":16.0,"turns":10.0},{"damage":0.0,"enemies":"Chosen","floor":18.0,"turns":2.0},{"damage":5.0,"enemies":"Shell Parasite","floor":19.0,"turns":3.0},{"damage":0,"enemies":"Centurion and Healer","floor":21,"turns":2},{"damage":0,"enemies":"Snake Plant","floor":22,"turns":2},{"damage":0,"enemies":"REME_1_Revenger","floor":24,"turns":2},{"damage":0,"enemies":"Cultist and Chosen","floor":25,"turns":2},{"damage":0,"enemies":"Slavers","floor":28,"turns":3},{"damage":8,"enemies":"Gremlin Leader","floor":30,"turns":3}],"seed_played":"-4882390003583011013","potions_obtained":[{"floor":5.0,"key":"ColorlessPotion"},{"floor":6.0,"key":"Explosive Potion"},{"floor":13.0,"key":"Ancient Potion"},{"floor":16.0,"key":"BlessingOfTheForge"},{"floor":19.0,"key":"REME_GoldPotion"},{"floor":28,"key":"Swift Potion"}],"is_trial":false,"path_per_floor":["M","$","M","$","M","E","?","R","T","M","E","R","E","?","R","B",null,"M","M","$","M","M","R","E","M","T","R","E","?","E"],"character_chosen":"Librarian","items_purchased":["EnergyCycle","IronWall","War Paint"],"campfire_rested":0,"item_purchase_floors":[20,20,20],"current_hp_per_floor":[58,58,53,53,60,64,64,64,64,68,68,68,68,68,68,68,68,68,65,65,65,65,65,65,67,67,67,67,67,59,59],"gold":209,"neow_bonus":"THREE_RARE_CARDS","is_daily":false,"chose_seed":false,"campfire_upgraded":5,"win_rate":0.0,"timestamp":1609770287,"path_taken":["M","$","M","$","M","E","?","R","T","M","E","R","E","?","R","BOSS","M","M","$","M","M","R","E","M","T","R","E","?","E"],"items_purchased_type":["Card","Card","Relic"],"build_version":"2020-12-22","purchased_purges":15,"victory":false,"max_hp_per_floor":[63,63,63,63,68,68,68,68,68,68,68,68,68,68,68,68,68,68,68,68,68,68,68,68,68,68,68,68,68,68,68],"card_choices":[{"not_picked":["RipSpace","RagingStorm"],"picked":"TrashDisposal","floor":0.0},{"not_picked":["Rewind","DriedUp","UpbeatPerformance","FleetFootsteps","AlloutWar","ToOvercomeCrisis","FocusFire","SunsetBlade"],"picked":"Quickness","floor":1.0},{"not_picked":["SweepTheBackstreets","Rampage_lor","SpearedSweep","HandlingWork","WillBeTasty","SomberProcuration","SmokingPipe","Faith","Wallop_lor","FaintMemories"],"picked":"Reload","floor":3.0},{"not_picked":["Quickness","Diversion","HandleRequest","Struggle","UpbeatPerformance","FlowOfTheSword","EnergyShield","BackAttack","Mutilate","YoureAHindrance"],"picked":"QuickSuppression","floor":5.0},{"not_picked":["BattleCommand","SpearedSweep","TrimTheIngredients","Quickness","FierceOnslaught","Thrust","ChargeUp","SharpSwipe","Juggling","EnergyShield"],"picked":"UncannyStrike","floor":6.0},{"not_picked":["Quickness","BackAttack","SunsetBlade","Preparation","Unlock1","CumulusWall","BiteOff","Leap_lor","HandleRequest","CookingPrep"],"picked":"RipSpace","floor":10.0},{"not_picked":["TimeForALittleTest","Guardian_lor","ViolentFlame","Rampage_lor","EnergyCycle","Wallop_lor","Diversion","ClassAndRespect","EnergyShield","EnergyStrike"],"picked":"SavageMode","floor":11.0},{"not_picked":["SenseQuarry","DarkCloud","HiddenBlade","UpbeatPerformance","QuickSuppression","TendonChords","Tailoring","BackAttack","Overcharge","StrongStrike"],"picked":"GroundSmash","floor":13.0},{"not_picked":["LeRegole","Observe","FlamingDragonFist","WillProduceFineSilk"],"picked":"MindCrush","floor":16.0},{"not_picked":["AssaultOrder","FrontalAssault+1","AGoldenOpportunity+1","SunsetBlade","HighKick","FierceCharge","YourShield","ChopItOff+1","DaringDecision","Pound"],"picked":"EnergyCycle","floor":18.0},{"not_picked":["BladeWhirl","SavageMode","ViolentFlame+1","GuardingStance","BulkyImpact","PinpointShot","Thrust","YoureAHindrance+1","TendonChords","MultiBlock"],"picked":"Rewind","floor":19.0},{"not_picked":["Pound","FleetFootsteps","DarkCloud","SweepTheBackstreets","EnergyShield","TheArtOfRapidSteps","Multislash","GuardingStance","Punishment","Parry"],"picked":"BulkyImpact","floor":21},{"not_picked":["Multislash","ShrineToMusic","Rampage_lor","AsThePrescriptOrders","EnergyBeam","Pound","Preparation+1","HighKick","SpearedSweep+1","CutIn"],"picked":"EnergyConversion","floor":22},{"not_picked":["BackAttack","SmokingPipe","MultiHit","Parry","SearingSword","UnavoidableGaze","SetFire","Standoff","DimensionalRift","Castigation"],"picked":"Rewind","floor":24},{"not_picked":["Feast","TendonChords","ClassAndRespect","HighKick","ConcentratedFire","Outburst","FocusFire+1","PinpointShot","Multislash","StructuralAnalysis","EnergyShield"],"picked":"SKIP","floor":25},{"not_picked":["ShrineToMusic","GuidanceOfTheGears","FlashOfSunup","Unlock1","MultiBlock","SharpSwipe","QuickAttack","RepressedFlesh","SinglePointStab","Mutilate"],"picked":"GrazeTheGrass","floor":28}],"player_experience":1073392,"relics_obtained":[{"floor":1.0,"key":"SynthV:TestCard"},{"floor":6.0,"key":"PageOfBloodbath"},{"floor":9.0,"key":"AT_SunfireAegis"},{"floor":11.0,"key":"hubris:TinFlute"},{"floor":13.0,"key":"ReplayTheSpireMod:TigerMarble"},{"floor":24,"key":"AT_ArchangelStaff"},{"floor":28,"key":"RedMistMask"}],"event_choices":[{"damage_healed":0.0,"max_hp_gain":0.0,"max_hp_loss":0.0,"gold_gain":0.0,"event_name":"Lab","player_choice":"Got Potions","floor":14.0,"gold_loss":0.0,"damage_taken":0.0},{"damage_healed":0,"gold_gain":0,"player_choice":"Ignored","damage_taken":0,"max_hp_gain":0,"max_hp_loss":0,"event_name":"Beggar","floor":29,"gold_loss":0}],"is_beta":false,"boss_relics":[{"not_picked":["aspiration:DefectSkillbook","ReplayTheSpireMod:DimensionalGlitch"],"picked":"Abe\u0027s Treasure"}],"items_purged_floors":[2,2,2,2,2,2,4,4,4,20,20,20,20,20,20],"is_endless":false,"potions_floor_spawned":[5,6,10,13,16,19,21,28],"killed_by":"Gremlin Leader","ascension_level":20}}