{"host":"97k5lqmr6aaz1p9r","time":1609788855,"event":{"mods":["BaseMod","Colored Map","Downfall","Jorbs\u0027s Wanderer Trilogy","Minty Spire (QoL Compilation)","StSLib"],"gold_per_floor":[99,111,123,142,142,169,217,236,236,269,34,51,51,80,99,196,196,46,63,73,89,99,99,99,199,199,233,251,11,43,43,60,155,155,155,167,182,182,182,202,202,202,215,272,197,197,216,244,260,260,260,286,59,59,59],"floor_reached":56,"playtime":6269,"items_purged":[],"score":1526,"play_id":"2296261a-ee18-4031-bcce-81dde277d574","local_time":"20210104193415","is_ascension_mode":true,"campfire_choices":[{"data":"Guardian:CurlUp","floor":1.0,"key":"SMITH"},{"floor":9.0,"key":"RECALL"},{"floor":13.0,"key":"REST"},{"data":"Guardian:Repulse","floor":18.0,"key":"SMITH"},{"data":"Guardian:DecasProtection","floor":23.0,"key":"SMITH"},{"floor":26.0,"key":"REST"},{"data":"Guardian:CompilePackage","floor":35.0,"key":"SMITH"},{"data":"Guardian:CompilePackage","floor":45.0,"key":"SMITH"},{"floor":54,"key":"REST"}],"circlet_count":0,"master_deck":["Guardian:Strike_Guardian+1","Guardian:Defend_Guardian+1","Guardian:Defend_Guardian+1","Guardian:CurlUp+1","Guardian:TwinSlam","Guardian:ArmoredProtocol","Guardian:Planning","Guardian:Reroute+1","Guardian:CrystalBeam","Guardian:PiercingHide","Guardian:Repulse+1","Guardian:Incinerate","Guardian:PiercingHide+1","Guardian:BronzeOrb","Guardian:TimeBomb","Guardian:GatlingBeam","Guardian:BronzeArmor","Guardian:DecasProtection+1","Guardian:Orbwalk","Guardian:TimeSifter","J.A.X.","Guardian:CompilePackage+1","Guardian:DonusPower","Guardian:Preprogram","Guardian:SpikerProtocol","Guardian:PrismaticBarrier","Guardian:BronzeOrb","Guardian:CompilePackage+1","Guardian:Emergency+1","Guardian:ChargeUp+1","Guardian:TemporalStrike","Mayhem","Guardian:RevengeProtocol","Guardian:Recover","Guardian:TimeCapacitor+1","Guardian:DecasProtection+1","Guardian:Orbwalk","Guardian:WalkerClaw+1"],"relics":["Guardian:ModeShifter","Regal Pillow","Guardian:DefensiveModeMoreBlock","Whetstone","Dream Catcher","Runic Pyramid","downfall:HeartBlessingRed","downfall:HeartBlessingGreen","Kunai","MutagenicStrength","Vajra","War Paint","Bag of Marbles","Sozu","downfall:HeartBlessingBlue","Mercury Hourglass","Bag of Preparation","Oddly Smooth Stone"],"acts_visited":["Exordium","TheCity","TheBeyond","TheEnding"],"potions_floor_usage":[55],"damage_taken":[{"damage":0.0,"enemies":"Cultist","floor":2.0,"turns":3.0},{"damage":6.0,"enemies":"Jaw Worm","floor":3.0,"turns":4.0},{"damage":6.0,"enemies":"Small Slimes","floor":4.0,"turns":4.0},{"damage":0.0,"enemies":"3 Sentries","floor":6.0,"turns":6.0},{"damage":12.0,"enemies":"Exordium Wildlife","floor":8.0,"turns":7.0},{"damage":7.0,"enemies":"Gremlin Nob","floor":10.0,"turns":4.0},{"damage":0.0,"enemies":"downfall:FleeingMerchant","floor":11.0,"turns":4.0},{"damage":6.0,"enemies":"2 Fungi Beasts","floor":12.0,"turns":3.0},{"damage":17.0,"enemies":"3 Sentries","floor":14.0,"turns":6.0},{"damage":0.0,"enemies":"Blue Slaver","floor":15.0,"turns":3.0},{"damage":5.0,"enemies":"downfall:Watcher","floor":16.0,"turns":10.0},{"damage":6.0,"enemies":"Chosen","floor":19.0,"turns":4.0},{"damage":14.0,"enemies":"Snake Plant","floor":20.0,"turns":3.0},{"damage":0.0,"enemies":"3 Cultists","floor":21.0,"turns":4.0},{"damage":9.0,"enemies":"Snecko","floor":22.0,"turns":5.0},{"damage":14.0,"enemies":"downfall:Augmenter","floor":25.0,"turns":6.0},{"damage":0.0,"enemies":"Book of Stabbing","floor":27.0,"turns":4.0},{"damage":3.0,"enemies":"Chosen and Byrds","floor":28.0,"turns":4.0},{"damage":3.0,"enemies":"downfall:FleeingMerchant","floor":29.0,"turns":4.0},{"damage":6.0,"enemies":"Slavers","floor":30.0,"turns":5.0},{"damage":5.0,"enemies":"Snake Plant","floor":32.0,"turns":2.0},{"damage":14.0,"enemies":"downfall:Ironclad","floor":33.0,"turns":7.0},{"damage":4.0,"enemies":"3 Shapes","floor":36.0,"turns":2.0},{"damage":0.0,"enemies":"3 Darklings","floor":37.0,"turns":1.0},{"damage":0.0,"enemies":"Transient","floor":40.0,"turns":5.0},{"damage":17.0,"enemies":"Spire Growth","floor":43.0,"turns":5.0},{"damage":5.0,"enemies":"downfall:FleeingMerchant","floor":44.0,"turns":4.0},{"damage":0.0,"enemies":"Maw","floor":47.0,"turns":7.0},{"damage":3.0,"enemies":"Nemesis","floor":48.0,"turns":5.0},{"damage":4.0,"enemies":"3 Darklings","floor":49.0,"turns":3.0},{"damage":6.0,"enemies":"downfall:Defect","floor":50.0,"turns":8.0},{"damage":14,"enemies":"downfall:CharBossMerchant","floor":52,"turns":8},{"damage":21,"enemies":"downfall:NeowBoss","floor":55,"turns":15}],"seed_played":"-384373029602717052","potions_obtained":[{"floor":2.0,"key":"SkillPotion"},{"floor":3.0,"key":"ColorlessPotion"},{"floor":4.0,"key":"Block Potion"},{"floor":10.0,"key":"Guardian:StasisDiscoveryPotion"},{"floor":12.0,"key":"FairyPotion"},{"floor":16.0,"key":"EssenceOfSteel"},{"floor":22.0,"key":"sneckomod:MuddlingPotion"},{"floor":28.0,"key":"Dexterity Potion"},{"floor":30.0,"key":"SpeedPotion"},{"floor":32.0,"key":"LiquidMemories"}],"is_trial":false,"path_per_floor":["R","M","M","M","?","E","T","M","R","E","$","M","R","E","M","B",null,"R","M","M","M","M","R","T","?","R","E","M","$","E","?","M","B",null,"R","M","M","?","?","M","T","?","M","$","R","?","M","E","M","B",null,"E","$","R","B",null],"character_chosen":"GUARDIAN","items_purchased":["Guardian:Repulse","Guardian:Incinerate","Guardian:PiercingHide","Guardian:Gem_Green","War Paint","Guardian:SpikerProtocol","Guardian:TemporalStrike","Guardian:Gem_Green","Mayhem","Oddly Smooth Stone","Guardian:Orbwalk"],"campfire_rested":3,"item_purchase_floors":[11,11,11,11,29,29,44,44,44,53,53],"current_hp_per_floor":[56,56,50,44,44,44,44,32,32,25,25,19,58,41,41,36,80,80,74,60,60,51,51,51,37,76,76,73,70,64,64,59,45,80,80,76,76,76,76,76,76,76,59,54,64,64,64,61,57,51,90,76,76,90,69],"gold":59,"neow_bonus":"TRANSFORM_TWO_CARDS","is_daily":false,"chose_seed":false,"campfire_upgraded":5,"win_rate":0.0,"timestamp":1609788855,"path_taken":["R","M","M","M","?","E","T","M","R","E","?","M","R","E","M","BOSS","R","M","?","M","M","R","T","?","R","E","M","$","E","?","M","BOSS","R","M","M","?","?","M","T","?","?","$","R","?","M","E","M","BOSS","E","$","R","BOSS"],"items_purchased_type":["Card","Card","Card","Card","Relic","Card","Card","Card","Card","Relic","Card"],"build_version":"2020-12-22","purchased_purges":0,"victory":true,"max_hp_per_floor":[80,80,80,80,80,80,80,80,80,80,80,80,80,80,80,80,80,80,80,80,80,80,80,80,80,80,80,80,80,80,80,80,80,80,80,80,80,80,80,80,80,80,80,80,90,90,90,90,90,90,90,90,90,90,90],"card_choices":[{"not_picked":["Guardian:Gem_Crimson","Guardian:Gem_Green"],"picked":"Guardian:Planning","floor":2.0},{"not_picked":["Guardian:ArmoredProtocol","Guardian:Preprogram"],"picked":"Guardian:Gem_Blue","floor":3.0},{"not_picked":["Guardian:TemporalShield","Guardian:ChargeCore"],"picked":"Guardian:Reroute","floor":4.0},{"not_picked":["Guardian:Gem_Blue","Guardian:ShieldCharger"],"picked":"Guardian:CrystalBeam","floor":6.0},{"not_picked":["Guardian:Gem_Lightblue","Guardian:PiercingHide"],"picked":"Guardian:TemporalStrike","floor":8.0},{"not_picked":["Guardian:MultiBeam","Guardian:ShieldCharger"],"picked":"Guardian:PiercingHide","floor":10.0},{"not_picked":["Guardian:FastForward","Guardian:TemporalStrike"],"picked":"Guardian:Gem_Cyan","floor":11.0},{"not_picked":["Guardian:Incinerate","Guardian:ArmoredProtocol"],"picked":"Guardian:Gem_Blue","floor":12.0},{"not_picked":["Guardian:Preprogram","Guardian:Gem_Lightblue"],"picked":"Guardian:BronzeOrb","floor":14.0},{"not_picked":["Guardian:FloatingOrbs","Guardian:Gem_Blue"],"picked":"Guardian:TimeBomb","floor":15.0},{"not_picked":["Guardian:StasisField","Guardian:SphericShield"],"picked":"Guardian:GatlingBeam","floor":16.0},{"not_picked":["Guardian:PrismaticBeam+1","Guardian:Gem_Crimson"],"picked":"Guardian:BronzeArmor","floor":19.0},{"not_picked":["Guardian:Recover","Guardian:Gem_Red"],"picked":"Guardian:DecasProtection","floor":20.0},{"not_picked":["Guardian:Suspension","Guardian:Gem_Blue"],"picked":"Guardian:Gem_Green","floor":21.0},{"not_picked":["Guardian:Preprogram","Guardian:FloatingOrbs"],"picked":"Guardian:Orbwalk","floor":22.0},{"not_picked":[],"picked":"J.A.X.","floor":25.0},{"not_picked":["Guardian:Gem_Red","Guardian:CrystalBeam+1"],"picked":"Guardian:Gem_Fragmented","floor":25.0},{"not_picked":["Guardian:TemporalStrike","Guardian:ShieldCharger+1"],"picked":"Guardian:CompilePackage","floor":26.0},{"not_picked":["Guardian:Preprogram+1","Guardian:Gem_Green"],"picked":"Guardian:ChargeCore+1","floor":27.0},{"not_picked":["Guardian:CrystalBeam","Guardian:ShieldSpikes"],"picked":"Guardian:DonusPower","floor":28.0},{"not_picked":["Guardian:ArmoredProtocol+1","Guardian:RollAttack"],"picked":"Guardian:Preprogram","floor":29.0},{"not_picked":["Guardian:VentSteam","Guardian:DecasProtection"],"picked":"Guardian:PrismaticBarrier","floor":30.0},{"not_picked":["Guardian:FloatingOrbs","Guardian:Planning"],"picked":"Guardian:BronzeOrb","floor":32.0},{"not_picked":["Guardian:GemFire","Guardian:ExploitGems"],"picked":"Guardian:CompilePackage","floor":33.0},{"not_picked":["Guardian:Reroute","Guardian:Preprogram"],"picked":"Guardian:Emergency+1","floor":36.0},{"not_picked":["Guardian:Planning+1","Guardian:Incinerate"],"picked":"Guardian:Gem_Cyan","floor":37.0},{"not_picked":["Guardian:Incinerate+1","Guardian:PrimingBeam+1"],"picked":"Guardian:Gem_Lightblue","floor":40.0},{"not_picked":["Guardian:Planning+1","Guardian:Repulse"],"picked":"Guardian:ChargeUp+1","floor":43.0},{"not_picked":["Guardian:Recover+1","Guardian:TemporalStrike+1"],"picked":"Guardian:Gem_Yellow","floor":44.0},{"not_picked":["Guardian:TimeBomb","Guardian:Gem_Red"],"picked":"Guardian:RevengeProtocol","floor":47.0},{"not_picked":["Guardian:Gem_Cyan","Guardian:EvasiveProtocol"],"picked":"Guardian:Recover","floor":48.0},{"not_picked":["Guardian:PrismaticBeam+1","Guardian:Incinerate+1"],"picked":"Guardian:TimeCapacitor+1","floor":49.0},{"not_picked":["Guardian:MultiBeam","Guardian:RefractedBeam+1"],"picked":"Guardian:DecasProtection+1","floor":52},{"not_picked":["Guardian:MultiBeam+1","Guardian:Gem_Blue"],"picked":"Guardian:WalkerClaw+1","floor":54}],"player_experience":597185,"relics_obtained":[{"floor":6.0,"key":"Regal Pillow"},{"floor":7.0,"key":"Guardian:DefensiveModeMoreBlock"},{"floor":10.0,"key":"Whetstone"},{"floor":14.0,"key":"Dream Catcher"},{"floor":24.0,"key":"Kunai"},{"floor":25.0,"key":"MutagenicStrength"},{"floor":27.0,"key":"Vajra"},{"floor":30.0,"key":"Bag of Marbles"},{"floor":48.0,"key":"Mercury Hourglass"},{"floor":52,"key":"Bag of Preparation"}],"event_choices":[{"damage_healed":0.0,"max_hp_gain":0.0,"max_hp_loss":0.0,"gold_gain":0.0,"event_name":"Lab","player_choice":"Got Potions","floor":5.0,"gold_loss":0.0,"damage_taken":0.0},{"damage_healed":0.0,"max_hp_gain":0.0,"max_hp_loss":0.0,"gold_gain":0.0,"event_name":"Back to Basics","player_choice":"Simplicity","floor":31.0,"gold_loss":0.0,"damage_taken":0.0,"cards_upgraded":["Guardian:Strike_Guardian","Guardian:Strike_Guardian","Guardian:Defend_Guardian"]},{"cards_removed":["Guardian:ChargeCore"],"damage_healed":0.0,"max_hp_gain":0.0,"max_hp_loss":0.0,"gold_gain":0.0,"event_name":"Falling","player_choice":"Removed Attack","floor":46.0,"gold_loss":0.0,"damage_taken":0.0}],"is_beta":false,"boss_relics":[{"not_picked":["SlaversCollar","Velvet Choker"],"picked":"Runic Pyramid"},{"not_picked":["Guardian:ModeShifterPlus","Philosopher\u0027s Stone"],"picked":"Sozu"}],"items_purged_floors":[],"is_endless":false,"potions_floor_spawned":[2,3,4,10,12,16,22,28,30,32,33,37,43,47,49,52],"ascension_level":3}}