{"host":"wha9hktbkslqvblg","time":1609741911,"event":{"mods":["BaseMod","Colored Map","Minty Spire (QoL Compilation)","Relic Stats","SuperFastMode","everything is the same but u backflip on backflip"],"gold_per_floor":[115,141,141,216,232,263,263,296,296,296,296,89,107,120,120,191,191,209,209,225,26,42,42,42],"floor_reached":23,"playtime":549,"items_purged":["Strike_B"],"score":448,"play_id":"16a13557-15a2-42aa-8cd2-3b9cf10c1adf","local_time":"20210104153151","is_ascension_mode":true,"campfire_choices":[{"data":"Streamline","floor":7.0,"key":"SMITH"},{"data":"Zap","floor":11.0,"key":"SMITH"},{"floor":15.0,"key":"REST"}],"circlet_count":0,"master_deck":["AscendersBane","Zap+1","Dualcast","Cold Snap","Streamline+1","Doom and Gloom","Recycle","Capacitor","Core Surge","Seek","All For One","Darkness","Coolheaded","Finesse","White Noise"],"relics":["Cracked Core","NeowsBlessing","Regal Pillow","Bag of Preparation","InkBottle","Omamori","FaceOfCleric","Pandora\u0027s Box"],"acts_visited":["Exordium","TheCity"],"potions_floor_usage":[20,20,22,23],"damage_taken":[{"damage":0.0,"enemies":"Cultist","floor":1.0,"turns":1.0},{"damage":0.0,"enemies":"Small Slimes","floor":5.0,"turns":1.0},{"damage":0.0,"enemies":"Gremlin Nob","floor":6.0,"turns":1.0},{"damage":30.0,"enemies":"Lagavulin","floor":8.0,"turns":6.0},{"damage":10.0,"enemies":"2 Louse","floor":13.0,"turns":2.0},{"damage":8.0,"enemies":"Exordium Thugs","floor":14.0,"turns":4.0},{"damage":31.0,"enemies":"The Guardian","floor":16.0,"turns":10.0},{"damage":19,"enemies":"Spheric Guardian","floor":18,"turns":4},{"damage":9,"enemies":"2 Thieves","floor":20,"turns":2},{"damage":17,"enemies":"Snake Plant","floor":22,"turns":2},{"damage":34,"enemies":"Book of Stabbing","floor":23,"turns":3}],"seed_played":"-1388736788191258987","potions_obtained":[{"floor":5.0,"key":"SpeedPotion"},{"floor":8.0,"key":"PowerPotion"},{"floor":14.0,"key":"GamblersBrew"},{"floor":16.0,"key":"SkillPotion"},{"floor":18,"key":"SneckoOil"},{"floor":22,"key":"Fruit Juice"}],"is_trial":false,"path_per_floor":["M","T","?","?","M","E","R","E","T","?","R","$","M","M","R","B",null,"M","?","M","$","M","E"],"character_chosen":"DEFECT","items_purchased":["Doom and Gloom","Recycle","Coolheaded","Finesse","PowerPotion"],"campfire_rested":1,"item_purchase_floors":[12,12,21,21,21],"current_hp_per_floor":[64,64,69,58,58,58,58,28,28,28,28,28,19,12,50,20,64,46,46,38,38,22,0,0],"gold":42,"neow_bonus":"THREE_ENEMY_KILL","is_daily":false,"chose_seed":false,"campfire_upgraded":2,"win_rate":0.0,"timestamp":1609741911,"path_taken":["M","?","?","?","M","E","R","E","T","?","R","$","?","M","R","BOSS","M","?","?","$","M","E"],"items_purchased_type":["Card","Card","Card","Card","Potion"],"build_version":"2020-12-22","purchased_purges":1,"victory":false,"max_hp_per_floor":[71,71,76,76,76,76,76,76,76,76,76,76,77,78,78,79,79,80,80,81,81,82,87,87],"relic_stats":{"Regal Pillow":15,"FaceOfCleric":6,"counters":[11,36],"Pandora\u0027s Box":["Meteor Strike","Cold Snap","Hyperbeam","Leap","Double Energy","Rip and Tear","Lockon"],"Bag of Preparation":[16],"obtain_stats":[{"Regal Pillow":2,"NeowsBlessing":0,"FaceOfCleric":10,"Pandora\u0027s Box":17,"Bag of Preparation":6,"Omamori":9,"Cracked Core":0,"InkBottle":8},{"Regal Pillow":1,"NeowsBlessing":0,"FaceOfCleric":4,"Pandora\u0027s Box":7,"Bag of Preparation":3,"Omamori":4,"Cracked Core":0,"InkBottle":4},{"Regal Pillow":1,"NeowsBlessing":0,"FaceOfCleric":9,"Pandora\u0027s Box":25,"Bag of Preparation":3,"Omamori":9,"Cracked Core":0,"InkBottle":9}],"InkBottle":[9]},"card_choices":[{"not_picked":["Blizzard","Gash"],"picked":"Cold Snap","floor":1.0},{"not_picked":["Storm","Stack"],"picked":"Streamline","floor":5.0},{"not_picked":["Barrage","Streamline","Conserve Battery"],"picked":"SKIP","floor":6.0},{"not_picked":["Rebound","Gash","Rip and Tear"],"picked":"SKIP","floor":8.0},{"not_picked":["Recycle","Compile Driver"],"picked":"Capacitor","floor":13.0},{"not_picked":["Fusion","Hologram"],"picked":"Core Surge","floor":14.0},{"not_picked":["Hyperbeam","Core Surge"],"picked":"Seek","floor":16.0},{"not_picked":["Sweeping Beam","Reinforced Body"],"picked":"Go for the Eyes","floor":18},{"not_picked":["Cold Snap","Aggregate"],"picked":"Darkness","floor":20},{"not_picked":["Sweeping Beam+1","Cold Snap"],"picked":"White Noise","floor":22}],"player_experience":933229,"relics_obtained":[{"floor":2.0,"key":"Regal Pillow"},{"floor":6.0,"key":"Bag of Preparation"},{"floor":8.0,"key":"InkBottle"},{"floor":9.0,"key":"Omamori"}],"event_choices":[{"damage_healed":0.0,"max_hp_gain":5.0,"max_hp_loss":0.0,"gold_gain":0.0,"event_name":"Big Fish","player_choice":"Donut","floor":3.0,"gold_loss":0.0,"damage_taken":0.0},{"damage_healed":0.0,"max_hp_gain":0.0,"max_hp_loss":0.0,"gold_gain":75.0,"event_name":"World of Goop","player_choice":"Gather Gold","floor":4.0,"gold_loss":0.0,"damage_taken":11.0},{"damage_healed":0.0,"max_hp_gain":0.0,"max_hp_loss":0.0,"gold_gain":0.0,"event_name":"FaceTrader","player_choice":"Trade","floor":10.0,"gold_loss":0.0,"damage_taken":0.0,"relics_obtained":["FaceOfCleric"]},{"damage_healed":0,"gold_gain":0,"cards_transformed":["Go for the Eyes"],"player_choice":"Transformed","damage_taken":0,"max_hp_gain":0,"max_hp_loss":0,"event_name":"Transmorgrifier","floor":19,"gold_loss":0,"cards_obtained":["All For One"]}],"is_beta":false,"boss_relics":[{"not_picked":["Calling Bell","Empty Cage"],"picked":"Pandora\u0027s Box"}],"items_purged_floors":[12],"is_endless":false,"potions_floor_spawned":[5,8,14,16,18,22],"killed_by":"Book of Stabbing","ascension_level":20}}