{"host":"71akxjf7cjo3bhmj","time":1609727246,"event":{"mods":["AchievementEnabler","BaseMod","Colored Powertips","Minty Spire (QoL Compilation)"],"gold_per_floor":[114,189,200,214,88,88,121,121,147,147,478,478,491,508,508,604,604,617,637,253,267,277,310,310,328,353,369,369,383,383,403,403,403,403],"floor_reached":33,"playtime":1615,"items_purged":["Strike_R","Strike_R"],"score":356,"play_id":"7a5b41b4-98a1-4600-9ef2-870df6ec3a72","local_time":"20210104032726","is_ascension_mode":false,"campfire_choices":[{"data":"Searing Blow","floor":6,"key":"SMITH"},{"data":"Searing Blow+1","floor":8,"key":"SMITH"},{"data":"Searing Blow+2","floor":12,"key":"SMITH"},{"data":"Searing Blow+3","floor":15,"key":"SMITH"},{"floor":24,"key":"REST"},{"data":"Searing Blow+4","floor":30,"key":"SMITH"},{"floor":32,"key":"REST"}],"circlet_count":0,"master_deck":["Strike_R","Strike_R","Strike_R","Defend_R","Defend_R","Defend_R","Defend_R","Bash","Searing Blow+5","Anger","Twin Strike","Flex","Feed","Spot Weakness","Flex","Dramatic Entrance","Flex+1","Inflame+1","Anger","Flex"],"relics":["Burning Blood","NeowsBlessing","Tiny Chest","Smiling Mask","Peace Pipe","Old Coin","Runic Pyramid","Bag of Marbles","Red Skull","Boot"],"acts_visited":["Exordium","TheCity"],"potions_floor_usage":[7,7,7,11,13,18,21,22,33,33],"damage_taken":[{"damage":0,"enemies":"Jaw Worm","floor":1,"turns":1},{"damage":0,"enemies":"2 Louse","floor":3,"turns":1},{"damage":0,"enemies":"Cultist","floor":4,"turns":1},{"damage":0,"enemies":"Gremlin Nob","floor":7,"turns":4},{"damage":26,"enemies":"3 Sentries","floor":11,"turns":6},{"damage":0,"enemies":"Blue Slaver","floor":13,"turns":1},{"damage":12,"enemies":"Looter","floor":14,"turns":4},{"damage":55,"enemies":"Slime Boss","floor":16,"turns":9},{"damage":12,"enemies":"Shell Parasite","floor":18,"turns":4},{"damage":23,"enemies":"3 Byrds","floor":19,"turns":5},{"damage":33,"enemies":"Centurion and Healer","floor":21,"turns":4},{"damage":0,"enemies":"Snecko","floor":22,"turns":3},{"damage":47,"enemies":"Book of Stabbing","floor":23,"turns":5},{"damage":4,"enemies":"3 Cultists","floor":25,"turns":4},{"damage":5,"enemies":"Chosen and Byrds","floor":27,"turns":3},{"damage":22,"enemies":"Sentry and Sphere","floor":29,"turns":4},{"damage":0,"enemies":"Snecko","floor":31,"turns":2},{"damage":96,"enemies":"Collector","floor":33,"turns":6}],"seed_played":"6842259258968583271","potions_obtained":[{"floor":1,"key":"Dexterity Potion"},{"floor":4,"key":"AttackPotion"},{"floor":7,"key":"SkillPotion"},{"floor":11,"key":"LiquidMemories"},{"floor":16,"key":"AttackPotion"},{"floor":21,"key":"Swift Potion"},{"floor":27,"key":"Energy Potion"},{"floor":31,"key":"SteroidPotion"}],"is_trial":false,"path_per_floor":["M","?","M","M","$","R","E","R","T","?","E","R","M","M","R","B",null,"M","M","$","M","M","E","R","M","T","M","?","M","R","M","R","B"],"character_chosen":"IRONCLAD","items_purchased":["Dexterity Potion","Bag of Marbles","Energy Potion","Flex","Dramatic Entrance"],"campfire_rested":2,"item_purchase_floors":[5,20,20,20,20],"current_hp_per_floor":[80,69,75,80,80,80,80,80,80,80,60,60,66,60,60,11,80,77,63,63,39,48,10,38,43,43,44,44,31,31,37,67,0,0],"gold":403,"neow_bonus":"THREE_ENEMY_KILL","is_daily":false,"chose_seed":false,"campfire_upgraded":5,"win_rate":0.0,"timestamp":1609727246,"path_taken":["M","?","M","M","$","R","E","R","T","?","E","R","M","M","R","BOSS","M","M","$","M","?","E","R","M","T","M","?","M","R","M","R","BOSS"],"items_purchased_type":["Potion","Relic","Potion","Card","Card"],"build_version":"2020-12-22","purchased_purges":2,"victory":false,"max_hp_per_floor":[80,80,80,80,80,80,80,80,80,80,80,80,80,80,80,80,80,83,86,86,89,92,95,95,98,98,98,98,101,101,101,101,101,101],"card_choices":[{"not_picked":["Rupture","Uppercut"],"picked":"Pommel Strike","floor":1},{"not_picked":["Shockwave","Sever Soul"],"picked":"Searing Blow","floor":3},{"not_picked":["Twin Strike","Carnage"],"picked":"Anger","floor":4},{"not_picked":["Perfected Strike","Heavy Blade"],"picked":"Twin Strike","floor":7},{"not_picked":["Havoc","Hemokinesis","Uppercut"],"picked":"SKIP","floor":11},{"not_picked":["Rupture","Sever Soul","Warcry"],"picked":"SKIP","floor":13},{"not_picked":["Carnage","Disarm"],"picked":"Flex","floor":14},{"not_picked":["Immolate","Impervious"],"picked":"Feed","floor":16},{"not_picked":["True Grit","Dark Embrace+1"],"picked":"Spot Weakness","floor":18},{"not_picked":["Bloodletting","Combust","Searing Blow"],"picked":"SKIP","floor":19},{"not_picked":["Shrug It Off+1","Disarm","Wild Strike"],"picked":"SKIP","floor":21},{"not_picked":["Wild Strike+1","Entrench","Havoc"],"picked":"SKIP","floor":22},{"not_picked":["Sever Soul","Twin Strike+1"],"picked":"Flex+1","floor":23},{"not_picked":["Second Wind","Thunderclap"],"picked":"Inflame+1","floor":25},{"not_picked":["Iron Wave","Heavy Blade"],"picked":"Anger","floor":27},{"not_picked":["Anger","Corruption"],"picked":"Flex","floor":29},{"not_picked":["Shrug It Off","Pommel Strike","Flame Barrier"],"picked":"SKIP","floor":31}],"player_experience":141990,"relics_obtained":[{"floor":7,"key":"Tiny Chest"},{"floor":9,"key":"Smiling Mask"},{"floor":11,"key":"Old Coin"},{"floor":23,"key":"Red Skull"},{"floor":26,"key":"Boot"}],"event_choices":[{"damage_healed":0,"gold_gain":75,"player_choice":"Gather Gold","damage_taken":11,"max_hp_gain":0,"max_hp_loss":0,"event_name":"World of Goop","floor":2,"gold_loss":0},{"cards_removed":["Pommel Strike"],"damage_healed":0,"gold_gain":0,"player_choice":"Gave Card","damage_taken":0,"relics_obtained":["Peace Pipe"],"max_hp_gain":0,"max_hp_loss":0,"event_name":"WeMeetAgain","floor":10,"gold_loss":0},{"damage_healed":0,"gold_gain":0,"player_choice":"Ignored","damage_taken":0,"max_hp_gain":0,"max_hp_loss":0,"event_name":"Cursed Tome","floor":28,"gold_loss":0}],"is_beta":false,"boss_relics":[{"not_picked":["Philosopher\u0027s Stone","Calling Bell"],"picked":"Runic Pyramid"}],"items_purged_floors":[5,20],"is_endless":false,"potions_floor_spawned":[1,4,7,11,16,21,27,31],"killed_by":"Collector","ascension_level":0}}