{"host":"zntn5kfpqqjb7mu3","time":1609760578,"event":{"mods":["AchievementEnabler","Aspiration","BaseMod","Better-Laid Plans","Colored Map","Colored Powertips","DNKmod","Friendly Minions","Marked Mod","Minty Spire (QoL Compilation)","MostiFishMod","Permanent Neow","Quick Restart","Rare Cards Sparkle","Relic Stats","Remove Card Discount Mod","Replay The Spire","Spicy Shops","StSLib","SuperFastMode","TestMod","vexMod","¡¾ÒÅÎï¿¨ÅÆ¡¿REMEMod","óô»ðÖ¸ÄÏ"],"gold_per_floor":[10020,10035,10035,9720,9738,9738,9769,9320,9332,9344,9386,9011,8821,8836,8359,8456,8456,8475,8475,8060,8071,8090,7715,7729,7531,7531,7248,7258,7276,6998,6534,6534,6629,6629,6639,6639,6659,6678,6692,6717,6548,6167,6167,6198,6215,6107,5267,5285,4948,4948,4948,4498,4307,4337,4337],"floor_reached":56,"playtime":1819,"items_purged":["Shame","Pride","Cloak And Dagger","vexMod:StairwayStrike","PathToVictory","PathToVictory","PathToVictory","MarkedMod:FirstStrike","LessonLearned+1"],"score":1729,"play_id":"38e855b7-40dd-4be9-89b5-e5727749c8db","local_time":"20210104194258","is_ascension_mode":true,"campfire_choices":[{"floor":6,"key":"RECALL"}],"circlet_count":0,"master_deck":["Strike_P+1","Strike_P+1","Strike_P+1","Defend_P+1","Defend_P","Eruption+1","Devotion+1","Outmaneuver+1","Choke+1","Tantrum+1","ReachHeaven+1","MostiFishMod:KamiSmash+1","MarkedMod:GentlePulse","REME_MawOfCthun+1","Brilliance+1","Crescendo+1","Pray+1","FollowUp+1","vexMod:StairwayStrike+1","Prostrate+1","BowlingBash+1","Prostrate+1","Consecrate+1","FollowUp+1","Worship+1","MostiFishMod:KamiSmash+1","PathToVictory+1","PathToVictory+1","MarkedMod:GentlePulse+1","MarkedMod:FirstStrike+1","MostiFishMod:LegendTransform+1","Consecrate+1","MarkedMod:SlowDance+1","ConjureBlade+1","MarkedMod:FirstStrike+1","Secret Weapon+1","Protect","ConjureBlade+1","Prostrate","Worship+1","FollowUp+1"],"relics":["PureWater","testmod-TestBox","REME_ComplimentaryCards","DaveBox","ExusiaiGun","testmod-ObsoleteBoomerang","SynthV:TestCard","Technique","MawBank","Damaru","Question Card","Mango","Boot","vexMod:ScavengeHelm","REME_CardOfGreed","Blue Doll","BrkXgEgg","Mirror","Nunchaku","Iron Hammer","Replay:Arrowhead","Replay:Ringing Soul","Frozen Egg 2","Bottled Flame","Lantern","Replay:Bottled Eggs","RhineSuit","Matryoshka","Guide Book","Replay:Baseball","REME_LimitBreaker","Thread and Needle","ReplayTheSpireMod:Lightbulb","testmod-AssaultLearning","Orichalcum","Bottled Lightning","Vajra","Dodecahedron","vexMod:PaidLearning","MarkedMod:AcupunctureKit","War Paint"],"acts_visited":["Exordium","TheCity","TheBeyond","TheEnding"],"potions_floor_usage":[50,50],"damage_taken":[{"damage":0,"enemies":"2 Louse","floor":1,"turns":1},{"damage":0,"enemies":"Small Slimes","floor":2,"turns":1},{"damage":0,"enemies":"Cultist","floor":5,"turns":1},{"damage":0,"enemies":"3 Sentries","floor":7,"turns":1},{"damage":0,"enemies":"Gremlin Nob","floor":11,"turns":1},{"damage":0,"enemies":"3 Louse","floor":14,"turns":1},{"damage":0,"enemies":"Fading Forest","floor":16,"turns":2},{"damage":0,"enemies":"3 Byrds","floor":18,"turns":1},{"damage":0,"enemies":"Spheric Guardian","floor":21,"turns":1},{"damage":0,"enemies":"Snecko","floor":22,"turns":1},{"damage":0,"enemies":"Snake Plant","floor":24,"turns":1},{"damage":0,"enemies":"3 Cultists","floor":28,"turns":1},{"damage":0,"enemies":"Cultist and Chosen","floor":29,"turns":1},{"damage":0,"enemies":"Automaton","floor":33,"turns":1},{"damage":0,"enemies":"3 Darklings","floor":35,"turns":1},{"damage":0,"enemies":"Orb Walker","floor":37,"turns":1},{"damage":0,"enemies":"Sphere and 2 Shapes","floor":38,"turns":1},{"damage":18,"enemies":"4 Shapes","floor":39,"turns":1},{"damage":0,"enemies":"R_Hoarder","floor":40,"turns":1},{"damage":0,"enemies":"Reptomancer","floor":44,"turns":1},{"damage":0,"enemies":"Transient","floor":45,"turns":1},{"damage":0,"enemies":"3 Darklings","floor":48,"turns":1},{"damage":0,"enemies":"Awakened One","floor":50,"turns":2},{"damage":0,"enemies":"Shield and Spear","floor":54,"turns":1},{"damage":21,"enemies":"The Heart","floor":55,"turns":3}],"seed_played":"6124481725987713814","potions_obtained":[{"floor":1,"key":"Toxic Potion"},{"floor":11,"key":"EssenceOfSteel"},{"floor":14,"key":"Block Potion"},{"floor":54,"key":"Dexterity Potion"}],"is_trial":false,"path_per_floor":["M","M","?","$","M","R","E","R","T","?","E","R","$","M","R_BF","B",null,"M","?","$","M","M","R","M","R","T","$","M","M","R","$","R","B",null,"M","?","M","M","M","E","R","$","T","E","M","R","$","M","R","B",null,"R","$","E","B",null],"character_chosen":"WATCHER","items_purchased":["Tantrum+1","ReachHeaven","Technique","Damaru","Question Card","MostiFishMod:KamiSmash","Boot","vexMod:ScavengeHelm","MarkedMod:GentlePulse","REME_CardOfGreed","Blue Doll","BrkXgEgg","REME_MawOfCthun+1","Mirror","Nunchaku","Iron Hammer","Replay:Arrowhead","vexMod:StairwayStrike+1","Prostrate+1","Frozen Egg 2","BowlingBash+1","Bottled Flame","FollowUp+1","Lantern","Replay:Bottled Eggs","Worship","MostiFishMod:LegendTransform+1","Consecrate+1","MarkedMod:SlowDance+1","Guide Book","MarkedMod:FirstStrike","ReplayTheSpireMod:Lightbulb","testmod-AssaultLearning","Secret Weapon+1","Protect","Orichalcum","Prostrate","Bottled Lightning","Vajra","Dodecahedron","vexMod:PaidLearning","MarkedMod:AcupunctureKit","Worship+1"],"campfire_rested":0,"item_purchase_floors":[4,4,4,8,8,8,12,12,13,13,15,15,15,20,20,23,23,25,25,27,27,30,30,31,31,31,41,41,42,42,46,47,47,47,47,47,49,49,52,52,52,53,53],"current_hp_per_floor":[72,72,72,72,72,72,72,72,72,72,86,86,86,86,86,86,86,86,86,86,86,86,86,86,86,86,89,92,95,98,101,101,104,104,107,107,110,113,98,101,104,107,107,110,110,113,116,119,122,122,140,140,143,146,125],"gold":4337,"neow_bonus":"TRANSFORM_CARD","is_daily":false,"chose_seed":false,"campfire_upgraded":0,"win_rate":0.0,"timestamp":1609760578,"path_taken":["M","M","?","$","M","R","E","R","T","?","E","R","$","M","R_BF","BOSS","M","?","$","M","M","R","M","R","T","$","M","M","R","$","R","BOSS","M","?","M","M","M","E","R","$","T","E","M","R","$","M","R","BOSS","R","$","E","BOSS"],"items_purchased_type":["Card","Card","Relic","Relic","Relic","Card","Relic","Relic","Card","Relic","Relic","Relic","Card","Relic","Relic","Relic","Relic","Card","Card","Relic","Card","Relic","Card","Relic","Relic","Card","Card","Card","Card","Relic","Card","Relic","Relic","Card","Card","Relic","Card","Relic","Relic","Relic","Relic","Relic","Card"],"build_version":"2020-12-22","purchased_purges":9,"victory":true,"max_hp_per_floor":[72,72,72,72,72,72,72,72,72,72,86,86,86,86,86,86,86,86,86,86,86,86,86,86,86,86,89,92,95,98,101,101,104,104,107,107,110,113,116,119,122,125,125,128,128,131,134,137,140,140,140,140,143,146,146],"relic_stats":{"Nunchaku":[12],"counters":[25,29],"Orichalcum":[12],"War Paint":["Defend_P","Outmaneuver"],"MawBank":72,"Question Card":19,"Boot":[29],"obtain_stats":[{"Lantern":31,"DaveBox":0,"Vajra":52,"Mango":11,"Blue Doll":15,"RhineSuit":34,"ExusiaiGun":0,"Boot":12,"MarkedMod:AcupunctureKit":53,"Replay:Ringing Soul":26,"Nunchaku":20,"Matryoshka":40,"testmod-ObsoleteBoomerang":0,"Iron Hammer":23,"Replay:Bottled Eggs":31,"testmod-TestBox":0,"Dodecahedron":52,"vexMod:ScavengeHelm":12,"Guide Book":42,"Damaru":8,"Thread and Needle":44,"BrkXgEgg":15,"vexMod:PaidLearning":52,"Frozen Egg 2":27,"REME_LimitBreaker":43,"Orichalcum":47,"War Paint":54,"MawBank":7,"Question Card":8,"Replay:Arrowhead":23,"Bottled Flame":30,"Replay:Baseball":43,"SynthV:TestCard":1,"testmod-AssaultLearning":47,"Technique":4,"REME_CardOfGreed":13,"Bottled Lightning":49,"PureWater":0,"Mirror":20,"ReplayTheSpireMod:Lightbulb":47,"REME_ComplimentaryCards":0},{"Lantern":13,"DaveBox":0,"Vajra":23,"Mango":5,"Blue Doll":6,"RhineSuit":14,"ExusiaiGun":0,"Boot":5,"MarkedMod:AcupunctureKit":23,"Replay:Ringing Soul":11,"Nunchaku":8,"Matryoshka":19,"testmod-ObsoleteBoomerang":0,"Iron Hammer":10,"Replay:Bottled Eggs":13,"testmod-TestBox":0,"Dodecahedron":23,"vexMod:ScavengeHelm":5,"Guide Book":19,"Damaru":4,"Thread and Needle":20,"BrkXgEgg":6,"vexMod:PaidLearning":23,"Frozen Egg 2":11,"REME_LimitBreaker":19,"Orichalcum":21,"War Paint":24,"MawBank":4,"Question Card":4,"Replay:Arrowhead":10,"Bottled Flame":13,"Replay:Baseball":19,"SynthV:TestCard":1,"testmod-AssaultLearning":21,"Technique":2,"REME_CardOfGreed":5,"Bottled Lightning":22,"PureWater":0,"Mirror":8,"ReplayTheSpireMod:Lightbulb":21,"REME_ComplimentaryCards":0},{"Lantern":14,"DaveBox":0,"Vajra":25,"Mango":5,"Blue Doll":6,"RhineSuit":15,"ExusiaiGun":0,"Boot":5,"MarkedMod:AcupunctureKit":25,"Replay:Ringing Soul":12,"Nunchaku":9,"Matryoshka":20,"testmod-ObsoleteBoomerang":0,"Iron Hammer":11,"Replay:Bottled Eggs":14,"testmod-TestBox":0,"Dodecahedron":25,"vexMod:ScavengeHelm":5,"Guide Book":20,"Damaru":4,"Thread and Needle":21,"BrkXgEgg":6,"vexMod:PaidLearning":25,"Frozen Egg 2":12,"REME_LimitBreaker":20,"Orichalcum":22,"War Paint":26,"MawBank":4,"Question Card":4,"Replay:Arrowhead":11,"Bottled Flame":14,"Replay:Baseball":20,"SynthV:TestCard":1,"testmod-AssaultLearning":22,"Technique":2,"REME_CardOfGreed":5,"Bottled Lightning":23,"PureWater":0,"Mirror":9,"ReplayTheSpireMod:Lightbulb":22,"REME_ComplimentaryCards":0}]},"card_choices":[{"not_picked":["Replay:ManipulateFuture","BowlingBash"],"picked":"MarkedMod:FirstStrike","floor":1},{"not_picked":["JustLucky","MarkedMod:Acupuncture","ClearTheMind","CrushJoints"],"picked":"PathToVictory","floor":2},{"not_picked":["CarveReality","Replay:Cycle","Wallop","Replay:ManipulateFuture"],"picked":"PathToVictory","floor":5},{"not_picked":["REME_MusicOfDeath","Replay:Anticipation","FollowUp","ClearTheMind","ThirdEye"],"picked":"SKIP","floor":7},{"not_picked":["Replay:Battleflow","SandsOfTime","Weave","CutThroughFate","EmptyFist"],"picked":"PathToVictory","floor":11},{"not_picked":["ForeignInfluence","SandsOfTime","Replay:Hum","Evaluate","BowlingBash","ThirdEye"],"picked":"SKIP","floor":14},{"not_picked":["SpiritShield+1","MarkedMod:NorthStar+1","Alpha+1","MostiFishMod:OutWit+1","Wish+1"],"picked":"Brilliance+1","floor":16},{"not_picked":["EmptyBody","Replay:ManipulateFuture","FlyingSleeves","EmptyFist","SashWhip"],"picked":"Crescendo+1","floor":18},{"not_picked":["Study","Replay:Anticipation","ThirdEye","SashWhip","MarkedMod:PinPointDefense+1","ClearTheMind+1"],"picked":"SKIP","floor":21},{"not_picked":["Protect","Wish+1","CrushJoints+1","JustLucky","MostiFishMod:FlowState"],"picked":"Pray+1","floor":22},{"not_picked":["Sanctity","Replay:Battleflow","Replay:AtTheReady","MarkedMod:FirstStrike+1","FlurryOfBlows"],"picked":"FollowUp+1","floor":24},{"not_picked":["ForeignInfluence+1","Worship","ThirdEye","MostiFishMod:Nomercy+1","CutThroughFate+1"],"picked":"Prostrate+1","floor":28},{"not_picked":["MarkedMod:OneThousandNeedles","MostiFishMod:Dust+1","CarveReality","REME_Repentance","Replay:Anticipation"],"picked":"Consecrate+1","floor":29},{"not_picked":["MostiFishMod:Dust+1","DevaForm+1","Ragnarok+1","MostiFishMod:Minus+1","Omniscience+1"],"picked":"MostiFishMod:KamiSmash+1","floor":33},{"not_picked":["Halt+1","ThirdEye","Wireheading+1","Adaptation+1","LikeWater+1"],"picked":"PathToVictory+1","floor":35},{"not_picked":["Replay:AtTheReady+1","ThirdEye+1","FlurryOfBlows","Consecrate+1","FollowUp+1"],"picked":"PathToVictory+1","floor":37},{"not_picked":["MostiFishMod:OutWit+1","Replay:Hum","Replay:BluntJabs+1","Evaluate","Replay:AtTheReady"],"picked":"MarkedMod:GentlePulse+1","floor":38},{"not_picked":["Evaluate","CutThroughFate","SignatureMove","DeceiveReality","Sanctity"],"picked":"MarkedMod:FirstStrike+1","floor":39},{"not_picked":["WindmillStrike","EmptyFist+1","Perseverance","Halt+1","EmptyBody+1"],"picked":"LessonLearned+1","floor":40},{"not_picked":["ReachHeaven+1","SashWhip","EmptyBody","Halt+1","Prostrate"],"picked":"ConjureBlade+1","floor":44},{"not_picked":["REME_Repentance+1","EmptyFist","FlyingSleeves","Replay:AtTheReady","MarkedMod:Acupuncture","JustLucky"],"picked":"SKIP","floor":45},{"not_picked":["Pray","BowlingBash","CrushJoints","JustLucky","FlurryOfBlows+1"],"picked":"ConjureBlade+1","floor":48},{"not_picked":["Replay:ManipulateFuture","Study+1","MostiFishMod:CyberBuddha+1","MostiFishMod:PathToVictory+1","Replay:Vibes"],"picked":"FollowUp+1","floor":54}],"player_experience":53716,"relics_obtained":[{"floor":1,"key":"SynthV:TestCard"},{"floor":7,"key":"MawBank"},{"floor":11,"key":"Mango"},{"floor":26,"key":"Replay:Ringing Soul"},{"floor":40,"key":"Matryoshka"},{"floor":43,"key":"Replay:Baseball"},{"floor":43,"key":"REME_LimitBreaker"},{"floor":44,"key":"Thread and Needle"},{"floor":54,"key":"War Paint"}],"event_choices":[{"damage_healed":0,"gold_gain":0,"player_choice":"Upgraded","damage_taken":0,"max_hp_gain":0,"max_hp_loss":0,"event_name":"Upgrade Shrine","floor":10,"gold_loss":0,"cards_upgraded":["MostiFishMod:KamiSmash"]},{"damage_healed":0,"gold_gain":0,"player_choice":"Ignored","damage_taken":0,"max_hp_gain":0,"max_hp_loss":0,"event_name":"Tomb of Lord Red Mask","floor":36,"gold_loss":0}],"is_beta":false,"boss_relics":[{"not_picked":["Replay:Grab Bag","Replay:Drink Me","TakeMeEscape"]},{"not_picked":["Runic Pyramid","Velvet Choker"],"picked":"RhineSuit"}],"items_purged_floors":[20,23,23,25,41,41,41,41,46],"is_endless":false,"potions_floor_spawned":[1,11,14,16,21,24,28,29,35,39,44,45,54],"ascension_level":1}}