{"host":"prbesmsd58qkujmx","time":1609751288,"event":{"mods":["2.2 Compatiblity","AchievementEnabler","BaseMod","Colored Map","DeckTracker","Highlight Path","Keyboard Shortcuts","Minty Spire (QoL Compilation)","Permanent Neow","Quick Restart","Random Character Button","StSLib","SuperFastMode","everything is the same but u backflip on backflip"],"gold_per_floor":[119,137,147,158,158,186,204,224,224,224,243,254,287,305,305,400,400,412,337,353,353,366,366,384,384,384,413,423,423,435,453,453,453,453],"floor_reached":33,"playtime":1896,"items_purged":["Defend_R"],"score":337,"play_id":"0be01569-a677-4316-bdd5-3c618783728d","local_time":"20210104180808","is_ascension_mode":false,"campfire_choices":[{"floor":15,"key":"REST"},{"data":"Pommel Strike","floor":23,"key":"SMITH"},{"floor":25,"key":"REST"},{"floor":32,"key":"REST"}],"circlet_count":0,"master_deck":["Strike_R","Strike_R","Strike_R","Strike_R+1","Strike_R","Defend_R","Defend_R","Defend_R","Bash","Clothesline","Sword Boomerang+1","Armaments","Heavy Blade","Perfected Strike","Immolate","Dual Wield","Wild Strike","Twin Strike","Pommel Strike+1","Demon Form","Shrug It Off","Sword Boomerang+1","Writhe","Whirlwind","Twin Strike+1","Disarm+1","Twin Strike","Pommel Strike+1","Perfected Strike+1","Reaper"],"relics":["Burning Blood","Regal Pillow","Darkstone Periapt","Bag of Marbles","Sozu","Potion Belt","PreservedInsect","Mango"],"acts_visited":["Exordium","TheCity"],"potions_floor_usage":[16,16,16,16],"damage_taken":[{"damage":7,"enemies":"2 Louse","floor":1,"turns":4},{"damage":3,"enemies":"Small Slimes","floor":2,"turns":3},{"damage":6,"enemies":"Jaw Worm","floor":3,"turns":4},{"damage":5,"enemies":"Looter","floor":4,"turns":4},{"damage":24,"enemies":"Gremlin Nob","floor":6,"turns":4},{"damage":6,"enemies":"Red Slaver","floor":7,"turns":3},{"damage":7,"enemies":"3 Louse","floor":8,"turns":2},{"damage":10,"enemies":"Looter","floor":11,"turns":2},{"damage":4,"enemies":"Blue Slaver","floor":12,"turns":3},{"damage":33,"enemies":"Lagavulin","floor":13,"turns":7},{"damage":0,"enemies":"2 Fungi Beasts","floor":14,"turns":1},{"damage":40,"enemies":"Hexaghost","floor":16,"turns":5},{"damage":20,"enemies":"Shell Parasite","floor":18,"turns":3},{"damage":27,"enemies":"2 Thieves","floor":20,"turns":3},{"damage":25,"enemies":"Cultist and Chosen","floor":22,"turns":5},{"damage":25,"enemies":"Snecko","floor":24,"turns":4},{"damage":12,"enemies":"Slavers","floor":27,"turns":2},{"damage":27,"enemies":"Shelled Parasite and Fungi","floor":28,"turns":5},{"damage":12,"enemies":"Centurion and Healer","floor":30,"turns":5},{"damage":12,"enemies":"Cultist and Chosen","floor":31,"turns":4},{"damage":99,"enemies":"Automaton","floor":33,"turns":6}],"seed_played":"-3936338807274423890","potions_obtained":[{"floor":3,"key":"DistilledChaos"},{"floor":4,"key":"Strength Potion"},{"floor":8,"key":"Strength Potion"},{"floor":11,"key":"LiquidMemories"},{"floor":16,"key":"Fruit Juice"}],"is_trial":false,"path_per_floor":["M","M","M","M","?","E","M","M","T","?","M","M","E","M","R","B",null,"M","$","M","?","M","R","M","R","T","E","M","?","M","M","R","B"],"character_chosen":"IRONCLAD","items_purchased":[],"campfire_rested":3,"item_purchase_floors":[],"current_hp_per_floor":[87,88,88,88,70,52,52,51,51,44,40,42,15,21,62,33,93,79,79,58,64,45,45,26,70,70,78,57,57,51,45,93,0,0],"gold":453,"neow_bonus":"TEN_PERCENT_HP_BONUS","is_daily":false,"chose_seed":false,"campfire_upgraded":1,"win_rate":0.0,"timestamp":1609751288,"path_taken":["M","M","M","M","?","E","M","M","T","?","M","M","E","M","R","BOSS","M","$","M","?","M","R","M","R","T","E","M","?","?","M","R","BOSS"],"items_purchased_type":[],"build_version":"2020-12-22","purchased_purges":1,"victory":false,"max_hp_per_floor":[88,88,88,88,88,88,88,88,88,88,88,88,88,88,88,93,93,93,93,93,99,99,99,99,99,99,113,113,113,113,113,113,113,113],"card_choices":[{"not_picked":["Sentinel","Thunderclap"],"picked":"Clothesline","floor":1},{"not_picked":["Anger","Wild Strike"],"picked":"Sword Boomerang","floor":2},{"not_picked":["Clothesline","Dropkick"],"picked":"Armaments","floor":3},{"not_picked":["Havoc","Iron Wave"],"picked":"Cleave","floor":4},{"not_picked":["Thunderclap","Combust"],"picked":"Heavy Blade","floor":6},{"not_picked":["Thunderclap","Clash"],"picked":"Perfected Strike","floor":7},{"not_picked":["Flex","Inflame"],"picked":"Immolate","floor":8},{"not_picked":["Armaments","Clothesline"],"picked":"Dual Wield","floor":11},{"not_picked":["Clash","Entrench"],"picked":"Wild Strike","floor":12},{"not_picked":["Hemokinesis","Metallicize"],"picked":"Twin Strike","floor":13},{"not_picked":["Carnage","True Grit"],"picked":"Pommel Strike","floor":14},{"not_picked":["Barricade","Feed"],"picked":"Demon Form","floor":16},{"not_picked":["Pommel Strike","Perfected Strike"],"picked":"Shrug It Off","floor":18},{"not_picked":["Iron Wave","Sever Soul"],"picked":"Sword Boomerang+1","floor":20},{"not_picked":["Heavy Blade","Shrug It Off"],"picked":"Whirlwind","floor":22},{"not_picked":["Battle Trance","Havoc"],"picked":"Twin Strike+1","floor":24},{"not_picked":["Intimidate","Rupture"],"picked":"Disarm+1","floor":27},{"not_picked":["Armaments","Metallicize"],"picked":"Twin Strike","floor":28},{"not_picked":["Burning Pact","Shrug It Off"],"picked":"Perfected Strike+1","floor":30},{"not_picked":["Power Through","Shrug It Off"],"picked":"Reaper","floor":31}],"player_experience":93455,"relics_obtained":[{"floor":6,"key":"Regal Pillow"},{"floor":9,"key":"Darkstone Periapt"},{"floor":13,"key":"Bag of Marbles"},{"floor":26,"key":"PreservedInsect"},{"floor":27,"key":"Mango"}],"event_choices":[{"damage_healed":0,"gold_gain":0,"player_choice":"Entered Light","damage_taken":18,"max_hp_gain":0,"max_hp_loss":0,"event_name":"Shining Light","floor":5,"gold_loss":0,"cards_upgraded":["Strike_R","Sword Boomerang"]},{"cards_removed":["Cleave"],"damage_healed":0,"gold_gain":0,"player_choice":"Card Removal","damage_taken":7,"max_hp_gain":0,"max_hp_loss":0,"event_name":"Golden Wing","floor":10,"gold_loss":0},{"damage_healed":0,"gold_gain":0,"player_choice":"Opened","damage_taken":0,"relics_obtained":["Potion Belt"],"max_hp_gain":0,"max_hp_loss":0,"event_name":"The Mausoleum","floor":21,"gold_loss":0,"cards_obtained":["Writhe"]},{"damage_healed":0,"gold_gain":0,"player_choice":"Copied","damage_taken":0,"max_hp_gain":0,"max_hp_loss":0,"event_name":"Duplicator","floor":29,"gold_loss":0,"cards_obtained":["Pommel Strike"]}],"is_beta":false,"boss_relics":[{"not_picked":["Ectoplasm","Busted Crown"],"picked":"Sozu"}],"items_purged_floors":[19],"is_endless":false,"potions_floor_spawned":[3,4,8,11,13,14,16,24,27,28,30],"killed_by":"Automaton","ascension_level":0}}