{"host":"my77oq6kb6j47rwl","time":1609725917,"event":{"mods":["BaseMod","Better Third Choice","Curses Come First","Displayed Cursed Tome","Emptier Cage","Hermit","Ironclad Rager","Minty Spire (QoL Compilation)","Quick Restart","Rare Cards Sparkle","StSLib"],"gold_per_floor":[116,131,150,164,132,132,150,182,182,182,198,198,198,373,373,469,469,484,501,426,426,326,360,389,409,409,409,409],"floor_reached":27,"playtime":3916,"items_purged":["hermit:Strike_Hermit","hermit:Defend_Hermit"],"score":233,"play_id":"00b5b842-e323-40da-bc92-ffef81310774","local_time":"20210103210517","is_ascension_mode":false,"campfire_choices":[{"data":"Chrysalis","floor":6,"key":"SMITH"},{"data":"hermit:Dive","floor":10,"key":"SMITH"},{"data":"hermit:GhostlyPresence","floor":13,"key":"SMITH"},{"data":"hermit:Snapshot","floor":15,"key":"SMITH"}],"circlet_count":0,"master_deck":["hermit:Strike_Hermit","hermit:Defend_Hermit","hermit:Defend_Hermit","hermit:Defend_Hermit","hermit:Snapshot+1","hermit:Covet","Chrysalis+1","hermit:Dive+1","hermit:Deadeye","hermit:Quickdraw","hermit:Enervate","hermit:GhostlyPresence+1","Doubt","hermit:Reprieve","hermit:Dive","hermit:SprayPray+1","hermit:Deadeye","hermit:ShadowCloak","hermit:Headshot","hermit:GoldenBullet+1","hermit:Misfire","Injury"],"relics":["hermit:Momento","betterThird:SlimedRelic","Juzu Bracelet","Letter Opener","Cursed Key","Nunchaku","Red Mask","Ornamental Fan"],"acts_visited":["Exordium","TheCity"],"potions_floor_usage":[8,16,23,24,25,25,27],"damage_taken":[{"damage":7,"enemies":"Cultist","floor":1,"turns":5},{"damage":0,"enemies":"Jaw Worm","floor":2,"turns":4},{"damage":11,"enemies":"Small Slimes","floor":3,"turns":4},{"damage":7,"enemies":"3 Louse","floor":4,"turns":7},{"damage":4,"enemies":"Blue Slaver","floor":7,"turns":4},{"damage":6,"enemies":"3 Sentries","floor":8,"turns":9},{"damage":2,"enemies":"Looter","floor":11,"turns":3},{"damage":21,"enemies":"Hexaghost","floor":16,"turns":13},{"damage":2,"enemies":"Spheric Guardian","floor":18,"turns":4},{"damage":11,"enemies":"Shell Parasite","floor":19,"turns":10},{"damage":28,"enemies":"Slavers","floor":23,"turns":4},{"damage":19,"enemies":"Masked Bandits","floor":24,"turns":8},{"damage":24,"enemies":"Cultist and Chosen","floor":25,"turns":10},{"damage":27,"enemies":"Gremlin Leader","floor":27,"turns":9}],"seed_played":"6686156105328119985","potions_obtained":[{"floor":1,"key":"hermit:Tonic"},{"floor":4,"key":"PowerPotion"},{"floor":7,"key":"Weak Potion"},{"floor":8,"key":"LiquidMemories"},{"floor":19,"key":"AttackPotion"},{"floor":24,"key":"SteroidPotion"},{"floor":25,"key":"Explosive Potion"}],"is_trial":false,"path_per_floor":["M","M","M","M","?","R","M","E","T","R","M","?","R","?","R","B",null,"M","M","$","?","$","E","?","M","T","E"],"character_chosen":"HERMIT","items_purchased":[],"campfire_rested":0,"item_purchase_floors":[],"current_hp_per_floor":[61,61,50,43,32,32,28,22,22,22,20,68,68,68,68,47,68,68,61,61,61,61,37,26,6,6,0,0],"gold":409,"neow_bonus":"RANDOM_COLORLESS_2","is_daily":false,"chose_seed":false,"campfire_upgraded":4,"win_rate":0.0,"timestamp":1609725917,"path_taken":["M","M","M","M","?","R","M","E","T","R","M","?","R","?","R","BOSS","M","M","$","?","$","E","?","M","T","E"],"items_purchased_type":[],"build_version":"2020-12-22","purchased_purges":2,"victory":false,"max_hp_per_floor":[68,68,68,68,68,68,68,68,68,68,68,68,68,68,68,68,68,68,68,68,68,68,68,68,68,68,68,68],"card_choices":[{"not_picked":["Thinking Ahead","Master of Strategy"],"picked":"Chrysalis","floor":0},{"not_picked":["hermit:Glare","hermit:FlashPowder"],"picked":"hermit:Dive","floor":1},{"not_picked":["hermit:Coalescence","hermit:LowProfile","hermit:CalledShot"],"picked":"SKIP","floor":2},{"not_picked":["hermit:Enervate","hermit:ItchyTrigger"],"picked":"hermit:Deadeye","floor":3},{"not_picked":["hermit:Cheat","hermit:Headshot"],"picked":"hermit:Quickdraw","floor":4},{"not_picked":["hermit:Headshot","hermit:TakeAim"],"picked":"hermit:Enervate","floor":7},{"not_picked":["hermit:FlashPowder","hermit:Dive"],"picked":"hermit:GhostlyPresence","floor":8},{"not_picked":["hermit:Midnight","hermit:Horror"],"picked":"hermit:ShadowCloak","floor":11},{"not_picked":["hermit:HighNoon","hermit:Dissolve"],"picked":"hermit:Reprieve","floor":16},{"not_picked":["hermit:BodyArmor","hermit:HighCaliber"],"picked":"hermit:Dive","floor":18},{"not_picked":["hermit:ItchyTrigger","hermit:HoleUp"],"picked":"hermit:SprayPray+1","floor":19},{"not_picked":["hermit:OverwhelmingPower","hermit:Cheat"],"picked":"hermit:Headshot","floor":23},{"not_picked":["hermit:GhostlyPresence","hermit:Horror"],"picked":"hermit:GoldenBullet+1","floor":24},{"not_picked":["hermit:SprayPray","hermit:Glare+1"],"picked":"hermit:Misfire","floor":25}],"player_experience":1057896,"relics_obtained":[{"floor":8,"key":"Juzu Bracelet"},{"floor":9,"key":"Letter Opener"},{"floor":23,"key":"Nunchaku"},{"floor":24,"key":"Red Mask"},{"floor":26,"key":"Ornamental Fan"}],"event_choices":[{"damage_healed":0,"gold_gain":0,"player_choice":"Slimed","damage_taken":11,"max_hp_gain":0,"max_hp_loss":0,"event_name":"betterThird:BetterGoop","floor":5,"gold_loss":32},{"cards_removed":["hermit:ShadowCloak"],"damage_healed":48,"gold_gain":0,"player_choice":"Offered Uncommon","damage_taken":0,"max_hp_gain":0,"max_hp_loss":0,"event_name":"Bonfire Elementals","floor":12,"gold_loss":0},{"damage_healed":0,"gold_gain":175,"player_choice":"AGREE","damage_taken":198,"max_hp_gain":0,"max_hp_loss":0,"event_name":"betterThird:BetterSerpent","floor":14,"gold_loss":0},{"damage_healed":0,"gold_gain":0,"cards_transformed":["hermit:Strike_Hermit","hermit:Strike_Hermit"],"player_choice":"Became Test Subject","damage_taken":0,"max_hp_gain":0,"max_hp_loss":0,"event_name":"Drug Dealer","floor":21,"gold_loss":0,"cards_obtained":["hermit:Deadeye","hermit:ShadowCloak"]},{"damage_healed":0,"gold_gain":0,"player_choice":"Fought Bandits","damage_taken":0,"max_hp_gain":0,"max_hp_loss":0,"event_name":"Masked Bandits","floor":24,"gold_loss":0}],"is_beta":false,"boss_relics":[{"not_picked":["Empty Cage","hermit:BartenderGlass"],"picked":"Cursed Key"}],"items_purged_floors":[20,22],"is_endless":false,"potions_floor_spawned":[1,4,7,8,19,24,25],"killed_by":"Gremlin Leader","ascension_level":0}}