{"host":"mydft8i2zzydgggw","time":1609781462,"event":{"mods":["AchievementEnabler","BaseMod","Colored Map","Colored Powertips","Keyboard Shortcuts","Minty Spire (QoL Compilation)","Quick Restart","StSLib","SuperFastMode","The Poker Player"],"gold_per_floor":[110,110,130,130,130,170,185,218,218,231,231,293,311,329,329,458,458,483,483,483,483,232,232,232,232,232,87,130,165,209,229,229,352,352,377,377,599,612,637,676,700,743,743,154,154,104,104,124,124,124],"floor_reached":51,"playtime":1789,"items_purged":["Flying Knee+1","Prepared"],"score":862,"play_id":"cc5eb29f-eb0c-42d4-9b0b-426a960a9eff","local_time":"20210105023102","is_ascension_mode":true,"campfire_choices":[{"floor":11,"key":"REST"},{"floor":15,"key":"REST"},{"data":"Night Terror","floor":23,"key":"SMITH"},{"floor":25,"key":"RECALL"},{"data":"Backstab","floor":32,"key":"SMITH"},{"data":"Acrobatics","floor":47,"key":"SMITH"},{"data":"Bite","floor":49,"key":"SMITH"}],"circlet_count":0,"master_deck":["Defend_G","Defend_G","Survivor+1","Neutralize","All Out Attack","Backstab+1","Acrobatics+1","Quick Slash","A Thousand Cuts+1","Night Terror+1","Bite+1","Bite","Bite","Bite","Bite","Phantasmal Killer+1","Expertise+1","Deadly Poison+1","Madness+1","Madness+1","Parasite","Accuracy+1","Infinite Blades+1","Secret Technique+1"],"relics":["Ring of the Snake","NeowsBlessing","Golden Idol","Smiling Mask","Pocketwatch","Frozen Egg 2","Busted Crown","Incense Burner","Nilry\u0027s Codex","Lantern","Tough Bandages","Singing Bowl","Anchor","Toxic Egg 2","Red Mask","Torii","Astrolabe","Sundial","Mummified Hand","InkBottle","Gambling Chip","Vajra"],"acts_visited":["Exordium","TheCity","TheBeyond"],"potions_floor_usage":[8,8,8,10,13,16,16,30,33,40,50],"damage_taken":[{"damage":0,"enemies":"Jaw Worm","floor":1,"turns":1},{"damage":0,"enemies":"2 Louse","floor":3,"turns":1},{"damage":0,"enemies":"Gremlin Nob","floor":6,"turns":1},{"damage":0,"enemies":"Small Slimes","floor":7,"turns":4},{"damage":26,"enemies":"Lagavulin","floor":8,"turns":8},{"damage":1,"enemies":"Looter","floor":10,"turns":3},{"damage":2,"enemies":"Large Slime","floor":13,"turns":6},{"damage":6,"enemies":"Exordium Thugs","floor":14,"turns":5},{"damage":29,"enemies":"Hexaghost","floor":16,"turns":10},{"damage":15,"enemies":"Chosen","floor":18,"turns":5},{"damage":17,"enemies":"Gremlin Leader","floor":28,"turns":5},{"damage":3,"enemies":"Masked Bandits","floor":29,"turns":3},{"damage":15,"enemies":"Book of Stabbing","floor":30,"turns":5},{"damage":5,"enemies":"3 Byrds","floor":31,"turns":4},{"damage":56,"enemies":"Automaton","floor":33,"turns":9},{"damage":29,"enemies":"Orb Walker","floor":35,"turns":4},{"damage":22,"enemies":"3 Darklings","floor":38,"turns":5},{"damage":19,"enemies":"Writhing Mass","floor":39,"turns":4},{"damage":27,"enemies":"Reptomancer","floor":40,"turns":4},{"damage":19,"enemies":"Maw","floor":41,"turns":7},{"damage":10,"enemies":"Nemesis","floor":42,"turns":7},{"damage":16,"enemies":"Spire Growth","floor":48,"turns":3},{"damage":94,"enemies":"Time Eater","floor":50,"turns":10}],"seed_played":"9077522267224883690","potions_obtained":[{"floor":1,"key":"AttackPotion"},{"floor":3,"key":"EntropicBrew"},{"floor":8,"key":"EssenceOfSteel"},{"floor":10,"key":"Energy Potion"},{"floor":13,"key":"GhostInAJar"},{"floor":28,"key":"DuplicationPotion"},{"floor":33,"key":"CultistPotion"},{"floor":41,"key":"BlessingOfTheForge"},{"floor":48,"key":"FairyPotion"}],"is_trial":false,"path_per_floor":["M","?","M","?","$","E","M","E","T","M","R","?","M","M","R","B",null,"M","?","?","?","$","R","T","R","T","$","E","?","E","M","R","B",null,"M","?","?","M","M","E","M","E","T","$","?","$","R","M","R","B",null],"character_chosen":"THE_SILENT","items_purchased":["Lantern","FairyPotion","Anchor","Infinite Blades+1","Gambling Chip","Vajra"],"campfire_rested":2,"item_purchase_floors":[22,22,27,44,44,44],"current_hp_per_floor":[70,53,53,39,39,39,39,13,13,12,33,33,31,25,46,17,70,55,55,39,39,39,39,39,39,39,39,40,45,48,56,56,17,57,32,25,25,19,12,30,53,57,57,57,57,57,57,49,49,5],"gold":124,"neow_bonus":"THREE_ENEMY_KILL","is_daily":false,"chose_seed":false,"campfire_upgraded":4,"win_rate":0.0,"timestamp":1609781462,"path_taken":["M","?","M","?","$","E","M","E","T","M","R","?","M","M","R","BOSS","M","?","?","?","$","R","?","R","T","$","E","?","E","M","R","BOSS","M","?","?","M","M","E","?","E","T","$","?","$","R","M","R","BOSS"],"items_purchased_type":["Relic","Potion","Relic","Card","Relic","Relic"],"build_version":"2020-12-22","purchased_purges":2,"victory":true,"max_hp_per_floor":[70,70,70,70,70,70,70,70,70,70,70,70,70,70,70,70,70,70,70,70,49,49,49,49,49,49,49,51,53,55,57,57,57,57,59,59,59,61,63,65,67,67,67,67,67,67,67,69,69,69],"card_choices":[{"not_picked":["Bane","Distraction"],"picked":"All Out Attack","floor":1},{"not_picked":["PiercingWail","Sucker Punch","Slice"],"picked":"SKIP","floor":3},{"not_picked":["Slice","Choke","Well Laid Plans"],"picked":"SKIP","floor":6},{"not_picked":["Well Laid Plans","Glass Knife"],"picked":"Prepared","floor":7},{"not_picked":["Skewer","Dodge and Roll"],"picked":"Backstab","floor":8},{"not_picked":["Outmaneuver","Dodge and Roll"],"picked":"Acrobatics","floor":10},{"not_picked":["Acrobatics","Dagger Spray"],"picked":"Quick Slash","floor":13},{"not_picked":["Bane","Dodge and Roll"],"picked":"A Thousand Cuts+1","floor":14},{"not_picked":["Wraith Form v2+1","Venomology"],"picked":"Night Terror","floor":16},{"not_picked":["Bane+1"],"picked":"SKIP","floor":18},{"not_picked":["Slice"],"picked":"Singing Bowl","floor":28},{"not_picked":["Underhanded Strike"],"picked":"Singing Bowl","floor":29},{"not_picked":["Poisoned Stab"],"picked":"Singing Bowl","floor":30},{"not_picked":["Escape Plan+1"],"picked":"Singing Bowl","floor":31},{"not_picked":[],"picked":"Phantasmal Killer+1","floor":33},{"not_picked":["Dagger Throw+1"],"picked":"Singing Bowl","floor":35},{"not_picked":["Deadly Poison+1"],"picked":"Singing Bowl","floor":38},{"not_picked":["Slice+1"],"picked":"Singing Bowl","floor":39},{"not_picked":["Quick Slash+1"],"picked":"Singing Bowl","floor":40},{"not_picked":["Deadly Poison+1"],"picked":"Singing Bowl","floor":41},{"not_picked":[],"picked":"Accuracy+1","floor":42},{"not_picked":[],"picked":"Secret Technique+1","floor":45},{"not_picked":["Sucker Punch+1"],"picked":"Singing Bowl","floor":48}],"player_experience":95851,"relics_obtained":[{"floor":6,"key":"Smiling Mask"},{"floor":8,"key":"Pocketwatch"},{"floor":9,"key":"Frozen Egg 2"},{"floor":20,"key":"Nilry\u0027s Codex"},{"floor":24,"key":"Tough Bandages"},{"floor":26,"key":"Singing Bowl"},{"floor":28,"key":"Toxic Egg 2"},{"floor":29,"key":"Red Mask"},{"floor":30,"key":"Torii"},{"floor":40,"key":"Sundial"},{"floor":42,"key":"Mummified Hand"},{"floor":43,"key":"InkBottle"}],"event_choices":[{"damage_healed":0,"gold_gain":0,"player_choice":"Take Damage","damage_taken":17,"relics_obtained":["Golden Idol"],"max_hp_gain":0,"max_hp_loss":0,"event_name":"Golden Idol","floor":2,"gold_loss":0},{"damage_healed":0,"gold_gain":0,"player_choice":"Entered Light","damage_taken":14,"max_hp_gain":0,"max_hp_loss":0,"event_name":"Shining Light","floor":4,"gold_loss":0,"cards_upgraded":["Survivor","Strike_G"]},{"damage_healed":0,"gold_gain":62,"player_choice":"Gained Gold","damage_taken":0,"max_hp_gain":0,"max_hp_loss":0,"event_name":"Golden Wing","floor":12,"gold_loss":0},{"damage_healed":0,"gold_gain":0,"player_choice":"Opened","damage_taken":0,"relics_obtained":["Incense Burner"],"max_hp_gain":0,"max_hp_loss":0,"event_name":"The Mausoleum","floor":19,"gold_loss":0},{"damage_healed":0,"gold_gain":0,"player_choice":"Obtained Book","damage_taken":16,"max_hp_gain":0,"max_hp_loss":0,"event_name":"Cursed Tome","floor":20,"gold_loss":0},{"damage_healed":0,"gold_gain":0,"player_choice":"Became a vampire","damage_taken":0,"max_hp_gain":0,"max_hp_loss":21,"event_name":"Vampires","floor":21,"gold_loss":0,"cards_obtained":["Bite","Bite","Bite","Bite","Bite"]},{"damage_healed":0,"gold_gain":0,"player_choice":"Fought Bandits","damage_taken":0,"max_hp_gain":0,"max_hp_loss":0,"event_name":"Masked Bandits","floor":29,"gold_loss":0},{"damage_healed":0,"gold_gain":0,"player_choice":"Embrace Madness","damage_taken":7,"max_hp_gain":0,"max_hp_loss":0,"event_name":"Winding Halls","floor":36,"gold_loss":0,"cards_obtained":["Madness","Madness"]},{"damage_healed":0,"gold_gain":222,"player_choice":"Wore Mask","damage_taken":0,"max_hp_gain":0,"max_hp_loss":0,"event_name":"Tomb of Lord Red Mask","floor":37,"gold_loss":0},{"damage_healed":0,"gold_gain":0,"player_choice":"Memory 1","damage_taken":0,"max_hp_gain":0,"max_hp_loss":0,"event_name":"SensoryStone","floor":45,"gold_loss":0}],"is_beta":false,"boss_relics":[{"not_picked":["Cursed Key","Fusion Hammer"],"picked":"Busted Crown"},{"not_picked":["Empty Cage","Black Star"],"picked":"Astrolabe"}],"items_purged_floors":[44,46],"is_endless":false,"potions_floor_spawned":[1,3,8,10,13,28,33,41,48],"ascension_level":1}}