{"host":"9d9dhukr2jywmy0f","time":1609775429,"event":{"mods":["2.2 Compatiblity","Alarm Clock","BaseMod","Bestiary","Block Reminder","Colored Map","Colored Powertips","Curses Come First","DeckTracker","Highlight Path","Infinite Spire","Key Reminder","Keyboard Shortcuts","Minty Spire (QoL Compilation)","MonsterHotkey","Quick Restart","Rare Cards Sparkle","Relic Sorter","Relic Stats","Spire Birthday Party","StSLib","SuperFastMode","Synergy Search","Unceasing Turn Reminder","Unknown Chances"],"gold_per_floor":[117,42,16,16,16,43,43,43,93,127,127,142,156,188,188,266,266,280,280,290,215,485,485,97,109,109,109,109,134,144,174,174,249,249,272,272,272,290,312,316,316],"floor_reached":40,"playtime":1719,"items_purged":["Strike_R","Bash"],"score":1030,"play_id":"33c10712-b006-4e3b-b330-2b6f3caf8567","local_time":"20210104235029","is_ascension_mode":true,"campfire_choices":[{"data":"Armaments","floor":7.0,"key":"SMITH"},{"data":"Fire Breathing","floor":11.0,"key":"SMITH"},{"floor":15.0,"key":"RECALL"},{"floor":23.0,"key":"REST"},{"data":"Disarm","floor":32.0,"key":"SMITH"}],"circlet_count":0,"master_deck":["AscendersBane","Strike_R+1","Defend_R","Defend_R","Defend_R","Defend_R","Armaments+1","Fire Breathing+1","Feel No Pain+1","Body Slam","Body Slam","Havoc","Impervious","Disarm+1","True Grit","infinitespire:NeuralNetwork+1","Feel No Pain+1","Power Through","Evolve+1","True Grit+1"],"relics":["Black Blood","NeowsBlessing","Whetstone","Frozen Egg 2","infinitespire:EmpoweringShard","infinitespire:BottledMercury","StrikeDummy","infinitespire:Midas Blood","White Beast Statue","Philosopher\u0027s Stone","Toxic Egg 2","infinitespire:Bottled Soul"],"acts_visited":["Exordium","TheCity","TheBeyond"],"potions_floor_usage":[40],"damage_taken":[{"damage":0.0,"enemies":"2 Louse","floor":1.0,"turns":2.0},{"damage":0.0,"enemies":"Lagavulin","floor":6.0,"turns":1.0},{"damage":0.0,"enemies":"Gremlin Nob","floor":10.0,"turns":1.0},{"damage":5.0,"enemies":"Small Slimes","floor":12.0,"turns":4.0},{"damage":4.0,"enemies":"Jaw Worm","floor":13.0,"turns":4.0},{"damage":19.0,"enemies":"Lagavulin","floor":14.0,"turns":10.0},{"damage":31.0,"enemies":"Hexaghost","floor":16.0,"turns":7.0},{"damage":27.0,"enemies":"Shell Parasite","floor":18.0,"turns":10.0},{"damage":21.0,"enemies":"3 Byrds","floor":20.0,"turns":8.0},{"damage":9.0,"enemies":"Centurion and Healer","floor":25.0,"turns":8.0},{"damage":0.0,"enemies":"Gremlin Leader","floor":29.0,"turns":7.0},{"damage":0.0,"enemies":"Cultist and Chosen","floor":30.0,"turns":5.0},{"damage":4.0,"enemies":"Book of Stabbing","floor":31.0,"turns":9.0},{"damage":14.0,"enemies":"Champ","floor":33.0,"turns":9.0},{"damage":45.0,"enemies":"3 Darklings","floor":35.0,"turns":6.0},{"damage":0.0,"enemies":"Orb Walker","floor":38.0,"turns":4.0},{"damage":14.0,"enemies":"Transient","floor":39.0,"turns":6.0},{"damage":20,"enemies":"Reptomancer","floor":40,"turns":2}],"seed_played":"5139949635230528964","potions_obtained":[{"floor":12.0,"key":"PowerPotion"},{"floor":13.0,"key":"SteroidPotion"},{"floor":14.0,"key":"Weak Potion"},{"floor":20.0,"key":"Fire Potion"},{"floor":25.0,"key":"DistilledChaos"},{"floor":33.0,"key":"EssenceOfSteel"},{"floor":35.0,"key":"Swift Potion"},{"floor":38.0,"key":"LiquidMemories"},{"floor":39.0,"key":"BlessingOfTheForge"}],"is_trial":false,"path_per_floor":["M","?","$","?","?","E","R","?","T","E","R","M","M","E","R","B",null,"M","?","M","$","?","R","$","M","T","AVR","$","E","M","E","R","B",null,"M","?","AVR","M","M","E"],"character_chosen":"IRONCLAD","items_purchased":["Armaments","infinitespire:BottledMercury"],"campfire_rested":1,"item_purchase_floors":[3,24],"current_hp_per_floor":[74,74,74,74,67,73,73,73,73,75,75,75,75,62,62,37,66,51,51,42,42,15,37,37,40,40,40,40,52,64,72,72,70,74,41,41,41,53,51,31,31],"gold":316,"neow_bonus":"THREE_ENEMY_KILL","is_daily":false,"chose_seed":false,"campfire_upgraded":3,"win_rate":0.0,"timestamp":1609775429,"path_taken":["M","?","$","?","?","E","R","?","T","E","R","?","M","E","R","BOSS","M","?","M","$","?","R","$","?","T","AVR","?","E","M","E","R","BOSS","M","?","AVR","M","M","E"],"items_purchased_type":["Card","Relic"],"build_version":"2020-11-30","purchased_purges":2,"victory":false,"max_hp_per_floor":[75,75,75,75,75,75,75,75,75,75,75,75,75,75,75,75,75,75,75,75,75,75,75,75,75,75,75,75,75,75,75,75,75,75,75,75,75,75,75,75,75],"relic_stats":{"counters":[18,103],"Black Blood":155,"Whetstone":["Rampage","Strike_R"],"obtain_stats":[{"infinitespire:BottledMercury":24,"NeowsBlessing":0,"Black Blood":17,"Whetstone":6,"Frozen Egg 2":10,"Burning Blood":0,"White Beast Statue":31,"keyreminder:keyreminder":9,"infinitespire:Bottled Soul":37,"Philosopher\u0027s Stone":34,"infinitespire:EmpoweringShard":14,"Toxic Egg 2":36,"StrikeDummy":26,"infinitespire:Midas Blood":29},{"infinitespire:BottledMercury":9,"NeowsBlessing":0,"Black Blood":7,"Whetstone":2,"Frozen Egg 2":3,"Burning Blood":0,"White Beast Statue":13,"keyreminder:keyreminder":2,"infinitespire:Bottled Soul":15,"Philosopher\u0027s Stone":14,"infinitespire:EmpoweringShard":6,"Toxic Egg 2":15,"StrikeDummy":10,"infinitespire:Midas Blood":11},{"infinitespire:BottledMercury":47,"NeowsBlessing":0,"Black Blood":29,"Whetstone":3,"Frozen Egg 2":4,"Burning Blood":0,"White Beast Statue":76,"keyreminder:keyreminder":3,"infinitespire:Bottled Soul":91,"Philosopher\u0027s Stone":85,"infinitespire:EmpoweringShard":22,"Toxic Egg 2":91,"StrikeDummy":55,"infinitespire:Midas Blood":62}]},"card_choices":[{"not_picked":["True Grit","Flex"],"picked":"Rampage","floor":1.0},{"not_picked":["Iron Wave","Warcry"],"picked":"Fire Breathing","floor":6.0},{"not_picked":["Sword Boomerang","Rage"],"picked":"Feel No Pain+1","floor":10.0},{"not_picked":["Pommel Strike","Rage"],"picked":"Body Slam","floor":12.0},{"not_picked":["Heavy Blade","Perfected Strike"],"picked":"Body Slam","floor":13.0},{"not_picked":["Anger","Armaments"],"picked":"Havoc","floor":14.0},{"not_picked":["Immolate","Limit Break"],"picked":"Impervious","floor":16.0},{"not_picked":["Anger","infinitespire:OneForAll"],"picked":"Disarm","floor":18.0},{"not_picked":["Burning Pact","Cleave"],"picked":"True Grit","floor":20.0},{"not_picked":["Inflame+1","Sword Boomerang","Iron Wave"],"picked":"SKIP","floor":25.0},{"not_picked":["Perfected Strike","Intimidate"],"picked":"Feel No Pain+1","floor":29.0},{"not_picked":["Sword Boomerang","Carnage"],"picked":"Power Through","floor":30.0},{"not_picked":["Rampage","Shrug It Off"],"picked":"Evolve+1","floor":31.0},{"not_picked":["Headbutt","Pommel Strike","Combust+1"],"picked":"SKIP","floor":35.0},{"not_picked":["Iron Wave","Body Slam+1","Combust+1"],"picked":"SKIP","floor":38.0},{"not_picked":["Iron Wave","Body Slam+1","Combust+1"],"picked":"SKIP","floor":38.0},{"not_picked":["Iron Wave","Body Slam+1","Combust+1"],"picked":"SKIP","floor":38.0},{"not_picked":["Iron Wave","Body Slam+1","Combust+1"],"picked":"SKIP","floor":38.0},{"not_picked":["Rage+1","Inflame+1"],"picked":"True Grit+1","floor":39.0}],"player_experience":770983,"relics_obtained":[{"floor":6.0,"key":"Whetstone"},{"floor":10.0,"key":"Frozen Egg 2"},{"floor":14.0,"key":"infinitespire:EmpoweringShard"},{"floor":26.0,"key":"StrikeDummy"},{"floor":29.0,"key":"infinitespire:Midas Blood"},{"floor":31.0,"key":"White Beast Statue"}],"event_choices":[{"cards_removed":["Strike_R"],"damage_healed":0.0,"max_hp_gain":0.0,"max_hp_loss":0.0,"gold_gain":0.0,"event_name":"The Cleric","player_choice":"Card Removal","floor":2.0,"gold_loss":75.0,"damage_taken":0.0},{"cards_removed":["Strike_R"],"damage_healed":0.0,"max_hp_gain":0.0,"max_hp_loss":0.0,"gold_gain":0.0,"event_name":"Golden Wing","player_choice":"Card Removal","floor":5.0,"gold_loss":0.0,"damage_taken":7.0},{"damage_healed":0.0,"max_hp_gain":0.0,"max_hp_loss":0.0,"gold_gain":0.0,"event_name":"The Mausoleum","player_choice":"Ignored","floor":19.0,"gold_loss":0.0,"damage_taken":0.0},{"damage_healed":0.0,"max_hp_gain":0.0,"max_hp_loss":0.0,"gold_gain":270.0,"event_name":"Knowing Skull","player_choice":"GOLD GOLD GOLD ","floor":22.0,"potions_obtained":[],"gold_loss":0.0,"damage_taken":27.0,"cards_obtained":[]},{"cards_removed":["Rampage"],"damage_healed":0.0,"max_hp_gain":0.0,"max_hp_loss":0.0,"gold_gain":0.0,"event_name":"WeMeetAgain","player_choice":"Gave Card","floor":36.0,"gold_loss":0.0,"damage_taken":0.0,"relics_obtained":["Toxic Egg 2"]}],"is_beta":false,"boss_relics":[{"not_picked":["Tiny House","infinitespire:Cupcake"],"picked":"Black Blood"},{"not_picked":["Runic Dome","Black Star"],"picked":"Philosopher\u0027s Stone"}],"items_purged_floors":[21,24],"is_endless":false,"potions_floor_spawned":[12,13,14,20,25,33,35,38,39],"killed_by":"Reptomancer","ascension_level":20}}