{"host":"lvo3mx5xoqblab8l","time":1609789858,"event":{"mods":["AchievementEnabler","Aspiration","Bard","BaseMod","Beaked The Cultist","Better Altar","Better Match","Better Note","Better Sensory Stone","Better Skull","Better Third Choice","BetterRewards","CCEM","Clawfect","Colored Map","Conspire","Downfall","GifTheSpireLib","Googly Eyes","Halation","Hermit","Highlight Path","Hubris","Hunter ??","Infinite Spire","Jedi Mod","Jorbs\u0027s Wanderer Trilogy","Mad Scientist","Marisa????????","Mimic Mod","Minty Spire (QoL Compilation)","Permanent Neow","Replay The Spire","Shade Mod","Shop Mod","Spicy Shops","StSLib","Stuff the Spire","The Administrix","The Blackbeard","The Bug Knight","The Construct","The Cursed","The Disciple","The Gatherer","The Hierophant","The IronCluck","The Jungle","The Mystic","The Necromancer","The Problem Sleuth","The Runesmith","The Servant 0.9.4","The Spell Scribe","The Witch","Unceasing Turn Reminder","[IsaacMod]????","everything is the same but u backflip on backflip","slay the spire mod where everything is the same but ironclad has a cowboy hat"],"gold_per_floor":[99,119,134,144,79,107,107,38,69,69,85,10,10,10,26,131,131,56,70,70,81,98,123,123,144,129,154,190,190,190,30,43,138,138,138,163,176,176,176,197,197,210,229,229,241,273,198,198,219,219,219,219],"floor_reached":50,"playtime":6305,"items_purged":[],"score":601,"play_id":"74610930-885a-46cb-a0bd-34a272562a32","local_time":"20210104165058","is_ascension_mode":false,"campfire_choices":[{"floor":1.0,"key":"RECALL"},{"data":"hexamod:BurningTouch","floor":12.0,"key":"SMITH"},{"data":"hexamod:TimeOfNeed","floor":18.0,"key":"SMITH"},{"data":"hexamod:ChargedBarrage","floor":30.0,"key":"SMITH"},{"floor":35,"key":"DIG"},{"floor":47,"key":"REST"}],"circlet_count":0,"master_deck":["hexamod:Strike","hexamod:Strike","hexamod:Strike","hexamod:Strike","hexamod:Defend","hexamod:Defend","hexamod:Defend","hexamod:Defend","hexamod:Sear","hexamod:Float","hexamod:EmpoweringStance","hexamod:ChargedBarrage+1","hexamod:DynamicBlow","hexamod:BurningTouch+1","hexamod:InspiringFlames","hexamod:Hexaguard","hexamod:CatchUp","hexamod:Hexaguard","hexamod:ThermalTransfer","hexamod:NightmareGuise","hexamod:HeatMetal+1","hexamod:FirstSeal","hexamod:TimeOfNeed+1","hexamod:ChargedBarrage+1","hexamod:PhantomFireball","hexamod:SecondSeal","hexamod:RadiantFlame","hexamod:HauntingEcho+1","hexamod:Incineration+1","hexamod:FastForward","Pain","hexamod:CrushingStance","hexamod:FastForward+1","hexamod:PhantomFireball","AscendersBane","Madness","hexamod:EmpoweredFlame+1","hexamod:SoulSteal","hexamod:HeatShield","hexamod:FourthSeal"],"relics":["hexamod:SpiritBrand","HushsDoor","YumHeart","CCEMRelics:GrapeVine","Onion Ring","downfall:HeartBlessingRed","halation:PinkSoulGem","SlaversCollar","downfall:HeartBlessingBlue","UnicornStump","StuffTheSpire:ForceGauntlet","Ancient Tea Set","WarpedTongs","Vajra","conspire:RoyalGoblet","MyShadow","Toy Ornithopter","construct:FoamFinger","HollowMod:LifeEnderRelic","hubris:Towel","halation:LettersToHer","downfall:HeartBlessingGreen","halation:PapillonHeart"],"acts_visited":["Exordium","TheCity","TheBeyond"],"potions_floor_usage":[40,45,50,50],"damage_taken":[{"damage":0.0,"enemies":"Cultist","floor":2.0,"turns":4.0},{"damage":0.0,"enemies":"2 Louse","floor":3.0,"turns":3.0},{"damage":0.0,"enemies":"Small Slimes","floor":4.0,"turns":3.0},{"damage":0.0,"enemies":"downfall:FleeingMerchant","floor":5.0,"turns":4.0},{"damage":18.0,"enemies":"Lagavulin","floor":6.0,"turns":6.0},{"damage":0.0,"enemies":"downfall:FleeingMerchant","floor":8.0,"turns":4.0},{"damage":9.0,"enemies":"3 Sentries","floor":9.0,"turns":9.0},{"damage":0.0,"enemies":"Blue Slaver","floor":11.0,"turns":3.0},{"damage":0.0,"enemies":"Exordium Thugs","floor":15.0,"turns":3.0},{"damage":10.0,"enemies":"downfall:Watcher","floor":16.0,"turns":9.0},{"damage":0.0,"enemies":"Chosen","floor":19.0,"turns":4.0},{"damage":0.0,"enemies":"Shell Parasite","floor":21.0,"turns":3.0},{"damage":14.0,"enemies":"Snake Plant","floor":22.0,"turns":4.0},{"damage":21.0,"enemies":"Slavers","floor":23.0,"turns":4.0},{"damage":23.0,"enemies":"Sentry and Sphere","floor":25.0,"turns":6.0},{"damage":0.0,"enemies":"downfall:FleeingMerchant","floor":26.0,"turns":4.0},{"damage":10.0,"enemies":"Shelled Parasite and Fungi","floor":27.0,"turns":7.0},{"damage":15.0,"enemies":"Book of Stabbing","floor":28.0,"turns":4.0},{"damage":0.0,"enemies":"downfall:FleeingMerchant","floor":31.0,"turns":4.0},{"damage":0.0,"enemies":"3 Cultists","floor":32.0,"turns":2.0},{"damage":2.0,"enemies":"downfall:Ironclad","floor":33.0,"turns":7.0},{"damage":8,"enemies":"3 Shapes","floor":36,"turns":4},{"damage":6,"enemies":"Orb Walker","floor":37,"turns":2},{"damage":15,"enemies":"Spire Growth","floor":40,"turns":3},{"damage":11,"enemies":"Sphere and 2 Shapes","floor":42,"turns":4},{"damage":25,"enemies":"Maw","floor":43,"turns":6},{"damage":10,"enemies":"3 Darklings","floor":45,"turns":3},{"damage":35,"enemies":"Nemesis","floor":46,"turns":7},{"damage":24,"enemies":"Transient","floor":49,"turns":5},{"damage":30,"enemies":"downfall:Silent","floor":50,"turns":7}],"seed_played":"-6704181394418829492","potions_obtained":[{"floor":4.0,"key":"Fire Potion"},{"floor":6.0,"key":"hexamod:EctoCoolerPotion"},{"floor":11.0,"key":"AttackPotion"},{"floor":15.0,"key":"Ancient Potion"},{"floor":21.0,"key":"GamblersBrew"},{"floor":23.0,"key":"Milkshake"},{"floor":25.0,"key":"jedi:holywater"},{"floor":32.0,"key":"LiquidBronze"},{"floor":40,"key":"Milkshake"},{"floor":42,"key":"Explosive Potion"},{"floor":46,"key":"Languid Potion"}],"is_trial":false,"path_per_floor":["R","M","M","M","$","E","T","$","E","T","M","R","?","?","M","B",null,"R","M","?","M","M","E","T","M","$","M","E","?","R","$","M","B",null,"R_BF","M","M","?","T","M","T","M","M","?","M","E","R","?","M","B"],"character_chosen":"THE_SPIRIT","items_purchased":["hexamod:InspiringFlames","hexamod:Hexaguard","Vajra","MyShadow"],"campfire_rested":1,"item_purchase_floors":[5,8,31,34],"current_hp_per_floor":[70,70,70,70,70,70,70,70,61,61,61,61,61,61,61,58,70,80,80,80,80,73,59,80,64,71,68,60,60,60,60,67,72,68,68,60,54,68,68,56,56,45,20,20,40,5,25,25,8,0,0,0],"gold":219,"neow_bonus":"ONE_RANDOM_RARE_CARD","is_daily":false,"chose_seed":false,"campfire_upgraded":3,"win_rate":0.0,"timestamp":1609789858,"path_taken":["R","M","M","M","$","E","T","$","E","?","M","R","?","?","M","BOSS","R","M","?","?","M","E","T","M","$","M","E","?","R","?","M","BOSS","R_BF","M","M","?","?","M","T","M","?","?","M","E","R","?","M","BOSS"],"items_purchased_type":["Card","Card","Relic","Relic"],"build_version":"2020-12-22","purchased_purges":0,"victory":false,"max_hp_per_floor":[70,70,70,70,70,70,70,70,70,70,70,70,70,70,70,70,70,80,80,80,80,80,80,80,80,80,80,80,80,80,80,80,80,68,68,68,68,68,68,68,68,68,68,68,68,68,68,65,65,65,65,65],"card_choices":[{"not_picked":["hexamod:InspiringFlames","hexamod:EtherealExpedition"],"picked":"hexamod:CatchUp","floor":2.0},{"not_picked":["hexamod:PhantomFireball","hexamod:RainOfEmbers"],"picked":"hexamod:ChargedBarrage","floor":3.0},{"not_picked":["hexamod:GhostOfSpirePast","hexamod:SwordOfDarkness"],"picked":"hexamod:DynamicBlow","floor":4.0},{"not_picked":["hexamod:ShieldOfDarkness","Bomb"],"picked":"hexamod:BurningTouch","floor":5.0},{"not_picked":["hexamod:RainOfEmbers","hexamod:AdvancingGuard"],"picked":"hexamod:Hexaguard","floor":6.0},{"not_picked":["hexamod:HeatShield","hexamod:NightmareGuise"],"picked":"hexamod:CatchUp","floor":8.0},{"not_picked":["hexamod:ShieldOfDarkness","hexamod:Firestarter"],"picked":"hexamod:ThermalTransfer","floor":9.0},{"not_picked":["hexamod:BacktrackSmack","hexamod:ThermalTransfer"],"picked":"hexamod:NightmareGuise","floor":11.0},{"not_picked":["Bomb","hexamod:GhostLash"],"picked":"hexamod:FirstSeal","floor":15.0},{"not_picked":["hexamod:TimeWarp","hexamod:TurnItUp"],"picked":"hexamod:TimeOfNeed","floor":16.0},{"not_picked":["hexamod:RainOfEmbers+1","hexamod:Firestarter","hexamod:AdvancingGuard"],"picked":"SKIP","floor":19.0},{"not_picked":["hexamod:NightmareStrike+1","hexamod:SpectralAdrenaline+1"],"picked":"hexamod:ChargedBarrage+1","floor":21.0},{"not_picked":["hexamod:GhostOfSpirePast","hexamod:Incineration"],"picked":"hexamod:PhantomFireball","floor":22.0},{"not_picked":["hexamod:ExtraCrispy+1","hexamod:Firestarter"],"picked":"hexamod:SecondSeal","floor":23.0},{"not_picked":["hexamod:ThermalTransfer","hexamod:SpectersWail"],"picked":"hexamod:RadiantFlame","floor":25.0},{"not_picked":["hexamod:BurningTouch","hexamod:NightmareGuise+1"],"picked":"hexamod:HauntingEcho+1","floor":26.0},{"not_picked":["hexamod:GhostLash","hexamod:Hexaguard"],"picked":"hexamod:Incineration+1","floor":27.0},{"not_picked":["hexamod:EmpoweringStance","hexamod:Incineration"],"picked":"hexamod:FastForward","floor":28.0},{"not_picked":["hexamod:BacktrackSmack","hexamod:Firestarter+1","hexamod:GhostShield"],"picked":"SKIP","floor":31.0},{"not_picked":["hexamod:HauntingEcho+1","hexamod:GhostShield","hexamod:SwordOfDarkness"],"picked":"SKIP","floor":32.0},{"not_picked":["hexamod:TurnItUp","hexamod:GhostflameInferno"],"picked":"hexamod:CrushingStance","floor":33.0},{"not_picked":["hexamod:ShieldOfDarkness+1","hexamod:InspiringFlames"],"picked":"hexamod:FastForward+1","floor":36},{"not_picked":["hexamod:BacktrackSmack+1","hexamod:BurningTouch"],"picked":"hexamod:PhantomFireball","floor":37},{"not_picked":["hexamod:FastForward","hexamod:NightmareStrike+1"],"picked":"hexamod:EmpoweredFlame+1","floor":40},{"not_picked":["hexamod:CatchUp+1","hexamod:Firestarter"],"picked":"hexamod:SoulSteal","floor":42},{"not_picked":["hexamod:ShieldOfDarkness+1","hexamod:EmpoweringStance"],"picked":"hexamod:HeatShield","floor":43},{"not_picked":["hexamod:SwordOfDarkness","hexamod:BurningTouch","hexamod:CrushingStance"],"picked":"SKIP","floor":45},{"not_picked":["hexamod:DynamicBlow","hexamod:HeatCrush"],"picked":"hexamod:FourthSeal","floor":46},{"not_picked":["hexamod:GhostLash+1","hexamod:RetreatToShadows","hexamod:NightmareStrike"],"picked":"SKIP","floor":49}],"player_experience":120878,"relics_obtained":[{"floor":6.0,"key":"CCEMRelics:GrapeVine"},{"floor":10.0,"key":"Onion Ring"},{"floor":23.0,"key":"UnicornStump"},{"floor":24.0,"key":"StuffTheSpire:ForceGauntlet"},{"floor":28.0,"key":"Ancient Tea Set"},{"floor":35,"key":"Toy Ornithopter"},{"floor":39,"key":"construct:FoamFinger"},{"floor":41,"key":"HollowMod:LifeEnderRelic"},{"floor":46,"key":"halation:LettersToHer"}],"event_choices":[{"damage_healed":0.0,"max_hp_gain":0.0,"max_hp_loss":0.0,"gold_gain":0.0,"event_name":"Accursed Blacksmith","player_choice":"Rummage","floor":29.0,"gold_loss":0.0,"damage_taken":0.0,"relics_obtained":["WarpedTongs"],"cards_obtained":["Pain"]},{"damage_healed":0,"gold_gain":3,"player_choice":"3","damage_taken":0,"max_hp_gain":0,"max_hp_loss":0,"event_name":"betterStone:BetterStone","floor":38,"gold_loss":0,"cards_obtained":["Madness"]}],"is_beta":false,"boss_relics":[{"not_picked":["jedi:hotpepper","jedi:battlestandard"],"picked":"SlaversCollar"},{"not_picked":[]},{"not_picked":["Replay:Drink Me","ReplayTheSpireMod:DimensionalGlitch"],"picked":"conspire:RoyalGoblet"},{"not_picked":[]}],"items_purged_floors":[],"is_endless":false,"potions_floor_spawned":[4,6,11,15,16,21,23,25,28,32,40,42,46],"killed_by":"downfall:Silent","ascension_level":0}}