{"host":"m3herrhkesxm9ooc","time":1609755012,"event":{"mods":["BaseMod","Hermit","Minty Spire (QoL Compilation)","StSLib","The Hierophant"],"gold_per_floor":[109,31,181,181,4,4,38,0,0,0,0],"floor_reached":10,"playtime":260,"items_purged":[],"score":115,"play_id":"1d3a955e-eaa9-4739-bdd8-d7d12558fb9e","local_time":"20210104191012","is_ascension_mode":true,"campfire_choices":[{"data":"hermit:GoldenBullet","floor":6,"key":"SMITH"}],"circlet_count":0,"master_deck":["AscendersBane","hermit:Strike_Hermit","hermit:Strike_Hermit","hermit:Strike_Hermit","hermit:Strike_Hermit","hermit:Defend_Hermit","hermit:Defend_Hermit","hermit:Defend_Hermit","hermit:Defend_Hermit","hermit:Snapshot","hermit:Covet","hermit:Deadeye","hermit:Determination","Doubt","Bandage Up","hermit:GoldenBullet+1","hermit:LoneWolf"],"relics":["hermit:Momento","Bag of Preparation","hermit:RyeStalk","Calipers"],"acts_visited":["Exordium"],"potions_floor_usage":[7,7],"damage_taken":[{"damage":1.0,"enemies":"2 Louse","floor":1.0,"turns":3.0},{"damage":25,"enemies":"Lagavulin","floor":7,"turns":8},{"damage":33,"enemies":"Gremlin Nob","floor":10,"turns":4}],"seed_played":"-3436691066431929638","potions_obtained":[{"floor":0.0,"key":"hermit:Tonic"},{"floor":0.0,"key":"Block Potion"}],"is_trial":false,"path_per_floor":["M","$","?","?","$","R","E","?","T","E"],"character_chosen":"HERMIT","items_purchased":["hermit:Determination","Bandage Up","hermit:GoldenBullet"],"campfire_rested":0,"item_purchase_floors":[2,5,5],"current_hp_per_floor":[63,63,63,52,52,52,31,31,31,2,2],"gold":0,"neow_bonus":"THREE_SMALL_POTIONS","is_daily":false,"chose_seed":false,"campfire_upgraded":1,"win_rate":0.0,"timestamp":1609755012,"path_taken":["M","$","?","?","?","R","E","?","T","E"],"items_purchased_type":["Card","Card","Card"],"build_version":"2020-12-22","purchased_purges":0,"victory":false,"max_hp_per_floor":[71,71,71,71,71,71,71,71,71,71,71],"card_choices":[{"not_picked":["hermit:HighCaliber","hermit:LuckOfTheDraw"],"picked":"hermit:Deadeye","floor":1.0},{"not_picked":["hermit:DeadOrAlive","hermit:Misfire"],"picked":"hermit:LoneWolf","floor":7}],"player_experience":674488,"relics_obtained":[{"floor":7,"key":"hermit:RyeStalk"},{"floor":9,"key":"Calipers"}],"event_choices":[{"damage_healed":0.0,"max_hp_gain":0.0,"max_hp_loss":0.0,"gold_gain":150.0,"event_name":"Liars Game","player_choice":"AGREE","floor":3.0,"gold_loss":0.0,"damage_taken":0.0,"cards_obtained":["Doubt"]},{"damage_healed":0.0,"max_hp_gain":0.0,"max_hp_loss":0.0,"gold_gain":0.0,"event_name":"Scrap Ooze","player_choice":"Success","floor":4.0,"gold_loss":0.0,"damage_taken":11.0,"relics_obtained":["Bag of Preparation"]},{"damage_healed":0,"gold_gain":0,"player_choice":"Left Gold","damage_taken":0,"max_hp_gain":0,"max_hp_loss":0,"event_name":"World of Goop","floor":8,"gold_loss":38}],"is_beta":false,"boss_relics":[],"items_purged_floors":[],"is_endless":false,"potions_floor_spawned":[],"killed_by":"Gremlin Nob","ascension_level":17}}