{"host":"my77oq6kb6j47rwl","time":1609734068,"event":{"mods":["BaseMod","Better Third Choice","Curses Come First","Displayed Cursed Tome","Emptier Cage","Hermit","Ironclad Rager","Minty Spire (QoL Compilation)","Quick Restart","Rare Cards Sparkle","StSLib"],"gold_per_floor":[16,33,33,45,65,91,91,116,116,147,147,32,32,49,49,146,146,165,165,90,108,128,158,158,158,158,187,187,215,226,240,240,344,344,363,383,383,383],"floor_reached":37,"playtime":3072,"items_purged":["Pain"],"score":758,"play_id":"92122b1f-f806-46b9-b49f-c8c12d71df5f","local_time":"20210103232108","is_ascension_mode":true,"campfire_choices":[{"data":"Defragment","floor":7,"key":"SMITH"},{"floor":11,"key":"REST"},{"floor":15,"key":"REST"},{"floor":24,"key":"REST"},{"data":"Defragment","floor":32,"key":"SMITH"}],"circlet_count":0,"master_deck":["AscendersBane","Zap+1","Dualcast","Ball Lightning","Cold Snap","Ball Lightning","Cold Snap","Leap","Leap","Leap","Leap","White Noise","Defragment+1","Capacitor","Blizzard","Self Repair","Self Repair","Core Surge","FTL","Defragment+1","Loop","Cold Snap","Barrage","Loop","Glacier+1","ICR:ChainLightning","Machine Learning","Cold Snap","Compile Driver+1"],"relics":["Cracked Core","Mercury Hourglass","Art of War","Bottled Lightning","Du-Vu Doll","Inserter","Girya","MutagenicStrength","Shuriken","Eternal Feather","Smiling Mask","Cursed Key"],"acts_visited":["Exordium","TheCity","TheBeyond"],"potions_floor_usage":[10,16,16,23,29,29,29,37,37],"damage_taken":[{"damage":2,"enemies":"Small Slimes","floor":1,"turns":3},{"damage":2,"enemies":"Cultist","floor":2,"turns":2},{"damage":2,"enemies":"2 Louse","floor":4,"turns":2},{"damage":9,"enemies":"Exordium Wildlife","floor":5,"turns":4},{"damage":13,"enemies":"3 Sentries","floor":6,"turns":7},{"damage":3,"enemies":"Lagavulin","floor":8,"turns":5},{"damage":4,"enemies":"Gremlin Nob","floor":10,"turns":3},{"damage":8,"enemies":"3 Louse","floor":14,"turns":2},{"damage":29,"enemies":"The Guardian","floor":16,"turns":8},{"damage":6,"enemies":"Spheric Guardian","floor":18,"turns":4},{"damage":35,"enemies":"2 Thieves","floor":21,"turns":4},{"damage":24,"enemies":"Centurion and Healer","floor":22,"turns":5},{"damage":11,"enemies":"Book of Stabbing","floor":23,"turns":7},{"damage":22,"enemies":"Gremlin Leader","floor":27,"turns":8},{"damage":34,"enemies":"Slavers","floor":29,"turns":4},{"damage":0,"enemies":"Snecko","floor":30,"turns":4},{"damage":13,"enemies":"Chosen and Byrds","floor":31,"turns":7},{"damage":48,"enemies":"Collector","floor":33,"turns":8},{"damage":0,"enemies":"Orb Walker","floor":35,"turns":4},{"damage":30,"enemies":"3 Darklings","floor":36,"turns":4},{"damage":38,"enemies":"Writhing Mass","floor":37,"turns":1}],"seed_played":"3766968234345857473","potions_obtained":[{"floor":1,"key":"CultistPotion"},{"floor":5,"key":"ColorlessPotion"},{"floor":14,"key":"AttackPotion"},{"floor":21,"key":"EntropicBrew"},{"floor":22,"key":"Block Potion"},{"floor":23,"key":"Dexterity Potion"},{"floor":33,"key":"PowerPotion"},{"floor":36,"key":"ColorlessPotion"}],"is_trial":false,"path_per_floor":["M","M","?","M","M","E","R","E","T","E","R","$","?","M","R","B",null,"M","?","$","M","M","E","R","?","T","E","?","E","M","M","R","B",null,"M","M","M"],"character_chosen":"DEFECT","items_purchased":["Self Repair","Loop"],"campfire_rested":3,"item_purchase_floors":[12,20],"current_hp_per_floor":[48,46,46,44,35,22,22,19,19,15,35,35,28,20,40,25,57,58,58,58,37,27,23,43,43,43,35,35,15,29,30,45,34,60,68,38,0,0],"gold":383,"neow_bonus":"DEFECT_STORMLORD","is_daily":false,"chose_seed":false,"campfire_upgraded":2,"win_rate":0.0,"timestamp":1609734068,"path_taken":["M","M","?","M","M","E","R","E","T","E","R","?","?","M","R","BOSS","M","?","$","M","M","E","R","?","T","E","?","E","M","M","R","BOSS","M","M","M"],"items_purchased_type":["Card","Card"],"build_version":"2020-12-22","purchased_purges":1,"victory":false,"max_hp_per_floor":[68,68,68,68,68,68,68,68,68,68,68,68,68,68,68,68,68,68,68,68,68,68,68,68,68,68,68,68,68,68,68,68,68,68,68,68,68,68],"card_choices":[{"not_picked":["Streamline","Stack","Sweeping Beam"],"picked":"SKIP","floor":1},{"not_picked":["Barrage","Turbo"],"picked":"Compile Driver","floor":2},{"not_picked":["Static Discharge","Stack"],"picked":"White Noise","floor":4},{"not_picked":["Darkness","Coolheaded","Redo"],"picked":"SKIP","floor":5},{"not_picked":["Melter","Steam"],"picked":"Defragment","floor":6},{"not_picked":["Steam","Self Repair"],"picked":"Capacitor","floor":8},{"not_picked":["Hyperbeam","Recycle"],"picked":"Blizzard","floor":10},{"not_picked":["Hologram","Go for the Eyes"],"picked":"Self Repair","floor":14},{"not_picked":["Fission","Thunder Strike"],"picked":"Core Surge","floor":16},{"not_picked":["Compile Driver","Recycle"],"picked":"FTL","floor":18},{"not_picked":["Self Repair","Sweeping Beam","Gash+1"],"picked":"SKIP","floor":21},{"not_picked":["Gash","Steam"],"picked":"Cold Snap","floor":22},{"not_picked":["Stack","Seek"],"picked":"Barrage","floor":23},{"not_picked":["Lockon+1","Go for the Eyes"],"picked":"Loop","floor":27},{"not_picked":["Sweeping Beam","Tempest"],"picked":"Glacier+1","floor":29},{"not_picked":["Force Field","Reprogram","Beam Cell"],"picked":"SKIP","floor":30},{"not_picked":["Glacier","Static Discharge"],"picked":"ICR:ChainLightning","floor":31},{"not_picked":["All For One","Core Surge"],"picked":"Machine Learning","floor":33},{"not_picked":["Turbo+1","FTL"],"picked":"Cold Snap","floor":35},{"not_picked":["Conserve Battery","Steam Power"],"picked":"Compile Driver+1","floor":36}],"player_experience":1066806,"relics_obtained":[{"floor":6,"key":"Mercury Hourglass"},{"floor":8,"key":"Art of War"},{"floor":9,"key":"Bottled Lightning"},{"floor":10,"key":"Du-Vu Doll"},{"floor":23,"key":"Girya"},{"floor":26,"key":"Shuriken"},{"floor":27,"key":"Eternal Feather"},{"floor":29,"key":"Smiling Mask"}],"event_choices":[{"damage_healed":0,"gold_gain":0,"player_choice":"Forge","damage_taken":0,"max_hp_gain":0,"max_hp_loss":0,"event_name":"Accursed Blacksmith","floor":3,"gold_loss":0,"cards_upgraded":["Zap"]},{"cards_removed":["Compile Driver"],"damage_healed":0,"gold_gain":0,"player_choice":"Card Removal","damage_taken":7,"max_hp_gain":0,"max_hp_loss":0,"event_name":"Golden Wing","floor":13,"gold_loss":0},{"damage_healed":0,"gold_gain":0,"player_choice":"Read","damage_taken":0,"max_hp_gain":0,"max_hp_loss":0,"event_name":"The Library","floor":19,"gold_loss":0,"cards_obtained":["Defragment"]},{"damage_healed":0,"gold_gain":0,"player_choice":"Inject Mutagens","damage_taken":0,"relics_obtained":["MutagenicStrength"],"max_hp_gain":0,"max_hp_loss":0,"event_name":"Drug Dealer","floor":25,"gold_loss":0},{"damage_healed":0,"gold_gain":0,"player_choice":"Adaptability","damage_taken":0,"max_hp_gain":0,"max_hp_loss":0,"event_name":"betterThird:BetterWriting","floor":28,"gold_loss":0}],"is_beta":false,"boss_relics":[{"not_picked":["Ectoplasm","Runic Pyramid"],"picked":"Inserter"},{"not_picked":["FrozenCore","Calling Bell"],"picked":"Cursed Key"}],"items_purged_floors":[12],"is_endless":false,"potions_floor_spawned":[1,5,14,21,22,23,33,36],"killed_by":"Writhing Mass","ascension_level":12}}