{"host":"mydft8i2zzydgggw","time":1609774139,"event":{"mods":["AchievementEnabler","BaseMod","Colored Map","Colored Powertips","Keyboard Shortcuts","Minty Spire (QoL Compilation)","Quick Restart","StSLib","SuperFastMode","The Poker Player"],"gold_per_floor":[109,184,201,216,236,265,265,250,276,291,323,323,95,122,122,122,122],"floor_reached":16,"playtime":533,"items_purged":["Strike_R"],"score":134,"play_id":"fc308158-cbd0-4854-8335-915073778915","local_time":"20210105002859","is_ascension_mode":true,"campfire_choices":[{"data":"Armaments","floor":7,"key":"SMITH"},{"floor":12,"key":"REST"},{"floor":15,"key":"REST"}],"circlet_count":0,"master_deck":["Strike_R","Strike_R","Strike_R","Defend_R","Defend_R","Defend_R","Defend_R","Bash","Iron Wave","Flame Barrier+1","Heavy Blade","Armaments+1","Sentinel+1","Dropkick","Feed","Double Tap"],"relics":["Burning Blood","Torii","Orichalcum","War Paint","MealTicket","Juzu Bracelet"],"acts_visited":["Exordium"],"potions_floor_usage":[6,6,11,11,16],"damage_taken":[{"damage":7,"enemies":"Jaw Worm","floor":1,"turns":3},{"damage":0,"enemies":"Small Slimes","floor":3,"turns":4},{"damage":0,"enemies":"2 Louse","floor":4,"turns":4},{"damage":19,"enemies":"Blue Slaver","floor":5,"turns":5},{"damage":28,"enemies":"3 Sentries","floor":6,"turns":12},{"damage":10,"enemies":"Exordium Thugs","floor":8,"turns":5},{"damage":6,"enemies":"Exordium Wildlife","floor":10,"turns":5},{"damage":32,"enemies":"Lagavulin","floor":11,"turns":12},{"damage":14,"enemies":"Gremlin Nob","floor":14,"turns":5},{"damage":59,"enemies":"Hexaghost","floor":16,"turns":14}],"seed_played":"2335108718101471103","potions_obtained":[{"floor":3,"key":"LiquidBronze"},{"floor":4,"key":"LiquidMemories"},{"floor":6,"key":"LiquidBronze"},{"floor":8,"key":"ElixirPotion"},{"floor":14,"key":"LiquidMemories"}],"is_trial":false,"path_per_floor":["M","?","M","M","M","E","R","M","T","M","E","R","$","E","R","B"],"character_chosen":"IRONCLAD","items_purchased":["MealTicket"],"campfire_rested":2,"item_purchase_floors":[13],"current_hp_per_floor":[79,68,74,80,67,45,45,41,41,41,15,39,39,34,58,0,0],"gold":122,"neow_bonus":"TRANSFORM_CARD","is_daily":false,"chose_seed":false,"campfire_upgraded":1,"win_rate":0.0,"timestamp":1609774139,"path_taken":["M","?","M","M","M","E","R","M","T","M","E","R","$","E","R","BOSS"],"items_purchased_type":["Relic"],"build_version":"2020-12-22","purchased_purges":1,"victory":false,"max_hp_per_floor":[80,80,80,80,80,80,80,80,80,80,80,80,80,83,83,83,83],"card_choices":[{"not_picked":["Iron Wave","Sword Boomerang"],"picked":"Flame Barrier","floor":1},{"not_picked":["Headbutt","Rage"],"picked":"Heavy Blade","floor":3},{"not_picked":["Heavy Blade","Twin Strike","Carnage"],"picked":"SKIP","floor":4},{"not_picked":["Intimidate","Searing Blow"],"picked":"Armaments","floor":5},{"not_picked":["Iron Wave","Sever Soul"],"picked":"Sentinel","floor":6},{"not_picked":["Cleave","Shockwave","Fire Breathing"],"picked":"SKIP","floor":8},{"not_picked":["Inflame","Perfected Strike"],"picked":"Dropkick","floor":10},{"not_picked":["Warcry","Anger"],"picked":"Feed","floor":11},{"not_picked":["Anger","Headbutt"],"picked":"Double Tap","floor":14}],"player_experience":88279,"relics_obtained":[{"floor":6,"key":"Torii"},{"floor":9,"key":"Orichalcum"},{"floor":11,"key":"War Paint"},{"floor":14,"key":"Juzu Bracelet"}],"event_choices":[{"damage_healed":0,"gold_gain":75,"player_choice":"Gather Gold","damage_taken":11,"max_hp_gain":0,"max_hp_loss":0,"event_name":"World of Goop","floor":2,"gold_loss":0}],"is_beta":false,"boss_relics":[],"items_purged_floors":[13],"is_endless":false,"potions_floor_spawned":[3,4,6,8,14],"killed_by":"Hexaghost","ascension_level":2}}