{"host":"ilrepnd391jk07a9","time":1609740027,"event":{"mods":["Aspiration","BaseMod","Better Altar","Better Note","Better Skull","Better Third Choice","BetterRewards","Colored Powertips","DeckTracker","Defuse TimeMaze Blight","Downfall","GifTheSpireLib","Gremlin Skip","Halation","Highlight Path","Hubris","Minty Spire (QoL Compilation)","Quick Restart","Relic Stats","Replay The Spire","StSLib","Stuff the Spire","everything is the same but u backflip on backflip","vexMod"],"gold_per_floor":[99,119,119,36,50,50,102,118,118,53,69,98,111,140,158,158,158,158],"floor_reached":16,"playtime":1056,"items_purged":[],"score":123,"play_id":"e2b614ed-ed91-4866-95bb-04298f74e51d","local_time":"20210104190027","is_ascension_mode":true,"campfire_choices":[{"data":"champ:Execute","floor":1,"key":"SMITH"},{"data":"champ:ViciousMockery","floor":9,"key":"SMITH"}],"circlet_count":0,"master_deck":["champ:Strike","champ:Strike+1","champ:Strike+1","champ:Strike","champ:Defend","champ:Defend","champ:Defend","champ:Defend","champ:Execute+1","champ:Taunt","champ:ViciousMockery+1","champ:PreciseThrust","champ:GladiatorStyle","champ:ViciousMockery+1","champ:Haymaker","champ:Balance","champ:BladeFlurry"],"relics":["champ:ChampionCrown","Regal Pillow","Whetstone","Blue Doll","Orichalcum"],"acts_visited":["Exordium"],"potions_floor_usage":[15,16,16],"damage_taken":[{"damage":13,"enemies":"Jaw Worm","floor":2,"turns":4},{"damage":20,"enemies":"downfall:FleeingMerchant","floor":4,"turns":4},{"damage":5,"enemies":"Cultist","floor":5,"turns":4},{"damage":0,"enemies":"2 Louse","floor":8,"turns":3},{"damage":25,"enemies":"downfall:FleeingMerchant","floor":10,"turns":4},{"damage":1,"enemies":"2 Fungi Beasts","floor":11,"turns":5},{"damage":9,"enemies":"Gremlin Nob","floor":12,"turns":4},{"damage":17,"enemies":"Large Slime","floor":13,"turns":8},{"damage":20,"enemies":"Lagavulin","floor":14,"turns":5},{"damage":21,"enemies":"Gremlin Gang","floor":15,"turns":7},{"damage":12,"enemies":"downfall:Defect","floor":16,"turns":4}],"seed_played":"-5889494903761505000","potions_obtained":[{"floor":2,"key":"Weak Potion"},{"floor":5,"key":"champ:CounterPotion"},{"floor":12,"key":"Dexterity Potion"}],"is_trial":false,"path_per_floor":["R","M","?","$","M","?","T","M","R","$","M","E","M","E","M","B"],"character_chosen":"THE_CHAMP","items_purchased":["champ:GladiatorStyle","champ:Haymaker"],"campfire_rested":0,"item_purchase_floors":[4,10],"current_hp_per_floor":[90,82,82,72,72,72,72,72,72,57,56,52,43,26,10,0,0,0],"gold":158,"neow_bonus":"RANDOM_COMMON_RELIC","is_daily":false,"chose_seed":false,"campfire_upgraded":2,"win_rate":0.0,"timestamp":1609740027,"path_taken":["R","M","?","$","M","?","T","?","R","$","M","E","?","E","M","BOSS"],"items_purchased_type":["Card","Card"],"build_version":"2020-12-22","purchased_purges":0,"victory":false,"max_hp_per_floor":[90,90,90,90,90,90,90,90,90,90,90,90,90,90,90,90,90,90],"relic_stats":{"Regal Pillow":0,"counters":[11,52],"Whetstone":["champ:Strike","champ:Strike"],"Orichalcum":[12],"obtain_stats":[{"Regal Pillow":0,"champ:ChampionCrown":0,"Blue Doll":12,"Whetstone":7,"Orichalcum":14},{"Regal Pillow":0,"champ:ChampionCrown":0,"Blue Doll":7,"Whetstone":3,"Orichalcum":9},{"Regal Pillow":0,"champ:ChampionCrown":0,"Blue Doll":28,"Whetstone":12,"Orichalcum":41}]},"card_choices":[{"not_picked":["champ:Circumvent","champ:Aggression"],"picked":"champ:ViciousMockery","floor":2},{"not_picked":["champ:DefensiveStyle","champ:ShieldSigil"],"picked":"champ:PreciseThrust","floor":4},{"not_picked":["champ:FocusedGladiator","champ:RageSigil"],"picked":"champ:ViciousMockery","floor":5},{"not_picked":["champ:DefensiveShout","champ:BerserkerStyle","champ:FanOfKnives"],"picked":"SKIP","floor":8},{"not_picked":["champ:FightOn","champ:PerfectedStrike","champ:FanOfKnives"],"picked":"SKIP","floor":10},{"not_picked":["champ:DeathBlow","champ:BerserkerStyle","champ:Encircle"],"picked":"SKIP","floor":11},{"not_picked":["champ:FocusedGladiator","champ:FocusedDefense"],"picked":"champ:Balance","floor":12},{"not_picked":["champ:HeartStrike","champ:Control","champ:Haymaker"],"picked":"SKIP","floor":13},{"not_picked":["champ:FalseCounter","champ:ShieldSlam","champ:Backstep"],"picked":"SKIP","floor":14},{"not_picked":["champ:RageSigil","champ:Shatter"],"picked":"champ:BladeFlurry","floor":15}],"player_experience":845131,"relics_obtained":[{"floor":7,"key":"Whetstone"},{"floor":12,"key":"Blue Doll"},{"floor":14,"key":"Orichalcum"}],"event_choices":[{"damage_healed":0,"gold_gain":0,"player_choice":"Upgraded","damage_taken":0,"max_hp_gain":0,"max_hp_loss":0,"event_name":"Upgrade Shrine","floor":6,"gold_loss":0,"cards_upgraded":["champ:ViciousMockery"]}],"is_beta":false,"boss_relics":[],"items_purged_floors":[],"is_endless":false,"potions_floor_spawned":[2,5,12,14],"killed_by":"downfall:Defect","ascension_level":2}}