{"host":"cv77zuuuekizn3ic","time":1609741380,"event":{"mods":["AchievementEnabler","BaseMod","Marisa£®ÏF”Í°°ƒß¿Ì…≥£©","Minty Spire (QoL Compilation)","StSLib","Waifu the Spire","everything is the same but u backflip on backflip","slay the spire mod where everything is the same but ironclad has a cowboy hat"],"gold_per_floor":[20,20,30,43,62,91,109,138,138,138,168,168,168,168,168,296,296,311,336,349,373,389,433,433,433,433],"floor_reached":25,"playtime":1549,"items_purged":[],"score":392,"play_id":"cf718d2c-9823-42c4-928a-47e75aabbc9b","local_time":"20210104142300","is_ascension_mode":true,"campfire_choices":[{"data":"Creative AI","floor":13.0,"key":"SMITH"},{"data":"Coolheaded","floor":15.0,"key":"SMITH"},{"floor":24,"key":"REST"}],"circlet_count":0,"master_deck":["Strike_B","Strike_B","Defend_B","Defend_B","Defend_B","Defend_B","Zap","Dualcast","Electrodynamics","Coolheaded+1","Reinforced Body+1","Cold Snap","Self Repair","Creative AI+1","Echo Form","Hologram+1"],"relics":["Cracked Core","FossilizedHelix","Ginger","Art of War","Golden Idol","Black Star","Torii","Potion Belt"],"acts_visited":["Exordium","TheCity"],"potions_floor_usage":[23,23],"damage_taken":[{"damage":0.0,"enemies":"2 Louse","floor":1.0,"turns":1.0},{"damage":1.0,"enemies":"Cultist","floor":3.0,"turns":3.0},{"damage":12.0,"enemies":"Small Slimes","floor":4.0,"turns":2.0},{"damage":0.0,"enemies":"2 Fungi Beasts","floor":5.0,"turns":4.0},{"damage":18.0,"enemies":"Gremlin Nob","floor":6.0,"turns":6.0},{"damage":0.0,"enemies":"Looter","floor":7.0,"turns":3.0},{"damage":0.0,"enemies":"Lagavulin","floor":8.0,"turns":7.0},{"damage":27.0,"enemies":"Gremlin Nob","floor":11.0,"turns":7.0},{"damage":9.0,"enemies":"Slime Boss","floor":16.0,"turns":9.0},{"damage":0.0,"enemies":"Chosen","floor":18.0,"turns":9.0},{"damage":21.0,"enemies":"Shell Parasite","floor":19.0,"turns":5.0},{"damage":12.0,"enemies":"3 Cultists","floor":20.0,"turns":6.0},{"damage":8.0,"enemies":"Snecko","floor":21.0,"turns":16.0},{"damage":11.0,"enemies":"Snake Plant","floor":22.0,"turns":7.0},{"damage":16,"enemies":"Book of Stabbing","floor":23,"turns":8},{"damage":50,"enemies":"Slavers","floor":25,"turns":3}],"seed_played":"-5496837778229993985","potions_obtained":[{"floor":4.0,"key":"ColorlessPotion"},{"floor":5.0,"key":"CultistPotion"},{"floor":7.0,"key":"DistilledChaos"},{"floor":16.0,"key":"LiquidMemories"},{"floor":22.0,"key":"SpeedPotion"},{"floor":23,"key":"SpeedPotion"}],"is_trial":false,"path_per_floor":["M","?","M","M","M","E","M","E","T","?","E","?","R","?","R","B",null,"M","M","M","M","M","E","R","E"],"character_chosen":"DEFECT","items_purchased":[],"campfire_rested":1,"item_purchase_floors":[],"current_hp_per_floor":[68,68,67,55,55,37,44,51,51,44,24,24,24,24,24,22,57,69,55,50,49,45,29,49,0,0],"gold":433,"neow_bonus":"THREE_RARE_CARDS","is_daily":false,"chose_seed":false,"campfire_upgraded":2,"win_rate":0.0,"timestamp":1609741380,"path_taken":["M","?","M","M","?","E","M","E","T","?","E","?","R","?","R","BOSS","M","M","M","M","M","E","R","E"],"items_purchased_type":[],"build_version":"2020-12-22","purchased_purges":0,"victory":false,"max_hp_per_floor":[75,75,75,75,75,75,75,75,75,75,75,69,69,69,69,69,69,69,69,69,69,69,69,69,69,69],"card_choices":[{"not_picked":["Multi-Cast","All For One"],"picked":"Electrodynamics","floor":0.0},{"not_picked":["Sweeping Beam","FTL"],"picked":"Coolheaded","floor":1.0},{"not_picked":["Redo","Beam Cell"],"picked":"Reinforced Body","floor":3.0},{"not_picked":["Beam Cell","Storm"],"picked":"Cold Snap","floor":4.0},{"not_picked":["Reinforced Body","Go for the Eyes","Compile Driver"],"picked":"SKIP","floor":5.0},{"not_picked":["Capacitor","Sweeping Beam"],"picked":"Self Repair","floor":6.0},{"not_picked":["Hologram","Turbo"],"picked":"Creative AI","floor":7.0},{"not_picked":["Go for the Eyes","Rebound","Streamline"],"picked":"SKIP","floor":8.0},{"not_picked":["Steam","Lockon","Undo"],"picked":"SKIP","floor":11.0},{"not_picked":["Amplify","Hyperbeam"],"picked":"Echo Form","floor":16.0},{"not_picked":["Redo","Go for the Eyes+1"],"picked":"Hologram+1","floor":18.0},{"not_picked":["Auto Shields","Cold Snap","Hologram"],"picked":"SKIP","floor":19.0},{"not_picked":["Consume+1","Beam Cell","Machine Learning"],"picked":"SKIP","floor":20.0},{"not_picked":["Consume+1","Beam Cell","Machine Learning"],"picked":"SKIP","floor":20.0},{"not_picked":["Capacitor+1","Redo","Stack+1"],"picked":"SKIP","floor":21.0},{"not_picked":["Barrage+1","Beam Cell+1","Compile Driver"],"picked":"SKIP","floor":22.0},{"not_picked":["Coolheaded","Ball Lightning+1","Barrage+1"],"picked":"SKIP","floor":23}],"player_experience":701580,"relics_obtained":[{"floor":6.0,"key":"FossilizedHelix"},{"floor":8.0,"key":"Ginger"},{"floor":11.0,"key":"Art of War"},{"floor":23,"key":"Torii"},{"floor":23,"key":"Potion Belt"}],"event_choices":[{"cards_removed":["Strike_B"],"damage_healed":0.0,"max_hp_gain":0.0,"max_hp_loss":0.0,"gold_gain":0.0,"event_name":"Purifier","player_choice":"Purged","floor":2.0,"gold_loss":0.0,"damage_taken":0.0},{"cards_removed":["Strike_B"],"damage_healed":0.0,"max_hp_gain":0.0,"max_hp_loss":0.0,"gold_gain":0.0,"event_name":"Golden Wing","player_choice":"Card Removal","floor":10.0,"gold_loss":0.0,"damage_taken":7.0},{"damage_healed":0.0,"max_hp_gain":0.0,"max_hp_loss":6.0,"gold_gain":0.0,"event_name":"Golden Idol","player_choice":"Lose Max HP","floor":12.0,"gold_loss":0.0,"damage_taken":0.0,"relics_obtained":["Golden Idol"]},{"damage_healed":0.0,"max_hp_gain":0.0,"max_hp_loss":0.0,"gold_gain":0.0,"event_name":"Accursed Blacksmith","player_choice":"Forge","floor":14.0,"gold_loss":0.0,"damage_taken":0.0,"cards_upgraded":["Reinforced Body"]}],"is_beta":false,"boss_relics":[{"not_picked":["SacredBark","Tiny House"],"picked":"Black Star"}],"items_purged_floors":[],"is_endless":false,"potions_floor_spawned":[4,5,7,16,22,23],"killed_by":"Slavers","ascension_level":9}}