{"host":"nsxzlb359hv0da5z","time":1609752789,"event":{"mods":["BaseMod","Bestiary","Colored Map","Minty Spire (QoL Compilation)","Permanent Neow","Relic Stats","Slay the Relics Exporter","ojb\u0027s Info Mod"],"gold_per_floor":[115,134,152,169,187,217,217,217,217],"floor_reached":8,"playtime":416,"items_purged":[],"score":120,"play_id":"e984f6f9-92b3-48bd-a428-b1c2fa400748","local_time":"20210104013309","is_ascension_mode":true,"campfire_choices":[{"floor":7,"key":"REST"}],"circlet_count":0,"master_deck":["AscendersBane","Strike_G","Strike_G","Strike_G","Strike_G","Strike_G","Defend_G","Defend_G","Defend_G","Defend_G","Defend_G","Survivor","Neutralize","Quick Slash","Backstab","Dagger Throw","Poisoned Stab","Deadly Poison","Dodge and Roll"],"relics":["Sozu","Matryoshka"],"acts_visited":["Exordium"],"potions_floor_usage":[],"damage_taken":[{"damage":0,"enemies":"Cultist","floor":1,"turns":4},{"damage":8,"enemies":"Small Slimes","floor":2,"turns":4},{"damage":7,"enemies":"Jaw Worm","floor":3,"turns":2},{"damage":0,"enemies":"3 Louse","floor":4,"turns":5},{"damage":13,"enemies":"Large Slime","floor":5,"turns":6},{"damage":20,"enemies":"Lagavulin","floor":6,"turns":6},{"damage":33,"enemies":"Gremlin Nob","floor":8,"turns":3}],"seed_played":"-2494253223716449656","potions_obtained":[],"is_trial":false,"path_per_floor":["M","M","M","M","M","E","R","E"],"character_chosen":"THE_SILENT","items_purchased":[],"campfire_rested":1,"item_purchase_floors":[],"current_hp_per_floor":[59,51,44,44,31,11,30,0,0],"gold":217,"neow_bonus":"BOSS_RELIC","is_daily":false,"chose_seed":false,"campfire_upgraded":0,"win_rate":0.0,"timestamp":1609752789,"path_taken":["M","?","M","M","M","E","R","E"],"items_purchased_type":[],"build_version":"2020-12-22","purchased_purges":0,"victory":false,"max_hp_per_floor":[66,66,66,66,66,66,66,66,66],"relic_stats":{"Sozu":1,"counters":[7,30],"obtain_stats":[{"Sozu":0,"Matryoshka":6,"Ring of the Snake":0},{"Sozu":0,"Matryoshka":6,"Ring of the Snake":0},{"Sozu":0,"Matryoshka":27,"Ring of the Snake":0}]},"card_choices":[{"not_picked":["Flying Knee","Prepared"],"picked":"Quick Slash","floor":1},{"not_picked":["Catalyst","Finisher"],"picked":"Backstab","floor":2},{"not_picked":["Infinite Blades","Acrobatics"],"picked":"Dagger Throw","floor":3},{"not_picked":["Blur","Infinite Blades"],"picked":"Poisoned Stab","floor":4},{"not_picked":["Sucker Punch","Heel Hook"],"picked":"Deadly Poison","floor":5},{"not_picked":["Deadly Poison","Choke"],"picked":"Dodge and Roll","floor":6}],"player_experience":1926148,"relics_obtained":[{"floor":6,"key":"Matryoshka"}],"event_choices":[],"is_beta":false,"boss_relics":[],"items_purged_floors":[],"is_endless":false,"potions_floor_spawned":[6],"killed_by":"Gremlin Nob","ascension_level":20}}