{"host":"e1zuqie93klo2ncl","time":1609791755,"event":{"mods":["AchievementEnabler","BaseMod","Minty Spire (QoL Compilation)","Relic Stats","StSLib"],"gold_per_floor":[116,116,40,40,40,40,71,71,117,129,164,164,177,210,210,314,314,327,341,356,356,366,399,25,58,58,58,72,103,103,103,103,103,103],"floor_reached":33,"playtime":1879,"items_purged":["Strike_P"],"score":575,"play_id":"c928bbf2-59cf-46d7-a91e-5e040ba29d06","local_time":"20210104202235","is_ascension_mode":true,"campfire_choices":[{"data":"Vigilance","floor":6.0,"key":"SMITH"},{"data":"Crescendo","floor":8.0,"key":"SMITH"},{"data":"Adaptation","floor":12.0,"key":"SMITH"},{"data":"CutThroughFate","floor":15.0,"key":"SMITH"},{"floor":27,"key":"REST"},{"data":"1","floor":32,"key":"LIFT"}],"circlet_count":0,"master_deck":["AscendersBane","Strike_P","Defend_P","Defend_P+1","Defend_P","Defend_P","Eruption+1","Vigilance+1","Consecrate","Crescendo+1","EmptyFist+1","Adaptation+1","CutThroughFate+1","EmptyBody","Protect+1","Perseverance","Establishment","CurseOfTheBell","ReachHeaven","ClearTheMind","FlurryOfBlows+1","TalkToTheHand","Conclude","Sanctity","Halt+1","Omniscience","WaveOfTheHand"],"relics":["PureWater","NeowsBlessing","Dream Catcher","Bag of Preparation","Bronze Scales","Shuriken","Calling Bell","WingedGreaves","Pear","War Paint","Anchor","Girya","ClockworkSouvenir","Toy Ornithopter","StoneCalendar","Mercury Hourglass","Orichalcum"],"acts_visited":["Exordium","TheCity"],"potions_floor_usage":[20,22,22,23,25,29],"damage_taken":[{"damage":0.0,"enemies":"2 Louse","floor":1.0,"turns":2.0},{"damage":0.0,"enemies":"Lagavulin","floor":7.0,"turns":1.0},{"damage":0.0,"enemies":"Cultist","floor":10.0,"turns":1.0},{"damage":0.0,"enemies":"Gremlin Nob","floor":11.0,"turns":2.0},{"damage":0.0,"enemies":"Small Slimes","floor":13.0,"turns":2.0},{"damage":11.0,"enemies":"Lagavulin","floor":14.0,"turns":4.0},{"damage":17,"enemies":"Hexaghost","floor":16,"turns":9},{"damage":14,"enemies":"2 Thieves","floor":18,"turns":3},{"damage":9,"enemies":"Shell Parasite","floor":19,"turns":4},{"damage":23,"enemies":"Snake Plant","floor":20,"turns":4},{"damage":1,"enemies":"Shelled Parasite and Fungi","floor":22,"turns":3},{"damage":30,"enemies":"Slavers","floor":23,"turns":4},{"damage":12,"enemies":"Gremlin Leader","floor":25,"turns":6},{"damage":11,"enemies":"Snecko","floor":28,"turns":4},{"damage":20,"enemies":"Book of Stabbing","floor":29,"turns":4},{"damage":49,"enemies":"Collector","floor":33,"turns":6}],"seed_played":"-6505575190915837056","potions_obtained":[{"floor":7.0,"key":"Regen Potion"},{"floor":13.0,"key":"Swift Potion"},{"floor":16,"key":"SteroidPotion"},{"floor":18,"key":"EntropicBrew"},{"floor":22,"key":"EssenceOfSteel"},{"floor":23,"key":"FearPotion"},{"floor":28,"key":"Fire Potion"}],"is_trial":false,"path_per_floor":["M","?","$","?","?","R","E","R","T","M","E","R","M","E","R","B",null,"M","M","M","?","M","E","$","E","T","R","M","E","?","?","R","B"],"character_chosen":"WATCHER","items_purchased":["Crescendo","EmptyFist","ClockworkSouvenir","Toy Ornithopter"],"campfire_rested":1,"item_purchase_floors":[3,3,24,24],"current_hp_per_floor":[65,65,65,65,65,65,65,65,65,65,65,65,65,54,54,37,73,59,50,27,27,26,24,24,17,17,41,30,15,42,42,42,0,0],"gold":103,"neow_bonus":"THREE_ENEMY_KILL","is_daily":false,"chose_seed":false,"campfire_upgraded":4,"win_rate":0.0,"timestamp":1609791755,"path_taken":["M","?","?","?","?","R","E","R","T","M","E","R","M","E","R","BOSS","M","?","?","?","M","E","?","E","T","R","M","E","?","?","R","BOSS"],"items_purchased_type":["Card","Card","Relic","Relic"],"build_version":"2020-12-22","purchased_purges":1,"victory":false,"max_hp_per_floor":[72,72,72,72,72,72,72,72,72,72,72,72,72,72,72,72,82,82,82,82,82,82,82,82,82,82,82,82,82,82,82,82,82,82],"relic_stats":{"Dream Catcher":1,"counters":[16,59],"Shuriken":[17],"Bronze Scales":[199],"StoneCalendar":[0],"Bag of Preparation":[28],"War Paint":["Defend_P","Protect"],"Orichalcum":[6],"obtain_stats":[{"Girya":23,"Pear":17,"NeowsBlessing":0,"StoneCalendar":25,"Bag of Preparation":9,"War Paint":17,"Orichalcum":29,"ClockworkSouvenir":24,"Mercury Hourglass":26,"Calling Bell":17,"Dream Catcher":7,"Anchor":21,"Shuriken":14,"Bronze Scales":11,"WingedGreaves":17,"PureWater":0,"Toy Ornithopter":24},{"Girya":12,"Pear":7,"NeowsBlessing":0,"StoneCalendar":13,"Bag of Preparation":2,"War Paint":7,"Orichalcum":15,"ClockworkSouvenir":12,"Mercury Hourglass":13,"Calling Bell":7,"Dream Catcher":2,"Anchor":10,"Shuriken":6,"Bronze Scales":4,"WingedGreaves":7,"PureWater":0,"Toy Ornithopter":12},{"Girya":39,"Pear":21,"NeowsBlessing":0,"StoneCalendar":45,"Bag of Preparation":3,"War Paint":21,"Orichalcum":53,"ClockworkSouvenir":39,"Mercury Hourglass":45,"Calling Bell":21,"Dream Catcher":3,"Anchor":32,"Shuriken":12,"Bronze Scales":6,"WingedGreaves":21,"PureWater":0,"Toy Ornithopter":39}],"Toy Ornithopter":10,"Mercury Hourglass":[60]},"card_choices":[{"not_picked":["Prostrate","Evaluate"],"picked":"Consecrate","floor":1.0},{"not_picked":["Worship","DeceiveReality"],"picked":"Adaptation","floor":7.0},{"not_picked":["Nirvana","FlyingSleeves"],"picked":"CutThroughFate","floor":10.0},{"not_picked":["DeusExMachina","PathToVictory"],"picked":"EmptyBody","floor":11.0},{"not_picked":["JustLucky","Crescendo"],"picked":"Protect","floor":13.0},{"not_picked":["ConjureBlade","Crescendo"],"picked":"Perseverance","floor":14.0},{"not_picked":["Judgement","ConjureBlade"],"picked":"Establishment","floor":16},{"not_picked":["FlyingSleeves+1","DeceiveReality"],"picked":"ReachHeaven","floor":18},{"not_picked":["EmptyMind","Vengeance+1"],"picked":"ClearTheMind","floor":19},{"not_picked":["Nirvana","EmptyBody"],"picked":"FlurryOfBlows+1","floor":20},{"not_picked":["WreathOfFlame+1","Consecrate","Crescendo+1"],"picked":"SKIP","floor":22},{"not_picked":["SandsOfTime","CutThroughFate","FlyingSleeves"],"picked":"SKIP","floor":23},{"not_picked":["Brilliance","JustLucky+1"],"picked":"TalkToTheHand","floor":25},{"not_picked":["EmptyFist+1","CrushJoints"],"picked":"Conclude","floor":27},{"not_picked":["Vengeance+1","FlyingSleeves"],"picked":"Sanctity","floor":28},{"not_picked":["ThirdEye","Prostrate"],"picked":"Halt+1","floor":29}],"player_experience":826940,"relics_obtained":[{"floor":7.0,"key":"Dream Catcher"},{"floor":9.0,"key":"Bag of Preparation"},{"floor":11.0,"key":"Bronze Scales"},{"floor":14.0,"key":"Shuriken"},{"floor":17,"key":"WingedGreaves"},{"floor":17,"key":"Pear"},{"floor":17,"key":"War Paint"},{"floor":23,"key":"Girya"},{"floor":25,"key":"StoneCalendar"},{"floor":26,"key":"Mercury Hourglass"},{"floor":29,"key":"Orichalcum"}],"event_choices":[{"damage_healed":0.0,"max_hp_gain":0.0,"max_hp_loss":0.0,"gold_gain":0.0,"event_name":"Accursed Blacksmith","player_choice":"Forge","floor":2.0,"gold_loss":0.0,"damage_taken":0.0,"cards_upgraded":["Eruption"]},{"damage_healed":0.0,"max_hp_gain":0.0,"max_hp_loss":0.0,"gold_gain":0.0,"event_name":"The Cleric","player_choice":"Leave","floor":4.0,"gold_loss":0.0,"damage_taken":0.0},{"damage_healed":0.0,"max_hp_gain":0.0,"max_hp_loss":0.0,"gold_gain":0.0,"event_name":"Upgrade Shrine","player_choice":"Upgraded","floor":5.0,"gold_loss":0.0,"damage_taken":0.0,"cards_upgraded":["EmptyFist"]},{"damage_healed":0,"gold_gain":0,"player_choice":"Opened","damage_taken":0,"relics_obtained":["Anchor"],"max_hp_gain":0,"max_hp_loss":0,"event_name":"The Mausoleum","floor":21,"gold_loss":0},{"damage_healed":27,"gold_gain":0,"player_choice":"Heal","damage_taken":0,"max_hp_gain":0,"max_hp_loss":0,"event_name":"The Library","floor":30,"gold_loss":0},{"damage_healed":0,"gold_gain":0,"cards_transformed":["Strike_P","Strike_P"],"player_choice":"Became Test Subject","damage_taken":0,"max_hp_gain":0,"max_hp_loss":0,"event_name":"Drug Dealer","floor":31,"gold_loss":0,"cards_obtained":["Omniscience","WaveOfTheHand"]}],"is_beta":false,"boss_relics":[{"not_picked":["Busted Crown","SacredBark"],"picked":"Calling Bell"}],"items_purged_floors":[24],"is_endless":false,"potions_floor_spawned":[7,13,16,18,22,23,28],"killed_by":"Collector","ascension_level":11}}