{"host":"zcz0awyw9el3eccp","time":1609801606,"event":{"mods":["AchievementEnabler","BaseMod","Colored Powertips","Minty Spire (QoL Compilation)","Quick Restart"],"gold_per_floor":[119,134,134,134,152,183,35,67,67,67,95,113,128,156,156,261,261,277,293,140,140,140,169,44,44,44,44,74,91,119,119,119],"floor_reached":31,"playtime":2718,"items_purged":["Strike_G","Strike_G","Strike_G"],"score":316,"play_id":"e478009a-eb07-44d9-bd62-9b05ab8bac09","local_time":"20210105000646","is_ascension_mode":true,"campfire_choices":[{"floor":10,"key":"RECALL"},{"data":"Mayhem","floor":15,"key":"SMITH"},{"data":"Footwork","floor":25,"key":"SMITH"}],"circlet_count":0,"master_deck":["Strike_G","Defend_G","Defend_G","Defend_G","Defend_G","Defend_G","Survivor","Neutralize","Mayhem+1","Dodge and Roll","Backflip","Eviscerate","Dodge and Roll","Flash of Steel","Cloak And Dagger","Infinite Blades","Footwork+1","Backstab","Endless Agony","Sucker Punch","Noxious Fumes","Poisoned Stab","After Image","Endless Agony","Sucker Punch+1","Slice","Adrenaline+1","Poisoned Stab","Flying Knee","Outmaneuver+1"],"relics":["Ring of the Snake","Gambling Chip","Mango","Ornamental Fan","Art of War","Runic Pyramid","Enchiridion","Toxic Egg 2","Darkstone Periapt","Question Card","Bottled Lightning","Red Mask"],"acts_visited":["Exordium","TheCity"],"potions_floor_usage":[8,16,16,16,28,28],"damage_taken":[{"damage":0,"enemies":"Jaw Worm","floor":1,"turns":4},{"damage":0,"enemies":"2 Louse","floor":2,"turns":4},{"damage":0,"enemies":"Cultist","floor":5,"turns":3},{"damage":5,"enemies":"3 Sentries","floor":6,"turns":12},{"damage":23,"enemies":"Gremlin Nob","floor":8,"turns":6},{"damage":6,"enemies":"3 Sentries","floor":11,"turns":11},{"damage":0,"enemies":"Gremlin Gang","floor":12,"turns":6},{"damage":0,"enemies":"Blue Slaver","floor":13,"turns":3},{"damage":9,"enemies":"Gremlin Nob","floor":14,"turns":4},{"damage":3,"enemies":"Hexaghost","floor":16,"turns":8},{"damage":11,"enemies":"3 Byrds","floor":18,"turns":7},{"damage":0,"enemies":"Spheric Guardian","floor":19,"turns":6},{"damage":6,"enemies":"Book of Stabbing","floor":23,"turns":6},{"damage":21,"enemies":"Slavers","floor":28,"turns":5},{"damage":8,"enemies":"Centurion and Healer","floor":29,"turns":7},{"damage":8,"enemies":"Masked Bandits","floor":30,"turns":5},{"damage":0,"enemies":"Colosseum Slavers","floor":31,"turns":3},{"damage":18,"enemies":"Colosseum Nobs","floor":31,"turns":3}],"seed_played":"3573063037783689291","potions_obtained":[{"floor":6,"key":"Energy Potion"},{"floor":8,"key":"Strength Potion"},{"floor":12,"key":"LiquidBronze"},{"floor":13,"key":"Explosive Potion"},{"floor":18,"key":"Explosive Potion"},{"floor":19,"key":"FearPotion"}],"is_trial":false,"path_per_floor":["M","M","?","?","M","E","$","E","T","R","E","M","M","E","R","B",null,"M","M","$","?","?","E","$","R","T","T","E","M","?","?"],"character_chosen":"THE_SILENT","items_purchased":["Footwork","Slice"],"campfire_rested":0,"item_purchase_floors":[7,20],"current_hp_per_floor":[63,63,63,63,63,58,58,49,49,49,43,43,43,34,34,31,77,66,66,66,66,50,44,44,44,44,44,23,15,7,0,0],"gold":119,"neow_bonus":"RANDOM_COLORLESS_2","is_daily":false,"chose_seed":false,"campfire_upgraded":2,"win_rate":0.0,"timestamp":1609801606,"path_taken":["M","M","?","?","M","E","$","E","T","R","E","M","?","E","R","BOSS","M","?","$","?","?","E","?","R","T","?","E","?","?","?"],"items_purchased_type":["Card","Card"],"build_version":"2020-12-22","purchased_purges":3,"victory":false,"max_hp_per_floor":[63,63,63,63,63,63,63,77,77,77,77,77,77,77,77,77,77,77,77,77,77,77,77,77,77,77,77,77,77,77,77,77],"card_choices":[{"not_picked":["Magnetism","Secret Technique"],"picked":"Mayhem","floor":0},{"not_picked":["PiercingWail","Outmaneuver"],"picked":"Dodge and Roll","floor":1},{"not_picked":["Dodge and Roll","Dagger Spray"],"picked":"Backflip","floor":2},{"not_picked":["PiercingWail","Prepared"],"picked":"Cloak And Dagger","floor":5},{"not_picked":["Tools of the Trade","Reflex"],"picked":"Infinite Blades","floor":6},{"not_picked":["PiercingWail","Backflip"],"picked":"Backstab","floor":8},{"not_picked":["Riddle With Holes","Blur"],"picked":"Endless Agony","floor":11},{"not_picked":["Dodge and Roll","Prepared"],"picked":"Sucker Punch","floor":12},{"not_picked":["Calculated Gamble","Glass Knife"],"picked":"Noxious Fumes","floor":13},{"not_picked":["Expertise","Outmaneuver"],"picked":"Poisoned Stab","floor":14},{"not_picked":["Glass Knife","Wraith Form v2"],"picked":"After Image","floor":16},{"not_picked":["Dagger Throw+1","Masterful Stab"],"picked":"Endless Agony","floor":18},{"not_picked":["Reflex","Dagger Throw+1"],"picked":"Sucker Punch+1","floor":19},{"not_picked":["Deadly Poison+1","PiercingWail+1"],"picked":"Adrenaline+1","floor":23},{"not_picked":["Expertise+1","Distraction+1","PiercingWail+1"],"picked":"Poisoned Stab","floor":28},{"not_picked":["Reflex+1","Prepared+1","Acrobatics+1"],"picked":"Flying Knee","floor":29},{"not_picked":["Distraction+1","PiercingWail+1","Deadly Poison+1"],"picked":"Outmaneuver+1","floor":30}],"player_experience":71791,"relics_obtained":[{"floor":6,"key":"Gambling Chip"},{"floor":8,"key":"Mango"},{"floor":11,"key":"Ornamental Fan"},{"floor":14,"key":"Art of War"},{"floor":22,"key":"Enchiridion"},{"floor":23,"key":"Toxic Egg 2"},{"floor":26,"key":"Darkstone Periapt"},{"floor":27,"key":"Question Card"},{"floor":28,"key":"Bottled Lightning"},{"floor":30,"key":"Red Mask"}],"event_choices":[{"cards_removed":["Strike_G"],"damage_healed":0,"gold_gain":0,"player_choice":"Forget","damage_taken":0,"max_hp_gain":0,"max_hp_loss":0,"event_name":"Living Wall","floor":3,"gold_loss":0},{"damage_healed":0,"gold_gain":0,"player_choice":"3 cards matched","damage_taken":0,"max_hp_gain":0,"max_hp_loss":0,"event_name":"Match and Keep!","floor":4,"gold_loss":0,"cards_obtained":["Eviscerate","Dodge and Roll","Flash of Steel"]},{"damage_healed":0,"gold_gain":0,"player_choice":"3 cards matched","damage_taken":0,"max_hp_gain":0,"max_hp_loss":0,"event_name":"Match and Keep!","floor":4,"gold_loss":0,"cards_obtained":["Eviscerate","Dodge and Roll","Flash of Steel"]},{"damage_healed":0,"gold_gain":0,"player_choice":"Ignored","damage_taken":0,"max_hp_gain":0,"max_hp_loss":0,"event_name":"Ghosts","floor":21,"gold_loss":0},{"damage_healed":0,"gold_gain":0,"player_choice":"Obtained Book","damage_taken":16,"max_hp_gain":0,"max_hp_loss":0,"event_name":"Cursed Tome","floor":22,"gold_loss":0},{"damage_healed":0,"gold_gain":0,"player_choice":"Fought Bandits","damage_taken":0,"max_hp_gain":0,"max_hp_loss":0,"event_name":"Masked Bandits","floor":30,"gold_loss":0},{"damage_healed":0,"gold_gain":0,"player_choice":"Fight","damage_taken":0,"max_hp_gain":0,"max_hp_loss":0,"event_name":"Colosseum","floor":31,"gold_loss":0},{"damage_healed":0,"gold_gain":0,"player_choice":"Fought Nobs","damage_taken":0,"max_hp_gain":0,"max_hp_loss":0,"event_name":"Colosseum","floor":31,"gold_loss":0}],"is_beta":false,"boss_relics":[{"not_picked":["Velvet Choker","Runic Dome"],"picked":"Runic Pyramid"}],"items_purged_floors":[7,20,24],"is_endless":false,"potions_floor_spawned":[6,8,12,13,14,18,19,31],"killed_by":"Colosseum Nobs","ascension_level":1}}