{"host":"cv77zuuuekizn3ic","time":1609737796,"event":{"mods":["AchievementEnabler","BaseMod","Marisa£®ÏF”Í°°ƒß¿Ì…≥£©","Minty Spire (QoL Compilation)","StSLib","Waifu the Spire","everything is the same but u backflip on backflip","slay the spire mod where everything is the same but ironclad has a cowboy hat"],"gold_per_floor":[116,66,166,185,196,196,212,212,239,256,101,101,129,148,148,252,302,322,333,258,258,4,4,32,32,57,57,5,5,5],"floor_reached":29,"playtime":1842,"items_purged":["Strike_B","Strike_B"],"score":335,"play_id":"efb899ae-9e34-4a11-8e5b-4178c1919b8c","local_time":"20210104132316","is_ascension_mode":true,"campfire_choices":[{"data":"Redo","floor":6.0,"key":"SMITH"},{"data":"White Noise","floor":8.0,"key":"SMITH"},{"data":"Defragment","floor":12.0,"key":"SMITH"},{"data":"Hologram","floor":15.0,"key":"SMITH"},{"data":"Steam Power","floor":23.0,"key":"SMITH"},{"data":"Dualcast","floor":25.0,"key":"SMITH"},{"data":"Zap","floor":27.0,"key":"SMITH"}],"circlet_count":0,"master_deck":["Defend_B","Defend_B","Defend_B","Defend_B","Zap+1","Dualcast+1","Redo+1","White Noise+1","Darkness","Sunder","Steam Power+1","Defragment+1","Cold Snap","Hologram+1","Buffer+1","Cold Snap","Electrodynamics","Turbo"],"relics":["Cracked Core","NeowsBlessing","Dream Catcher","Odd Mushroom","Tiny House","Potion Belt","ClockworkSouvenir","DataDisk"],"acts_visited":["Exordium","TheCity"],"potions_floor_usage":[],"damage_taken":[{"damage":0.0,"enemies":"2 Louse","floor":1.0,"turns":1.0},{"damage":0.0,"enemies":"Cultist","floor":4.0,"turns":1.0},{"damage":0.0,"enemies":"Small Slimes","floor":5.0,"turns":1.0},{"damage":0.0,"enemies":"Exordium Wildlife","floor":7.0,"turns":3.0},{"damage":0.0,"enemies":"3 Louse","floor":10.0,"turns":3.0},{"damage":10.0,"enemies":"The Mushroom Lair","floor":13.0,"turns":3.0},{"damage":2.0,"enemies":"Looter","floor":14.0,"turns":3.0},{"damage":26.0,"enemies":"The Guardian","floor":16.0,"turns":9.0},{"damage":10.0,"enemies":"Chosen","floor":18.0,"turns":6.0},{"damage":0.0,"enemies":"Shell Parasite","floor":19.0,"turns":11.0},{"damage":40.0,"enemies":"Slavers","floor":24.0,"turns":9.0},{"damage":19,"enemies":"Book of Stabbing","floor":29,"turns":5}],"seed_played":"-3964354921126792869","potions_obtained":[{"floor":7.0,"key":"SteroidPotion"},{"floor":10.0,"key":"Block Potion"},{"floor":14.0,"key":"ColorlessPotion"},{"floor":16.0,"key":"LiquidMemories"},{"floor":17.0,"key":"PowerPotion"},{"floor":18.0,"key":"Block Potion"}],"is_trial":false,"path_per_floor":["M","?","?","M","M","R","M","R","T","M","$","R","?","M","R","B",null,"M","M","?","?","$","R","E","R","T","R","$","E"],"character_chosen":"DEFECT","items_purchased":["Defragment","ClockworkSouvenir","Turbo"],"campfire_rested":0,"item_purchase_floors":[11,22,28],"current_hp_per_floor":[68,68,68,68,68,68,68,68,68,68,68,68,58,56,56,30,69,59,59,59,59,59,59,19,19,19,19,19,0,0],"gold":5,"neow_bonus":"THREE_ENEMY_KILL","is_daily":false,"chose_seed":false,"campfire_upgraded":7,"win_rate":0.0,"timestamp":1609737796,"path_taken":["M","?","?","?","M","R","M","R","T","M","?","R","?","M","R","BOSS","M","M","?","?","$","R","E","R","T","R","$","E"],"items_purchased_type":["Card","Relic","Card"],"build_version":"2020-12-22","purchased_purges":2,"victory":false,"max_hp_per_floor":[75,75,75,75,75,75,75,75,75,75,75,75,75,75,75,75,80,80,80,80,80,80,80,80,80,80,80,80,80,80],"card_choices":[{"not_picked":["Rebound","Stack"],"picked":"Redo","floor":1.0},{"not_picked":["Leap","Storm"],"picked":"White Noise","floor":4.0},{"not_picked":["Redo","Ball Lightning"],"picked":"Darkness","floor":5.0},{"not_picked":["Machine Learning","Reinforced Body"],"picked":"Sunder","floor":7.0},{"not_picked":["Lockon","Sweeping Beam"],"picked":"Steam Power","floor":10.0},{"not_picked":["Go for the Eyes","Compile Driver"],"picked":"Cold Snap","floor":13.0},{"not_picked":["Cold Snap","Barrage"],"picked":"Hologram","floor":14.0},{"not_picked":["Seek","Creative AI"],"picked":"Buffer","floor":16.0},{"not_picked":["Sunder","Hologram"],"picked":"Cold Snap","floor":17.0},{"not_picked":["Sunder","Streamline+1","Barrage"],"picked":"SKIP","floor":18.0},{"not_picked":["Rebound+1","Reprogram","Redo"],"picked":"SKIP","floor":19.0},{"not_picked":["Skim+1","Sweeping Beam+1"],"picked":"Electrodynamics","floor":24.0}],"player_experience":698449,"relics_obtained":[{"floor":9.0,"key":"Dream Catcher"},{"floor":13.0,"key":"Odd Mushroom"},{"floor":26.0,"key":"DataDisk"}],"event_choices":[{"cards_removed":["Strike_B"],"damage_healed":0.0,"max_hp_gain":0.0,"max_hp_loss":0.0,"gold_gain":0.0,"event_name":"The Cleric","player_choice":"Card Removal","floor":2.0,"gold_loss":50.0,"damage_taken":0.0},{"damage_healed":0.0,"max_hp_gain":0.0,"max_hp_loss":0.0,"gold_gain":100.0,"event_name":"Golden Shrine","player_choice":"Pray","floor":3.0,"gold_loss":0.0,"damage_taken":0.0},{"damage_healed":0.0,"max_hp_gain":0.0,"max_hp_loss":0.0,"gold_gain":0.0,"event_name":"Mushrooms","player_choice":"Fought Mushrooms","floor":13.0,"gold_loss":0.0,"damage_taken":0.0},{"cards_removed":["Strike_B"],"damage_healed":0.0,"max_hp_gain":0.0,"max_hp_loss":0.0,"gold_gain":0.0,"event_name":"Beggar","player_choice":"Gave Gold","floor":20.0,"gold_loss":75.0,"damage_taken":0.0},{"damage_healed":0.0,"max_hp_gain":0.0,"max_hp_loss":0.0,"gold_gain":0.0,"event_name":"The Mausoleum","player_choice":"Opened","floor":21.0,"gold_loss":0.0,"damage_taken":0.0,"relics_obtained":["Potion Belt"]}],"is_beta":false,"boss_relics":[{"not_picked":["Snecko Eye","Cursed Key"],"picked":"Tiny House"}],"items_purged_floors":[11,22],"is_endless":false,"potions_floor_spawned":[7,10,14,16,18],"killed_by":"Book of Stabbing","ascension_level":9}}