{"host":"jn2qdns2nxijvlnt","time":1609796260,"event":{"mods":["BaseMod","Minty Spire (QoL Compilation)","Quick Restart"],"gold_per_floor":[118,118,118,141,66,66,90,90,169,189,232,246,289,301,313,454,466,491,516,528,528],"floor_reached":20,"playtime":1660,"items_purged":["Injury"],"score":217,"play_id":"6e3e8a01-1f62-4bfb-9c03-473fb49ea79e","local_time":"20210104163740","is_ascension_mode":true,"campfire_choices":[{"data":"Poisoned Stab","floor":6.0,"key":"SMITH"},{"data":"Neutralize","floor":8.0,"key":"SMITH"},{"floor":15.0,"key":"REST"}],"circlet_count":0,"master_deck":["Strike_G","Strike_G","Strike_G","Strike_G","Strike_G","Defend_G","Defend_G","Defend_G","Defend_G","Defend_G","Survivor","Neutralize+1","Blur+1","Poisoned Stab+1","Flying Knee","Bane","Catalyst","A Thousand Cuts","Backstab","Deadly Poison"],"relics":["Ring of the Serpent","Golden Idol","Omamori","Ornamental Fan","WingedGreaves","MawBank"],"acts_visited":["Exordium","TheCity"],"potions_floor_usage":[],"damage_taken":[{"damage":0.0,"enemies":"Jaw Worm","floor":1.0,"turns":5.0},{"damage":0.0,"enemies":"2 Louse","floor":4.0,"turns":3.0},{"damage":0.0,"enemies":"Cultist","floor":10.0,"turns":3.0},{"damage":0.0,"enemies":"Gremlin Nob","floor":11.0,"turns":3.0},{"damage":0.0,"enemies":"Looter","floor":12.0,"turns":3.0},{"damage":44.0,"enemies":"3 Sentries","floor":13.0,"turns":12.0},{"damage":37.0,"enemies":"The Guardian","floor":16.0,"turns":13.0},{"damage":32.0,"enemies":"2 Thieves","floor":18.0,"turns":5.0},{"damage":32.0,"enemies":"3 Byrds","floor":19.0,"turns":5.0},{"damage":3,"enemies":"Shelled Parasite and Fungi","floor":20,"turns":4}],"seed_played":"-570416868194601025","potions_obtained":[{"floor":0.0,"key":"Swift Potion"},{"floor":0.0,"key":"Regen Potion"},{"floor":0.0,"key":"SpeedPotion"},{"floor":1.0,"key":"BlessingOfTheForge"},{"floor":10.0,"key":"Strength Potion"},{"floor":13.0,"key":"BlessingOfTheForge"},{"floor":18.0,"key":"EssenceOfSteel"}],"is_trial":false,"path_per_floor":["M","?","?","M","$","R","T","R","T","M","E","M","E","?","R","B",null,"M","M","M"],"character_chosen":"THE_SILENT","items_purchased":[],"campfire_rested":1,"item_purchase_floors":[],"current_hp_per_floor":[70,70,70,70,70,70,70,70,70,70,70,70,35,35,56,19,70,38,6,3,3],"gold":528,"neow_bonus":"THREE_SMALL_POTIONS","is_daily":false,"chose_seed":false,"campfire_upgraded":2,"win_rate":0.0,"timestamp":1609796260,"path_taken":["M","?","?","M","?","R","?","R","T","M","E","?","E","?","R","BOSS","M","M","M"],"items_purchased_type":[],"build_version":"2020-12-22","purchased_purges":1,"victory":false,"max_hp_per_floor":[70,70,70,70,70,70,70,70,70,70,70,70,70,70,70,70,70,70,70,70,70],"card_choices":[{"not_picked":["Expertise","Dash"],"picked":"Blur","floor":1.0},{"not_picked":["Deadly Poison","Dodge and Roll"],"picked":"Poisoned Stab","floor":4.0},{"not_picked":["PiercingWail","Dodge and Roll"],"picked":"Flying Knee","floor":10.0},{"not_picked":["Flying Knee","Acrobatics"],"picked":"Wraith Form v2","floor":11.0},{"not_picked":["Dagger Spray","Flying Knee"],"picked":"Bane","floor":12.0},{"not_picked":["Dagger Spray","Backstab"],"picked":"Catalyst","floor":13.0},{"not_picked":["Tools of the Trade","Unload"],"picked":"A Thousand Cuts","floor":16.0},{"not_picked":["Reflex","Poisoned Stab"],"picked":"Backstab","floor":18.0},{"not_picked":["Endless Agony+1","Acrobatics"],"picked":"Deadly Poison","floor":19.0}],"player_experience":463396,"relics_obtained":[{"floor":7.0,"key":"Omamori"},{"floor":9.0,"key":"Ornamental Fan"},{"floor":11.0,"key":"WingedGreaves"},{"floor":13.0,"key":"MawBank"}],"event_choices":[{"damage_healed":0.0,"max_hp_gain":0.0,"max_hp_loss":0.0,"gold_gain":0.0,"event_name":"Golden Idol","player_choice":"Take Wound","floor":2.0,"gold_loss":0.0,"damage_taken":0.0,"relics_obtained":["Golden Idol"],"cards_obtained":["Injury"]},{"damage_healed":0.0,"max_hp_gain":0.0,"max_hp_loss":0.0,"gold_gain":0.0,"event_name":"Living Wall","player_choice":"Grow","floor":3.0,"gold_loss":0.0,"damage_taken":0.0,"cards_upgraded":["Blur"]},{"cards_removed":["Wraith Form v2"],"damage_healed":0.0,"max_hp_gain":0.0,"max_hp_loss":0.0,"gold_gain":0.0,"event_name":"Wheel of Change","player_choice":"Card Removal","floor":14.0,"gold_loss":0.0,"damage_taken":0.0}],"is_beta":false,"boss_relics":[{"not_picked":["Coffee Dripper","Runic Dome"],"picked":"Ring of the Serpent"}],"items_purged_floors":[5],"is_endless":false,"potions_floor_spawned":[1,10,13,18],"killed_by":"Shelled Parasite and Fungi","ascension_level":1}}