{"host":"kabf61oc9jgfwufg","time":1609781975,"event":{"mods":["AchievementEnabler","Act Like it!","Aspiration","BaseMod","Conspire","GifTheSpireLib","Halation","HexUI Lib","Hubris","Infinite Spire","Minty Spire (QoL Compilation)","Pale of the Ancients","Rare Cards Sparkle","Replay The Spire","StSLib","The Jungle"],"gold_per_floor":[113,113,113,130,55,83,103,103,103,3,21,40,40,57,57,155,155,171,182,182,182,332,332,347,347,347,347,347],"floor_reached":27,"playtime":848,"items_purged":["Strike_P","Defend_P"],"score":263,"play_id":"87a5db83-6459-4d73-924a-9801473b9d50","local_time":"20210104173935","is_ascension_mode":false,"campfire_choices":[{"data":"Adaptation","floor":8,"key":"SMITH"},{"floor":13,"key":"REST"},{"floor":15,"key":"REST"},{"floor":23,"key":"REST"}],"circlet_count":0,"master_deck":["Strike_P","Strike_P","Strike_P","Defend_P","Defend_P","Defend_P","Eruption","Vigilance","SandsOfTime","Tantrum","Adaptation+1","Adaptation","MentalFortress","Indignation","Consecrate","Replay:LoomingThreat","Replay:DivineShield+1"],"relics":["PureWater","CultistMask","Anchor","ReplayTheSpireMod:Ninjato","aspiration:SecretTechniqueScroll","halation:YellowSoulGem","Ring of Hypnosis","Replay:Bottled Flurry"],"acts_visited":["Exordium","Exordium"],"potions_floor_usage":[],"damage_taken":[{"damage":0,"enemies":"Jaw Worm","floor":1,"turns":3},{"damage":0,"enemies":"Small Slimes","floor":4,"turns":3},{"damage":31,"enemies":"Lagavulin","floor":6,"turns":5},{"damage":12,"enemies":"Cultist","floor":7,"turns":3},{"damage":27,"enemies":"2 Fungi Beasts","floor":11,"turns":3},{"damage":0,"enemies":"Large Slime","floor":12,"turns":3},{"damage":5,"enemies":"Looter","floor":14,"turns":2},{"damage":0,"enemies":"Slime Boss","floor":16,"turns":4},{"damage":10,"enemies":"theJungle:MUSHROOMGANG","floor":18,"turns":3},{"damage":43,"enemies":"Shell Parasite","floor":19,"turns":4},{"damage":30,"enemies":"theJungle:SlimyTreeVines","floor":24,"turns":4},{"damage":19,"enemies":"theJungle:Lyon","floor":27,"turns":2}],"seed_played":"-5364896026489158028","potions_obtained":[{"floor":6,"key":"SkillPotion"},{"floor":7,"key":"FearPotion"},{"floor":11,"key":"Death Potion"}],"is_trial":false,"path_per_floor":["M","?","?","M","$","E","M","R","T","$","M","M","R","M","R","B",null,"M","M","$","?","?","R","M","?","T","M"],"character_chosen":"WATCHER","items_purchased":[],"campfire_rested":3,"item_purchase_floors":[],"current_hp_per_floor":[72,72,72,72,72,41,29,29,29,29,2,2,23,18,39,39,72,62,19,19,19,19,40,15,15,15,0,0],"gold":347,"neow_bonus":"THREE_CARDS","is_daily":false,"chose_seed":false,"campfire_upgraded":1,"win_rate":0.0,"timestamp":1609781975,"path_taken":["M","?","?","M","$","E","M","R","T","$","M","M","R","M","R","BOSS","M","M","$","?","?","R","M","?","T","?"],"items_purchased_type":[],"build_version":"2020-12-22","purchased_purges":2,"victory":false,"max_hp_per_floor":[72,72,72,72,72,72,72,72,72,72,72,72,72,72,72,72,72,72,72,72,72,72,72,72,72,72,72,72],"card_choices":[{"not_picked":["Replay:BluntJabs","PathToVictory"],"picked":"SandsOfTime","floor":0},{"not_picked":["EmptyBody","Halt"],"picked":"Tantrum","floor":1},{"not_picked":["SashWhip","DeceiveReality"],"picked":"Adaptation","floor":4},{"not_picked":["EmptyFist","JustLucky"],"picked":"MentalFortress","floor":6},{"not_picked":["FlurryOfBlows","CarveReality"],"picked":"Indignation","floor":7},{"not_picked":["Fasting2","WaveOfTheHand","Halt"],"picked":"SKIP","floor":11},{"not_picked":["Vault","Prostrate","JustLucky"],"picked":"SKIP","floor":12},{"not_picked":["Replay:ManipulateFuture","Evaluate"],"picked":"Consecrate","floor":14},{"not_picked":["Devotion","ConjureBlade"],"picked":"Replay:LoomingThreat","floor":16},{"not_picked":["SashWhip+1","Protect","ThirdEye+1"],"picked":"SKIP","floor":18},{"not_picked":["ThirdEye+1","Tantrum+1","DeceiveReality+1"],"picked":"SKIP","floor":19},{"not_picked":["EmptyBody","Crescendo"],"picked":"Replay:DivineShield+1","floor":24}],"player_experience":36611,"relics_obtained":[{"floor":6,"key":"Anchor"},{"floor":9,"key":"ReplayTheSpireMod:Ninjato"},{"floor":25,"key":"Ring of Hypnosis"},{"floor":26,"key":"Replay:Bottled Flurry"}],"event_choices":[{"damage_healed":0,"gold_gain":0,"player_choice":"Trade","damage_taken":0,"relics_obtained":["CultistMask"],"max_hp_gain":0,"max_hp_loss":0,"event_name":"FaceTrader","floor":3,"gold_loss":0}],"is_beta":false,"boss_relics":[{"not_picked":["halation:PlatinumPhoenix","Velvet Choker"],"picked":"aspiration:SecretTechniqueScroll"}],"items_purged_floors":[5,10],"is_endless":false,"potions_floor_spawned":[6,7,11,16,18,24],"killed_by":"theJungle:Lyon","ascension_level":0}}