{"host":"1hv1kueuvc4r3rdp","time":1609747869,"event":{"mods":["AchievementEnabler","BaseMod","DeckTracker","Highlight Path","Minty Spire (QoL Compilation)","Permanent Neow","StSLib"],"gold_per_floor":[111,131,131,146,17,17,43,43,67,67,86,86,97,127,127,127,127],"floor_reached":16,"playtime":735,"items_purged":[],"score":154,"play_id":"dc965589-bb8f-42d7-b361-9b27321154fa","local_time":"20210104021109","is_ascension_mode":true,"campfire_choices":[{"data":"Streamline","floor":6,"key":"SMITH"},{"floor":8,"key":"REST"},{"data":"Defragment","floor":15,"key":"SMITH"}],"circlet_count":0,"master_deck":["Strike_B","Strike_B","Strike_B","Strike_B","Defend_B","Defend_B","Defend_B","Defend_B","Zap","Dualcast","Compile Driver","Streamline+1","Defragment+1","Sweeping Beam","Leap","Ball Lightning"],"relics":["Cracked Core","NeowsBlessing","Regal Pillow","Art of War","Lantern"],"acts_visited":["Exordium"],"potions_floor_usage":[14],"damage_taken":[{"damage":0,"enemies":"Small Slimes","floor":1,"turns":1},{"damage":0,"enemies":"Cultist","floor":2,"turns":1},{"damage":0,"enemies":"2 Louse","floor":4,"turns":1},{"damage":40,"enemies":"3 Sentries","floor":7,"turns":7},{"damage":7,"enemies":"Exordium Wildlife","floor":11,"turns":4},{"damage":0,"enemies":"3 Louse","floor":13,"turns":3},{"damage":32,"enemies":"Gremlin Nob","floor":14,"turns":4},{"damage":34,"enemies":"Slime Boss","floor":16,"turns":5}],"seed_played":"5720695927495892894","potions_obtained":[{"floor":2,"key":"PotionOfCapacity"},{"floor":3,"key":"Regen Potion"},{"floor":3,"key":"Energy Potion"}],"is_trial":false,"path_per_floor":["M","M","?","M","$","R","E","R","T","?","M","$","M","E","R","B"],"character_chosen":"DEFECT","items_purchased":["Defragment","Sweeping Beam"],"campfire_rested":1,"item_purchase_floors":[5,5],"current_hp_per_floor":[68,68,68,68,68,68,28,65,65,58,51,51,51,31,31,0,0],"gold":127,"neow_bonus":"THREE_ENEMY_KILL","is_daily":false,"chose_seed":false,"campfire_upgraded":2,"win_rate":0.0,"timestamp":1609747869,"path_taken":["M","M","?","M","?","R","E","R","T","?","M","$","M","E","R","BOSS"],"items_purchased_type":["Card","Card"],"build_version":"2020-12-22","purchased_purges":0,"victory":false,"max_hp_per_floor":[75,75,75,75,75,75,75,75,75,75,75,75,75,75,75,75,75],"card_choices":[{"not_picked":["Hologram","Rip and Tear"],"picked":"Compile Driver","floor":1},{"not_picked":["Stack","Reinforced Body"],"picked":"Streamline","floor":2},{"not_picked":["Beam Cell","Stack","Gash"],"picked":"SKIP","floor":4},{"not_picked":["Gash","Stack"],"picked":"Leap","floor":7},{"not_picked":["Redo","Buffer"],"picked":"Ball Lightning","floor":11},{"not_picked":["Hologram","Beam Cell","Gash"],"picked":"SKIP","floor":13},{"not_picked":["Stack","Sunder","Sweeping Beam"],"picked":"SKIP","floor":14}],"player_experience":1133033,"relics_obtained":[{"floor":7,"key":"Regal Pillow"},{"floor":9,"key":"Art of War"},{"floor":14,"key":"Lantern"}],"event_choices":[{"damage_healed":0,"gold_gain":0,"player_choice":"Got Potions","damage_taken":0,"max_hp_gain":0,"max_hp_loss":0,"event_name":"Lab","floor":3,"gold_loss":0},{"damage_healed":0,"gold_gain":0,"player_choice":"Damaged","damage_taken":7,"max_hp_gain":0,"max_hp_loss":0,"event_name":"Wheel of Change","floor":10,"gold_loss":0}],"is_beta":false,"boss_relics":[],"items_purged_floors":[],"is_endless":false,"potions_floor_spawned":[2,13],"killed_by":"Slime Boss","ascension_level":8}}