{"host":"6pfj0wha12yu6wq3","time":1609770895,"event":{"mods":["BaseMod","Colored Map","Colored Powertips","Curses Come First","DeckTracker","Minty Spire (QoL Compilation)","RNG Fix","Relic Sorter","Relic Stats","StSLib","ojb\u0027s Better Paths Mod","ojb\u0027s Info Mod"],"gold_per_floor":[113,131,149,72,83,83,113,127,127,143,157,157,182,23,23,97,97,115,126,126,126,126,126],"floor_reached":22,"playtime":1617,"items_purged":["Strike_G"],"score":396,"play_id":"dd022ac6-a462-45c1-939f-1a598c9bb512","local_time":"20210104093455","is_ascension_mode":true,"campfire_choices":[{"data":"Noxious Fumes","floor":6.0,"key":"SMITH"},{"data":"Outmaneuver","floor":12.0,"key":"SMITH"},{"data":"Outmaneuver","floor":15.0,"key":"SMITH"}],"circlet_count":0,"master_deck":["AscendersBane","Strike_G+1","Strike_G+1","Defend_G+1","Defend_G+1","Defend_G+1","Defend_G+1","Defend_G+1","Survivor","Neutralize","After Image","Footwork","Crippling Poison","Skewer","Noxious Fumes+1","Deadly Poison","Bane","Acrobatics","Blur","Outmaneuver+1","Outmaneuver+1","Well Laid Plans","Corpse Explosion","Necronomicurse"],"relics":["Ring of the Snake","Kunai","Matryoshka","Black Star","Necronomicon"],"acts_visited":["Exordium","TheCity"],"potions_floor_usage":[22],"damage_taken":[{"damage":0.0,"enemies":"2 Louse","floor":1.0,"turns":5.0},{"damage":4.0,"enemies":"Cultist","floor":2.0,"turns":7.0},{"damage":0.0,"enemies":"Small Slimes","floor":3.0,"turns":7.0},{"damage":0.0,"enemies":"Exordium Wildlife","floor":5.0,"turns":5.0},{"damage":17.0,"enemies":"3 Sentries","floor":7.0,"turns":7.0},{"damage":0.0,"enemies":"2 Fungi Beasts","floor":8.0,"turns":5.0},{"damage":10.0,"enemies":"3 Louse","floor":10.0,"turns":3.0},{"damage":3.0,"enemies":"Exordium Wildlife","floor":11.0,"turns":4.0},{"damage":7.0,"enemies":"Lagavulin","floor":13.0,"turns":7.0},{"damage":20.0,"enemies":"Slime Boss","floor":16.0,"turns":11.0},{"damage":0.0,"enemies":"3 Byrds","floor":18.0,"turns":3.0},{"damage":8.0,"enemies":"Shell Parasite","floor":19.0,"turns":6.0},{"damage":22,"enemies":"Masked Bandits","floor":22,"turns":3}],"seed_played":"3198317114907124836","potions_obtained":[{"floor":1.0,"key":"Ancient Potion"},{"floor":3.0,"key":"FairyPotion"},{"floor":10.0,"key":"DistilledChaos"},{"floor":11.0,"key":"GhostInAJar"},{"floor":16.0,"key":"Block Potion"},{"floor":19.0,"key":"Explosive Potion"}],"is_trial":false,"path_per_floor":["M","M","M","$","M","R","E","M","T","M","M","R","E","$","R","B",null,"M","M","?","?","?"],"character_chosen":"THE_SILENT","items_purchased":["Noxious Fumes","Well Laid Plans"],"campfire_rested":0,"item_purchase_floors":[4,14],"current_hp_per_floor":[59,55,55,55,55,55,38,38,38,28,25,25,18,18,18,18,50,50,42,42,21,0,0],"gold":126,"neow_bonus":"TRANSFORM_TWO_CARDS","is_daily":false,"chose_seed":false,"campfire_upgraded":3,"win_rate":0.0,"timestamp":1609770895,"path_taken":["M","?","M","$","M","R","E","M","T","M","M","R","E","?","R","BOSS","M","M","?","?","?"],"items_purchased_type":["Card","Card"],"build_version":"2020-12-22","purchased_purges":1,"victory":false,"max_hp_per_floor":[60,60,60,60,60,60,60,60,60,60,60,60,60,60,60,60,60,60,60,60,60,60,60],"relic_stats":{"counters":[13,73],"Black Star":0,"Necronomicon":[1],"Kunai":[4],"obtain_stats":[{"Matryoshka":13,"Black Star":17,"Necronomicon":21,"Kunai":7,"Ring of the Snake":0},{"Matryoshka":9,"Black Star":10,"Necronomicon":12,"Kunai":5,"Ring of the Snake":0},{"Matryoshka":50,"Black Star":61,"Necronomicon":70,"Kunai":31,"Ring of the Snake":0}],"Ring of the Snake":[26]},"card_choices":[{"not_picked":["Dodge and Roll","Terror"],"picked":"Crippling Poison","floor":1.0},{"not_picked":["Outmaneuver","Escape Plan","Accuracy"],"picked":"SKIP","floor":2.0},{"not_picked":["Bane","Dodge and Roll"],"picked":"Skewer","floor":3.0},{"not_picked":["Prepared","Dagger Throw"],"picked":"Deadly Poison","floor":5.0},{"not_picked":["Finisher","Calculated Gamble"],"picked":"Bane","floor":7.0},{"not_picked":["PiercingWail","Accuracy"],"picked":"Acrobatics","floor":8.0},{"not_picked":["Accuracy","Dodge and Roll"],"picked":"Blur","floor":10.0},{"not_picked":["Reflex","Grand Finale"],"picked":"Outmaneuver","floor":11.0},{"not_picked":["Flying Knee","Cloak And Dagger"],"picked":"Outmaneuver","floor":13.0},{"not_picked":["A Thousand Cuts","Glass Knife"],"picked":"Corpse Explosion","floor":16.0},{"not_picked":["Sucker Punch","Flying Knee+1","Bane"],"picked":"SKIP","floor":18.0},{"not_picked":["Eviscerate","Dagger Spray","Underhanded Strike"],"picked":"SKIP","floor":19.0}],"player_experience":98350,"relics_obtained":[{"floor":7.0,"key":"Kunai"},{"floor":13.0,"key":"Matryoshka"},{"floor":21.0,"key":"Necronomicon"}],"event_choices":[{"damage_healed":0.0,"max_hp_gain":0.0,"max_hp_loss":0.0,"gold_gain":0.0,"event_name":"Back to Basics","player_choice":"Simplicity","floor":20.0,"gold_loss":0.0,"damage_taken":0.0,"cards_upgraded":["Strike_G","Strike_G","Defend_G","Defend_G","Defend_G","Defend_G","Defend_G"]},{"damage_healed":0.0,"max_hp_gain":0.0,"max_hp_loss":0.0,"gold_gain":0.0,"event_name":"Cursed Tome","player_choice":"Obtained Book","floor":21.0,"gold_loss":0.0,"damage_taken":21.0},{"damage_healed":0,"gold_gain":0,"player_choice":"Fought Bandits","damage_taken":0,"max_hp_gain":0,"max_hp_loss":0,"event_name":"Masked Bandits","floor":22,"gold_loss":0}],"is_beta":false,"boss_relics":[{"not_picked":["Sozu","Calling Bell"],"picked":"Black Star"}],"items_purged_floors":[14],"is_endless":false,"potions_floor_spawned":[1,3,10,11,13,16,19],"killed_by":"Masked Bandits","ascension_level":20}}