{"host":"xu70nncme2eq5w87","time":1609726996,"event":{"mods":["AchievementEnabler","BaseMod","Colored Map","Colored Powertips","Minty Spire (QoL Compilation)","Quick Restart","StSLib"],"gold_per_floor":[119,138,138,138,138,172,91,191,214,214,58,58,91,104,104,205,205,225,236,16,32,32,32,32,32,32,32,32,45,62,62,62,160,160,174,224,112,112,112],"floor_reached":38,"playtime":871,"items_purged":[],"score":478,"play_id":"9a125f23-39e7-495e-b87c-8923703744ad","local_time":"20210103182316","is_ascension_mode":false,"campfire_choices":[{"data":"Zap","floor":10,"key":"SMITH"},{"floor":15,"key":"REST"},{"data":"Dualcast","floor":23,"key":"SMITH"},{"floor":25,"key":"REST"},{"data":"Defragment","floor":28,"key":"SMITH"},{"floor":32,"key":"REST"}],"circlet_count":0,"master_deck":["Strike_B","Strike_B","Strike_B","Strike_B","Defend_B","Defend_B","Defend_B+1","Defend_B","Zap+1","Dualcast+1","Ball Lightning+1","Storm","Loop","Buffer","CurseOfTheBell","Defragment+1","Loop","Loop","Self Repair","Conserve Battery","Thunder Strike"],"relics":["Cracked Core","NeowsBlessing","Lantern","Juzu Bracelet","Incense Burner","Calling Bell","Omamori","Matryoshka","Mango","Strawberry","Cables","The Courier","Bag of Marbles","Smiling Mask","CultistMask","Cursed Key","Gambling Chip","InkBottle"],"acts_visited":["Exordium","TheCity","TheBeyond"],"potions_floor_usage":[33],"damage_taken":[{"damage":0,"enemies":"2 Louse","floor":1,"turns":1},{"damage":0,"enemies":"Jaw Worm","floor":2,"turns":1},{"damage":0,"enemies":"3 Sentries","floor":6,"turns":1},{"damage":37,"enemies":"Gremlin Nob","floor":13,"turns":4},{"damage":1,"enemies":"Cultist","floor":14,"turns":3},{"damage":35,"enemies":"The Guardian","floor":16,"turns":10},{"damage":19,"enemies":"Chosen","floor":18,"turns":5},{"damage":22,"enemies":"2 Thieves","floor":19,"turns":5},{"damage":23,"enemies":"Chosen and Byrds","floor":21,"turns":6},{"damage":33,"enemies":"Centurion and Healer","floor":29,"turns":7},{"damage":28,"enemies":"Sentry and Sphere","floor":30,"turns":5},{"damage":0,"enemies":"Champ","floor":33,"turns":9},{"damage":25,"enemies":"3 Darklings","floor":35,"turns":5},{"damage":0,"enemies":"Mind Bloom Boss Battle","floor":36,"turns":4},{"damage":81,"enemies":"2 Orb Walkers","floor":38,"turns":4}],"seed_played":"-6918017281035513346","potions_obtained":[{"floor":6,"key":"DistilledChaos"},{"floor":14,"key":"SkillPotion"},{"floor":16,"key":"ColorlessPotion"},{"floor":29,"key":"FocusPotion"},{"floor":33,"key":"SteroidPotion"}],"is_trial":false,"path_per_floor":["M","M","?","?","$","E","$","?","T","R","$","?","E","M","R","B",null,"M","M","$","M","$","R","T","R","T","$","R","M","M","?","R","B",null,"M","?","?","?"],"character_chosen":"DEFECT","items_purchased":["Loop","Juzu Bracelet","Loop","Strawberry"],"campfire_rested":3,"item_purchase_floors":[7,11,20,20],"current_hp_per_floor":[75,75,75,60,60,60,60,60,60,60,60,60,23,22,44,9,89,70,48,55,32,32,32,32,60,60,60,60,34,13,13,41,48,96,78,78,78,0,0],"gold":112,"neow_bonus":"THREE_ENEMY_KILL","is_daily":false,"chose_seed":false,"campfire_upgraded":3,"win_rate":0.0,"timestamp":1609726996,"path_taken":["M","M","?","?","$","E","?","?","T","R","$","?","E","M","R","BOSS","M","M","$","M","?","R","?","R","T","$","R","M","M","?","R","BOSS","M","?","?","?"],"items_purchased_type":["Card","Relic","Card","Relic"],"build_version":"2020-12-22","purchased_purges":0,"victory":false,"max_hp_per_floor":[75,75,75,75,75,75,75,75,75,75,75,75,75,75,75,75,89,89,89,96,96,96,96,96,96,96,96,96,96,96,96,96,96,96,96,96,96,96,96],"card_choices":[{"not_picked":["Steam","Blizzard"],"picked":"Ball Lightning","floor":1},{"not_picked":["Hologram","Cold Snap"],"picked":"Storm","floor":2},{"not_picked":["Glacier","Compile Driver","Storm"],"picked":"SKIP","floor":6},{"not_picked":["Fission","Hologram","Streamline"],"picked":"SKIP","floor":13},{"not_picked":["Heatsinks","Redo","Core Surge"],"picked":"SKIP","floor":14},{"not_picked":["Machine Learning","Rainbow"],"picked":"Buffer","floor":16},{"not_picked":["White Noise","Leap+1"],"picked":"Defragment","floor":18},{"not_picked":["Stack","Steam+1"],"picked":"Loop","floor":19},{"not_picked":["Go for the Eyes+1","Hello World+1"],"picked":"Self Repair","floor":21},{"not_picked":["Rebound","Go for the Eyes"],"picked":"Conserve Battery","floor":29},{"not_picked":["Rip and Tear","Steam","Barrage"],"picked":"SKIP","floor":30},{"not_picked":["All For One","Meteor Strike"],"picked":"Thunder Strike","floor":33},{"not_picked":["Skim","Hologram+1","Stack"],"picked":"SKIP","floor":35}],"player_experience":213951,"relics_obtained":[{"floor":6,"key":"Lantern"},{"floor":13,"key":"Incense Burner"},{"floor":17,"key":"Omamori"},{"floor":17,"key":"Matryoshka"},{"floor":17,"key":"Mango"},{"floor":24,"key":"Cables"},{"floor":24,"key":"The Courier"},{"floor":26,"key":"Bag of Marbles"},{"floor":26,"key":"Smiling Mask"},{"floor":36,"key":"Gambling Chip"}],"event_choices":[{"damage_healed":0,"gold_gain":0,"player_choice":"Ignored","damage_taken":0,"max_hp_gain":0,"max_hp_loss":0,"event_name":"Liars Game","floor":3,"gold_loss":0},{"damage_healed":0,"gold_gain":0,"player_choice":"Entered Light","damage_taken":15,"max_hp_gain":0,"max_hp_loss":0,"event_name":"Shining Light","floor":4,"gold_loss":0,"cards_upgraded":["Defend_B","Ball Lightning"]},{"damage_healed":0,"gold_gain":100,"player_choice":"Gold","damage_taken":0,"max_hp_gain":0,"max_hp_loss":0,"event_name":"Wheel of Change","floor":8,"gold_loss":0},{"damage_healed":0,"gold_gain":0,"player_choice":"Ignored","damage_taken":0,"max_hp_gain":0,"max_hp_loss":0,"event_name":"NoteForYourself","floor":12,"gold_loss":0},{"damage_healed":0,"gold_gain":0,"player_choice":"Trade","damage_taken":0,"relics_obtained":["CultistMask"],"max_hp_gain":0,"max_hp_loss":0,"event_name":"FaceTrader","floor":31,"gold_loss":0},{"damage_healed":0,"gold_gain":0,"player_choice":"Fight","damage_taken":0,"max_hp_gain":0,"max_hp_loss":0,"event_name":"MindBloom","floor":36,"gold_loss":0},{"damage_healed":0,"gold_gain":0,"player_choice":"Paid Gold","damage_taken":0,"relics_obtained":["InkBottle"],"max_hp_gain":0,"max_hp_loss":0,"event_name":"WeMeetAgain","floor":37,"gold_loss":112},{"damage_healed":0,"gold_gain":0,"player_choice":"Fight","damage_taken":0,"max_hp_gain":0,"max_hp_loss":0,"event_name":"Mysterious Sphere","floor":38,"gold_loss":0}],"is_beta":false,"boss_relics":[{"not_picked":["FrozenCore","Velvet Choker"],"picked":"Calling Bell"},{"not_picked":["Astrolabe","Nuclear Battery"],"picked":"Cursed Key"}],"items_purged_floors":[],"is_endless":false,"potions_floor_spawned":[6,14,16,29,30,33],"killed_by":"2 Orb Walkers","ascension_level":0}}