{"host":"5s7sm4h73jkd9266","time":1609713143,"event":{"mods":["AchievementEnabler","Bartender","BaseMod","Better Match","Better Vampires","BetterRewards","Colored Map","Colored Powertips","Conspire","Downfall","Energized Spire","GifTheSpireLib","Hermit","Hubris","Magitek Elite","Marisa????????","Melee Mod","Minty Spire (QoL Compilation)","Potion Indicator Mod","Rare Cards Sparkle","Relic Stats","Replay The Spire","Robot Space Explorer","Shop Mod","StSLib","Stuff the Spire","The Bladedancer","The Blue Laboratory","The Cursed","The Disciple","The Dragon Tamer","The Forsaken","The Necromancer","The Wild Card","The Witch","Virulent Crown","everything is the same but u backflip on backflip","slay the spire mod where everything is the same but ironclad has a cowboy hat","vexMod"],"gold_per_floor":[116,132,132,132,187,219,219,247,247,247,259,272,24,44,44,121,121,140,100,4,16,16,16,16,16],"floor_reached":24,"playtime":2394,"items_purged":[],"score":545,"play_id":"490a9ac5-6759-49a3-a906-0e3b0ee339be","local_time":"20210103173223","is_ascension_mode":true,"campfire_choices":[{"floor":7.0,"key":"REST"},{"floor":10.0,"key":"REST"},{"floor":15,"key":"REST"},{"floor":23,"key":"REST"}],"circlet_count":0,"master_deck":["AscendersBane","Strike_G","Strike_G+1","Strike_G","Strike_G","Strike_G+1","Defend_G+1","Defend_G+1","Defend_G+1","Defend_G+1","Defend_G+1","Survivor","Neutralize","Caltrops","Deadly Poison","Backflip","Deadly Poison","StuffTheSpire:Python","Dash","Venomology","Infinite Blades","StuffTheSpire:Injection","Crippling Poison","expansioncontent:QuickStudy","Dash","StuffTheSpire:Shiver","Replay:Bag of Tricks+1","StuffTheSpire:Incursion","Footwork","Bane","Sucker Punch"],"relics":["Ring of the Snake","Strawberry","Pear","Whetstone","Darkstone Periapt","Gambling Chip","Replay:Bottled Eggs","Black Star"],"acts_visited":["Exordium","TheCity"],"potions_floor_usage":[14,16,18,21,21,22,22],"damage_taken":[{"damage":3.0,"enemies":"Cultist","floor":1.0,"turns":4.0},{"damage":3.0,"enemies":"conspire:RoseBush","floor":2.0,"turns":3.0},{"damage":6.0,"enemies":"Replay:BlueRogue","floor":6.0,"turns":6.0},{"damage":56.0,"enemies":"3 Sentries","floor":8.0,"turns":11.0},{"damage":5.0,"enemies":"2 Louse","floor":11.0,"turns":3.0},{"damage":7.0,"enemies":"2 Fungi Beasts","floor":12.0,"turns":4.0},{"damage":9,"enemies":"Exordium Thugs","floor":14,"turns":6},{"damage":13,"enemies":"Hexaghost","floor":16,"turns":8},{"damage":10,"enemies":"Spheric Guardian","floor":18,"turns":7},{"damage":26,"enemies":"Chosen","floor":21,"turns":5},{"damage":13,"enemies":"Snecko","floor":22,"turns":4},{"damage":49,"enemies":"Slavers","floor":24,"turns":3}],"seed_played":"6738557085600796262","potions_obtained":[{"floor":2.0,"key":"Ancient Potion"},{"floor":6.0,"key":"blueLaboratory:NullPotion"},{"floor":16,"key":"SmokeBomb"},{"floor":21,"key":"SkillPotion"}],"is_trial":false,"path_per_floor":["M","M","?","?","T","E","R","E","T","R","M","M","$","M","R","B",null,"M","?","$","M","M","R","E"],"character_chosen":"THE_SILENT","items_purchased":["Strawberry","Caltrops","Deadly Poison","Backflip","Pear","Deadly Poison","expansioncontent:QuickStudy","Dash","Footwork","Bane"],"campfire_rested":4,"item_purchase_floors":[0,0,0,0,0,0,13,13,20,20],"current_hp_per_floor":[50,47,47,55,55,49,73,17,17,41,36,29,29,20,44,33,72,62,62,62,36,23,48,0,0],"gold":16,"neow_bonus":"","is_daily":false,"chose_seed":false,"campfire_upgraded":0,"win_rate":0.0,"timestamp":1609713143,"path_taken":["M","?","?","?","?","E","R","E","T","R","M","M","$","M","R","BOSS","M","?","?","?","M","R","E"],"items_purchased_type":["Relic","Card","Card","Card","Relic","Card","Card","Card","Card","Card"],"build_version":"2020-12-22","purchased_purges":0,"victory":false,"max_hp_per_floor":[83,83,83,83,83,83,83,83,83,83,83,83,83,83,83,85,85,85,85,85,85,85,85,85,85],"relic_stats":{"Darkstone Periapt":0,"counters":[22,118],"Gambling Chip":[19],"Black Star":0,"Whetstone":["Strike_G","Strike_G"],"obtain_stats":[{"Darkstone Periapt":6,"vexMod:MemoryStick":10,"StuffTheSpire:Barrel":19,"Pear":0,"StuffTheSpire:Saxophone":14,"The Courier":9,"Whetstone":5,"Cursed Key":17,"Burning Blood":0,"Strawberry":0,"Gambling Chip":8,"Orrery":21,"Prayer Wheel":11,"conspire:BottledYoYo":20,"Black Star":17,"Membership Card":0,"Replay:Bottled Eggs":9,"Ring of the Snake":0},{"Darkstone Periapt":13,"vexMod:MemoryStick":6,"StuffTheSpire:Barrel":8,"Pear":10,"StuffTheSpire:Saxophone":6,"The Courier":5,"Whetstone":12,"Cursed Key":7,"Burning Blood":0,"Strawberry":0,"Gambling Chip":14,"Orrery":8,"Prayer Wheel":6,"conspire:BottledYoYo":8,"Black Star":18,"Membership Card":0,"Replay:Bottled Eggs":14,"Ring of the Snake":0},{"Darkstone Periapt":67,"vexMod:MemoryStick":24,"StuffTheSpire:Barrel":46,"Pear":54,"StuffTheSpire:Saxophone":24,"The Courier":19,"Whetstone":61,"Cursed Key":37,"Burning Blood":0,"Strawberry":0,"Gambling Chip":78,"Orrery":46,"Prayer Wheel":24,"conspire:BottledYoYo":46,"Black Star":99,"Membership Card":0,"Replay:Bottled Eggs":78,"Ring of the Snake":0}],"Ring of the Snake":[24]},"card_choices":[{"not_picked":["Blade Dance","Poisoned Stab"],"picked":"StuffTheSpire:Python","floor":1.0},{"not_picked":["Quick Slash","Deadly Poison"],"picked":"Dash","floor":2.0},{"not_picked":["Setup","Choke"],"picked":"Venomology","floor":6.0},{"not_picked":["Acrobatics","Slice"],"picked":"Infinite Blades","floor":8.0},{"not_picked":["Flechettes","Prepared"],"picked":"StuffTheSpire:Injection","floor":11.0},{"not_picked":["Calculated Gamble","Expertise"],"picked":"Crippling Poison","floor":12.0},{"not_picked":["Flying Knee","StuffTheSpire:ClusterCrunch"],"picked":"StuffTheSpire:Shiver","floor":14},{"not_picked":["Venomology","Corpse Explosion"],"picked":"Replay:Bag of Tricks","floor":16},{"not_picked":["Blade Dance","Sneak Up"],"picked":"StuffTheSpire:Incursion","floor":18},{"not_picked":["Choke","StuffTheSpire:BumpUp"],"picked":"Sucker Punch","floor":21}],"player_experience":5371399,"relics_obtained":[{"floor":5.0,"key":"Whetstone"},{"floor":6.0,"key":"Darkstone Periapt"},{"floor":8.0,"key":"Gambling Chip"},{"floor":9.0,"key":"Replay:Bottled Eggs"}],"event_choices":[{"damage_healed":0,"gold_gain":0,"player_choice":"Upgrade","damage_taken":0,"max_hp_gain":0,"max_hp_loss":0,"event_name":"Designer","floor":19,"gold_loss":40,"cards_upgraded":["Replay:Bag of Tricks"]}],"is_beta":false,"boss_relics":[{"not_picked":["Empty Cage","Replay:Grab Bag"],"picked":"Black Star"}],"items_purged_floors":[],"is_endless":false,"potions_floor_spawned":[2,6,12,16,21],"killed_by":"Slavers","ascension_level":14}}