{"host":"cs4mnqnj3e1ejebq","time":1609732504,"event":{"mods":["BaseMod","Hermit","Minty Spire (QoL Compilation)","StSLib","The Runesmith"],"gold_per_floor":[118,137,148,148,1,1,36,36,84,84,112,37,54,83,83,83,83],"floor_reached":16,"playtime":518,"items_purged":["Strike_G"],"score":153,"play_id":"149166fb-4e32-400c-ac8f-c902e59449e0","local_time":"20210104125504","is_ascension_mode":true,"campfire_choices":[{"data":"Poisoned Stab","floor":6,"key":"SMITH"},{"data":"Survivor","floor":8,"key":"SMITH"},{"data":"Backstab","floor":10,"key":"SMITH"},{"data":"Terror","floor":15,"key":"SMITH"}],"circlet_count":0,"master_deck":["Strike_G","Strike_G","Strike_G","Defend_G","Defend_G","Defend_G","Defend_G","Defend_G","Survivor+1","Neutralize+1","Backstab+1","Prepared","Poisoned Stab+1","Blade Dance","Terror+1","Storm of Steel"],"relics":["Ring of the Snake","Akabeko","Potion Belt","Nunchaku","Bottled Flame","Oddly Smooth Stone"],"acts_visited":["Exordium"],"potions_floor_usage":[7],"damage_taken":[{"damage":2,"enemies":"Cultist","floor":1,"turns":4},{"damage":0,"enemies":"Small Slimes","floor":2,"turns":3},{"damage":3,"enemies":"Jaw Worm","floor":3,"turns":7},{"damage":4,"enemies":"Gremlin Nob","floor":7,"turns":3},{"damage":17,"enemies":"3 Sentries","floor":11,"turns":10},{"damage":0,"enemies":"Blue Slaver","floor":13,"turns":1},{"damage":4,"enemies":"Gremlin Nob","floor":14,"turns":3},{"damage":57,"enemies":"Slime Boss","floor":16,"turns":9}],"seed_played":"-421279222599075509","potions_obtained":[{"floor":1,"key":"FairyPotion"},{"floor":3,"key":"BlessingOfTheForge"},{"floor":11,"key":"Energy Potion"}],"is_trial":false,"path_per_floor":["M","M","M","?","$","R","E","R","T","R","E","$","M","E","R","B"],"character_chosen":"THE_SILENT","items_purchased":["Akabeko"],"campfire_rested":0,"item_purchase_floors":[5],"current_hp_per_floor":[61,61,58,58,58,58,54,54,54,54,37,37,37,33,33,0,0],"gold":83,"neow_bonus":"REMOVE_CARD","is_daily":false,"chose_seed":false,"campfire_upgraded":4,"win_rate":0.0,"timestamp":1609732504,"path_taken":["M","M","?","?","?","R","E","R","T","R","E","$","M","E","R","BOSS"],"items_purchased_type":["Relic"],"build_version":"2020-12-22","purchased_purges":1,"victory":false,"max_hp_per_floor":[70,70,70,70,70,70,70,70,70,70,70,70,70,70,70,70,70],"card_choices":[{"not_picked":["Riddle With Holes","Flying Knee"],"picked":"Backstab","floor":1},{"not_picked":["Outmaneuver","Leg Sweep"],"picked":"Prepared","floor":2},{"not_picked":["Dagger Throw","Catalyst"],"picked":"Poisoned Stab","floor":3},{"not_picked":["All Out Attack","Underhanded Strike","Sucker Punch"],"picked":"SKIP","floor":7},{"not_picked":["Cloak And Dagger","Dagger Spray"],"picked":"Blade Dance","floor":11},{"not_picked":["Quick Slash","Poisoned Stab"],"picked":"Terror","floor":13},{"not_picked":["Slice","Leg Sweep"],"picked":"Storm of Steel","floor":14}],"player_experience":204968,"relics_obtained":[{"floor":7,"key":"Potion Belt"},{"floor":9,"key":"Nunchaku"},{"floor":11,"key":"Bottled Flame"},{"floor":14,"key":"Oddly Smooth Stone"}],"event_choices":[{"damage_healed":0,"gold_gain":0,"player_choice":"Forge","damage_taken":0,"max_hp_gain":0,"max_hp_loss":0,"event_name":"Accursed Blacksmith","floor":4,"gold_loss":0,"cards_upgraded":["Neutralize"]}],"is_beta":false,"boss_relics":[],"items_purged_floors":[12],"is_endless":false,"potions_floor_spawned":[1,3,11],"killed_by":"Slime Boss","ascension_level":6}}