{"host":"e48gchmu8shm63ip","time":1609803290,"event":{"mods":["Abigail Mod","AchievementEnabler","Act Like it!","Bartender","BaseMod","Better Match","Better Note","Better Vampires","CapriCore","DeckTracker","Exacting","Fireblade Mod","Gensokyo","Googly Eyes","Hallownest","Hermit","HololiveMod","Infinite Spire","Jorbs\u0027s Wanderer Trilogy","Koishi","Marisa????????","Minty Spire (QoL Compilation)","Railgun Mod","Rare Cards Sparkle","Relic Filter","Robot Space Explorer","Shade Mod","StSLib","The Animator","The Caster","The Construct","The Death Knight","The Dragon Tamer","The Forsaken","The Immortal","The Judge","The Marked","The Poker Player","The Servant 0.9.4","TheFirefly","TheLocksmith","TheSwordswoman","Waifu the Spire"],"gold_per_floor":[115,65,82,94,94,124,124,140,140,170,13,40,91,16,16,115,115,141,141,141,241,260,260,260],"floor_reached":23,"playtime":1078,"items_purged":["Shade:CarefulCut"],"score":197,"play_id":"38122cfe-1e90-426e-aeeb-9719c1fb1623","local_time":"20210105003450","is_ascension_mode":false,"campfire_choices":[{"floor":7,"key":"REST"},{"floor":15,"key":"REST"}],"circlet_count":0,"master_deck":["Shade:Strike_Shade","Shade:Strike_Shade","Shade:Strike_Shade","Shade:Strike_Shade","Shade:Defend_Shade","Shade:Defend_Shade","Shade:Defend_Shade","Shade:Defend_Shade","Shade:AnimateDead","Shade:Bonestorm","theForsaken:PlagueCurse","Shade:Doomsay","Shade:FuneraryJewels","Shade:Excise","Shade:FleshOffering","Shade:Carnophage+1"],"relics":["Shade:YorickSkull","construct:BoolHorns","theForsaken:PlagueMask","theForsaken:Kindling","infinitespire:ShieldingShard","theForsaken:Lifeblossom","infinitespire:Lucky Rock","theForsaken:PaleLantern"],"acts_visited":["Exordium","TheCity"],"potions_floor_usage":[],"damage_taken":[{"damage":0,"enemies":"Small Slimes","floor":1,"turns":3},{"damage":0,"enemies":"Cultist","floor":3,"turns":5},{"damage":0,"enemies":"2 Louse","floor":4,"turns":3},{"damage":38,"enemies":"Lagavulin","floor":6,"turns":6},{"damage":13,"enemies":"Exordium Wildlife","floor":8,"turns":4},{"damage":7,"enemies":"3 Sentries","floor":13,"turns":5},{"damage":33,"enemies":"Slime Boss","floor":16,"turns":12},{"damage":0,"enemies":"Spheric Guardian","floor":18,"turns":3},{"damage":0,"enemies":"2 Thieves","floor":22,"turns":3},{"damage":79,"enemies":"Book of Stabbing","floor":23,"turns":9}],"seed_played":"-3415646013458301044","potions_obtained":[{"floor":3,"key":"PowerPotion"},{"floor":8,"key":"Strength Potion"},{"floor":8,"key":"EssenceOfSteel"}],"is_trial":false,"path_per_floor":["M","?","M","M","?","E","R","M","T","?","$","T","E","$","R","B",null,"M","?","?","?","M","E"],"character_chosen":"SHADE","items_purchased":["theForsaken:Lifeblossom"],"campfire_rested":2,"item_purchase_floors":[11],"current_hp_per_floor":[65,65,65,65,65,27,51,38,38,38,38,38,37,37,63,36,75,75,75,75,75,75,0,0],"gold":260,"neow_bonus":"THREE_CARDS","is_daily":false,"chose_seed":false,"campfire_upgraded":0,"win_rate":0.0,"timestamp":1609803290,"path_taken":["M","?","?","?","?","E","R","M","T","?","$","?","E","?","R","BOSS","M","?","?","?","M","E"],"items_purchased_type":["Relic"],"build_version":"2020-12-22","purchased_purges":1,"victory":false,"max_hp_per_floor":[65,65,65,65,65,65,70,70,70,70,70,70,70,70,75,75,75,75,75,75,75,75,75,75],"card_choices":[{"not_picked":["Shade:Asphyxiate","Shade:SkeletonHug","Shade:FuneraryArmor"],"picked":"SKIP","floor":1},{"not_picked":["Shade:Premonition","Shade:FreshBones","Shade:LyeBath"],"picked":"SKIP","floor":3},{"not_picked":["Shade:Premonition","Shade:TouchOfTheGrave"],"picked":"Shade:Bonestorm","floor":4},{"not_picked":["Shade:DarkOfNight","Shade:Premonition"],"picked":"Shade:Doomsay","floor":6},{"not_picked":["Shade:FingerOfDeath","Shade:Frenzy"],"picked":"Shade:FuneraryJewels","floor":8},{"not_picked":["Shade:FleshToFlesh","Shade:TouchOfTheGrave"],"picked":"Shade:Excise","floor":13},{"not_picked":["Shade:Tombstone","Shade:MadHubris"],"picked":"Shade:GreaterAnimation","floor":16},{"not_picked":["Shade:SpontaneousRitual","Shade:PotionOfRestlessness","Shade:CloudOfShrapnel"],"picked":"SKIP","floor":18},{"not_picked":["Shade:SkeletonArmy","Shade:RitualOffering"],"picked":"Shade:Carnophage+1","floor":22}],"player_experience":609211,"relics_obtained":[{"floor":6,"key":"theForsaken:Kindling"},{"floor":12,"key":"infinitespire:Lucky Rock"}],"event_choices":[{"damage_healed":0,"gold_gain":0,"player_choice":"Paid Gold","damage_taken":0,"relics_obtained":["construct:BoolHorns"],"max_hp_gain":0,"max_hp_loss":0,"event_name":"WeMeetAgain","floor":2,"gold_loss":50},{"damage_healed":0,"gold_gain":0,"player_choice":"Obtain Plague Curse","damage_taken":0,"max_hp_gain":0,"max_hp_loss":0,"event_name":"Plague Doctor","floor":5,"gold_loss":0,"cards_obtained":["theForsaken:PlagueCurse"]},{"damage_healed":0,"gold_gain":30,"player_choice":"Searched \u00272\u0027 times","damage_taken":0,"relics_obtained":["infinitespire:ShieldingShard"],"max_hp_gain":0,"max_hp_loss":0,"event_name":"Dead Adventurer","floor":10,"gold_loss":0},{"damage_healed":0,"gold_gain":0,"player_choice":"Bought 0 Potions","damage_taken":0,"max_hp_gain":0,"max_hp_loss":0,"event_name":"The Woman in Blue","floor":19,"gold_loss":0},{"damage_healed":0,"gold_gain":0,"cards_transformed":["Shade:GreaterAnimation"],"player_choice":"Transformed","damage_taken":0,"max_hp_gain":0,"max_hp_loss":0,"event_name":"Transmorgrifier","floor":20,"gold_loss":0,"cards_obtained":["Shade:FleshOffering"]},{"damage_healed":0,"gold_gain":100,"player_choice":"Pray","damage_taken":0,"max_hp_gain":0,"max_hp_loss":0,"event_name":"Golden Shrine","floor":21,"gold_loss":0}],"is_beta":false,"boss_relics":[{"not_picked":["Runic Pyramid","Fusion Hammer"],"picked":"theForsaken:PaleLantern"}],"items_purged_floors":[14],"is_endless":false,"potions_floor_spawned":[3,8,16,22],"killed_by":"Book of Stabbing","ascension_level":0}}