{"host":"344lv32hnei0mdhu","time":1609796186,"event":{"mods":["Act Like it!","BaseMod","Better Match","Better Sensory Stone","Better Skull","Better Third Choice","Better Vampires","Colored Powertips","Highlight Path","Minty Spire (QoL Compilation)","Quick Restart","Random Character Button","Rare Cards Sparkle","StSLib"],"gold_per_floor":[116,291,291,310,310,341,355,384,384,401,1,17,51,61,61,160,160,172,172,184,38,49,49,49,49],"floor_reached":24,"playtime":1789,"items_purged":[],"score":424,"play_id":"67a0d3f0-d776-4132-8840-a46484761430","local_time":"20210104153626","is_ascension_mode":true,"campfire_choices":[{"floor":15,"key":"REST"},{"floor":23,"key":"REST"}],"circlet_count":0,"master_deck":["Strike_P","Strike_P+1","Strike_P","Defend_P","Defend_P","Defend_P","Defend_P","Eruption","Vigilance","Tantrum","SignatureMove","FlyingSleeves+1","ClearTheMind","DevaForm","WheelKick+1","WheelKick+1","MasterReality","LessonLearned+1","ReachHeaven+1","Ragnarok+1","Protect+1","Evaluate+1"],"relics":["PureWater","NeowsBlessing","Spirit Poop","Molten Egg 2","Kunai","Eternal Feather","DollysMirror","Mummified Hand","Toxic Egg 2","Black Star","Membership Card"],"acts_visited":["Exordium","TheCity"],"potions_floor_usage":[12,18,22,22,24],"damage_taken":[{"damage":0,"enemies":"2 Louse","floor":1,"turns":1},{"damage":0,"enemies":"Small Slimes","floor":4,"turns":1},{"damage":0,"enemies":"Gremlin Nob","floor":6,"turns":1},{"damage":0,"enemies":"Cultist","floor":7,"turns":2},{"damage":20,"enemies":"Lagavulin","floor":8,"turns":3},{"damage":4,"enemies":"2 Fungi Beasts","floor":10,"turns":4},{"damage":10,"enemies":"Lots of Slimes","floor":12,"turns":4},{"damage":24,"enemies":"3 Sentries","floor":13,"turns":4},{"damage":0,"enemies":"Large Slime","floor":14,"turns":3},{"damage":0,"enemies":"Slime Boss","floor":16,"turns":5},{"damage":0,"enemies":"3 Byrds","floor":18,"turns":4},{"damage":18,"enemies":"Shell Parasite","floor":20,"turns":5},{"damage":37,"enemies":"Shelled Parasite and Fungi","floor":22,"turns":6},{"damage":44,"enemies":"Book of Stabbing","floor":24,"turns":4}],"seed_played":"-2698533880620400254","potions_obtained":[{"floor":1,"key":"SpeedPotion"},{"floor":13,"key":"GamblersBrew"},{"floor":16,"key":"DuplicationPotion"},{"floor":20,"key":"BlessingOfTheForge"},{"floor":22,"key":"Block Potion"}],"is_trial":false,"path_per_floor":["M","?","?","M","?","E","M","E","T","M","$","M","E","M","R","B",null,"M","?","M","$","M","R","E"],"character_chosen":"WATCHER","items_purchased":["DollysMirror","Mummified Hand","Membership Card"],"campfire_rested":2,"item_purchase_floors":[11,11,21],"current_hp_per_floor":[65,65,65,65,65,65,65,45,45,41,41,31,7,7,37,37,63,63,63,45,45,8,41,0,0],"gold":49,"neow_bonus":"THREE_ENEMY_KILL","is_daily":false,"chose_seed":false,"campfire_upgraded":0,"win_rate":0.0,"timestamp":1609796186,"path_taken":["M","?","?","?","?","E","M","E","T","M","$","?","E","M","R","BOSS","M","?","M","$","M","R","E"],"items_purchased_type":["Relic","Relic","Relic"],"build_version":"2020-12-22","purchased_purges":0,"victory":false,"max_hp_per_floor":[72,72,72,72,72,72,72,72,72,72,72,72,72,72,72,72,72,72,72,72,72,72,72,72,72],"card_choices":[{"not_picked":["CarveReality","FlyingSleeves"],"picked":"Tantrum","floor":1},{"not_picked":["Study","Evaluate"],"picked":"SignatureMove","floor":4},{"not_picked":["Evaluate","Halt"],"picked":"FlyingSleeves+1","floor":6},{"not_picked":["JustLucky+1","Prostrate"],"picked":"ClearTheMind","floor":7},{"not_picked":["FlyingSleeves+1","Tantrum+1"],"picked":"DevaForm","floor":8},{"not_picked":["CutThroughFate+1","JustLucky+1"],"picked":"WheelKick+1","floor":10},{"not_picked":["FlurryOfBlows+1","Prostrate"],"picked":"MasterReality","floor":12},{"not_picked":["InnerPeace+1","CrushJoints+1"],"picked":"LessonLearned+1","floor":13},{"not_picked":["FlyingSleeves+1","CrushJoints+1"],"picked":"ReachHeaven+1","floor":14},{"not_picked":["DeusExMachina+1","Devotion"],"picked":"Ragnarok+1","floor":16},{"not_picked":["FearNoEvil+1","SashWhip+1"],"picked":"Protect+1","floor":18},{"not_picked":["FlurryOfBlows+1","BowlingBash+1"],"picked":"Evaluate+1","floor":20},{"not_picked":["Weave+1","Worship+1","EmptyMind+1"],"picked":"SKIP","floor":22}],"player_experience":309887,"relics_obtained":[{"floor":6,"key":"Molten Egg 2"},{"floor":8,"key":"Kunai"},{"floor":9,"key":"Eternal Feather"},{"floor":13,"key":"Toxic Egg 2"}],"event_choices":[{"damage_healed":0,"gold_gain":175,"player_choice":"AGREE","damage_taken":116,"max_hp_gain":0,"max_hp_loss":0,"event_name":"betterThird:BetterSerpent","floor":2,"gold_loss":0},{"cards_removed":["Doubt"],"damage_healed":0,"gold_gain":0,"player_choice":"Offered Curse","damage_taken":0,"relics_obtained":["Spirit Poop"],"max_hp_gain":0,"max_hp_loss":0,"event_name":"Bonfire Elementals","floor":3,"gold_loss":0},{"cards_removed":["Strike_P"],"damage_healed":0,"gold_gain":0,"player_choice":"Purged","damage_taken":0,"max_hp_gain":0,"max_hp_loss":0,"event_name":"Purifier","floor":5,"gold_loss":0},{"damage_healed":0,"gold_gain":0,"player_choice":"Ignored","damage_taken":0,"max_hp_gain":0,"max_hp_loss":0,"event_name":"Vampires","floor":19,"gold_loss":0}],"is_beta":false,"boss_relics":[{"not_picked":["Ectoplasm","Busted Crown"],"picked":"Black Star"}],"items_purged_floors":[],"is_endless":false,"potions_floor_spawned":[1,13,16,20,22],"killed_by":"Book of Stabbing","ascension_level":9}}