{"host":"xrbxyo513dr24h85","time":1609787542,"event":{"mods":["BaseMod","Better Third Choice","Colored Map","Downfall","Googly Eyes","Halation","Hubris","Lobotomy","Minty Spire (QoL Compilation)","Random Character Button","Relic Stats","Replay The Spire","Retaliation","StSLib","The Blue Laboratory"],"gold_per_floor":[119,130,130,144,159,192,207,207,207,207,207,207,224,242,242,342,342,355,355,463,423,433,467,467,484,484,583,596,374,388,421,421,517,517,532,253,253,179,196,196,246,246,246,246,365,376,376,392,392,392,392,392,302,337,462,462],"floor_reached":55,"playtime":1951,"items_purged":[],"score":734,"play_id":"56961a22-095d-4020-a6d1-08acc9c8fbe5","local_time":"20210104111222","is_ascension_mode":false,"campfire_choices":[{"floor":8,"key":"REST"},{"data":"Zap","floor":10,"key":"SMITH"},{"floor":15,"key":"REST"},{"floor":24,"key":"REST"},{"floor":32,"key":"REST"},{"data":"Defragment","floor":40,"key":"SMITH"},{"floor":42,"key":"RECALL"},{"floor":49,"key":"DIG"},{"data":"Consume","floor":52,"key":"SMITH"}],"circlet_count":0,"master_deck":["Strike_B","Strike_B","Strike_B","Defend_B","Defend_B+1","Defend_B","Zap+1","Dualcast","Barrage","Fusion+1","Cold Snap","Cold Snap","Cold Snap","Leap","Chill+1","Mirror Shield","Barrage","Storm","Glacier","Redo","Capacitor","Crystallizer","Defragment+1","Reboot","ReplayTheSpireMod:Calculation Training+1","Defragment+1","Replay:SS_hec_2+1","Self Repair+1","Consume+1","Conserve Battery+1","ReplayTheSpireMod:Calculation Training","Stack+1","Static Discharge+1","Compile Driver","Chaos+1"],"relics":["Cracked Core","Toy Ornithopter","MutagenicStrength","Lizard Tail","StrikeDummy","halation:Thesaurus","Regal Pillow","Omamori","Sozu","Frozen Egg 2","Ice Cream","Sundial","hubris:Icosahedron","Du-Vu Doll","halation:IllGainedPizza"],"acts_visited":["Exordium","TheCity","TheBeyond","TheEnding"],"potions_floor_usage":[6,16,16,23,31,33,33],"damage_taken":[{"damage":6,"enemies":"Jaw Worm","floor":1,"turns":3},{"damage":0,"enemies":"Small Slimes","floor":2,"turns":3},{"damage":7,"enemies":"2 Louse","floor":4,"turns":2},{"damage":9,"enemies":"Red Slaver","floor":5,"turns":3},{"damage":38,"enemies":"3 Sentries","floor":6,"turns":9},{"damage":9,"enemies":"3 Louse","floor":7,"turns":3},{"damage":4,"enemies":"Large Slime","floor":13,"turns":5},{"damage":6,"enemies":"2 Fungi Beasts","floor":14,"turns":3},{"damage":27,"enemies":"The Guardian","floor":16,"turns":15},{"damage":0,"enemies":"3 Byrds","floor":18,"turns":5},{"damage":3,"enemies":"Shell Parasite","floor":22,"turns":4},{"damage":26,"enemies":"Book of Stabbing","floor":23,"turns":7},{"damage":10,"enemies":"Snake Plant","floor":25,"turns":5},{"damage":8,"enemies":"Snecko","floor":28,"turns":10},{"damage":6,"enemies":"Cultist and Chosen","floor":30,"turns":9},{"damage":1,"enemies":"Replay:Snechameleon","floor":31,"turns":6},{"damage":47,"enemies":"Collector","floor":33,"turns":17},{"damage":12,"enemies":"3 Darklings","floor":35,"turns":6},{"damage":0,"enemies":"Orb Walker","floor":39,"turns":4},{"damage":26,"enemies":"2 Orb Walkers","floor":41,"turns":9},{"damage":36,"enemies":"Sphere and 2 Shapes","floor":45,"turns":6},{"damage":31,"enemies":"Transient","floor":46,"turns":5},{"damage":0,"enemies":"3 Darklings","floor":48,"turns":8},{"damage":15,"enemies":"Time Eater","floor":50,"turns":19},{"damage":26,"enemies":"Shield and Spear","floor":54,"turns":8},{"damage":71,"enemies":"The Heart","floor":55,"turns":3}],"seed_played":"-7284425638587294664","potions_obtained":[{"floor":0,"key":"blueLaboratory:TeslaPotion"},{"floor":0,"key":"champ:CounterPotion"},{"floor":0,"key":"Dexterity Potion"},{"floor":7,"key":"EssenceOfSteel"},{"floor":16,"key":"blueLaboratory:BubblePotion"},{"floor":18,"key":"FearPotion"},{"floor":23,"key":"LifebloodPotion"},{"floor":28,"key":"DuplicationPotion"}],"is_trial":false,"path_per_floor":["M","M","?","M","M","E","M","R","T","R","?","?","M","M","R","B",null,"M","?","?","?","M","E","R","M","T","?","M","$","M","E","R","B",null,"M","$","?","$","M","R","?","R","T","?","M","M","?","M","R_BF","B",null,"R","$","E","B"],"character_chosen":"DEFECT","items_purchased":["halation:Thesaurus","Crystallizer","Frozen Egg 2","Defragment+1","Self Repair+1","Static Discharge+1","Compile Driver"],"campfire_rested":4,"item_purchase_floors":[29,29,36,36,38,53,53],"current_hp_per_floor":[69,69,69,62,53,15,6,28,28,28,21,21,17,11,33,16,75,75,75,45,45,42,21,43,33,33,33,25,25,19,23,60,23,75,63,63,63,63,63,63,47,47,47,47,21,28,47,47,47,42,75,75,75,59,0,0],"gold":462,"neow_bonus":"THREE_SMALL_POTIONS","is_daily":false,"chose_seed":false,"campfire_upgraded":3,"win_rate":0.0,"timestamp":1609787542,"path_taken":["M","M","?","M","M","E","M","R","T","R","?","?","?","M","R","BOSS","M","?","?","?","?","E","R","M","T","?","M","$","M","E","R","BOSS","M","$","?","?","?","R","?","R","T","?","M","M","?","M","R_BF","BOSS","R","$","E","BOSS"],"items_purchased_type":["Relic","Card","Relic","Card","Card","Card","Card"],"build_version":"2020-12-22","purchased_purges":0,"victory":false,"max_hp_per_floor":[75,75,75,75,75,75,75,75,75,75,75,75,75,75,75,75,75,75,75,75,75,75,75,75,75,75,75,75,75,75,75,75,75,75,75,75,75,75,75,75,75,75,75,75,75,75,75,75,75,75,75,75,75,75,75,75],"relic_stats":{"Sozu":5,"Lizard Tail":37,"Regal Pillow":15,"counters":[26,177],"Sundial":[4],"obtain_stats":[{"Ice Cream":41,"Regal Pillow":29,"halation:IllGainedPizza":54,"Omamori":31,"halation:Thesaurus":29,"Frozen Egg 2":36,"Sozu":34,"Du-Vu Doll":49,"Replay:Baseball":11,"Lizard Tail":23,"hubris:Icosahedron":44,"Sundial":43,"MutagenicStrength":19,"Cracked Core":0,"StrikeDummy":26,"Toy Ornithopter":6},{"Ice Cream":20,"Regal Pillow":14,"halation:IllGainedPizza":25,"Omamori":16,"halation:Thesaurus":14,"Frozen Egg 2":18,"Sozu":17,"Du-Vu Doll":23,"Replay:Baseball":6,"Lizard Tail":12,"hubris:Icosahedron":20,"Sundial":20,"MutagenicStrength":10,"Cracked Core":0,"StrikeDummy":13,"Toy Ornithopter":5},{"Ice Cream":128,"Regal Pillow":77,"halation:IllGainedPizza":174,"Omamori":92,"halation:Thesaurus":77,"Frozen Egg 2":115,"Sozu":109,"Du-Vu Doll":147,"Replay:Baseball":23,"Lizard Tail":62,"hubris:Icosahedron":128,"Sundial":128,"MutagenicStrength":51,"Cracked Core":0,"StrikeDummy":67,"Toy Ornithopter":20}],"Toy Ornithopter":30},"card_choices":[{"not_picked":["Stack","Redo"],"picked":"Barrage","floor":1},{"not_picked":["FTL","Blizzard","Turbo"],"picked":"SKIP","floor":2},{"not_picked":["Biased Cognition","Leap"],"picked":"Cold Snap","floor":4},{"not_picked":["Gash","ReplayTheSpireMod:Repulse","ReplaySort"],"picked":"SKIP","floor":5},{"not_picked":["Conserve Battery","Gash"],"picked":"Cold Snap","floor":6},{"not_picked":["ReplayTheSpireMod:Repulse","Redo"],"picked":"Cold Snap","floor":7},{"not_picked":["Streamline","Force Field"],"picked":"Leap","floor":13},{"not_picked":["Skim","ReplaySort"],"picked":"Chill","floor":14},{"not_picked":["hubris:DoWhile","Thunder Strike"],"picked":"Mirror Shield","floor":16},{"not_picked":["Beam Cell+1","BasicCrystalCard","ReplaySort"],"picked":"SKIP","floor":18},{"not_picked":["Cold Snap","Force Field"],"picked":"Barrage","floor":20},{"not_picked":["Streamline","Redo"],"picked":"Storm","floor":20},{"not_picked":["Recycle","Beam Cell+1","Blizzard+1"],"picked":"SKIP","floor":22},{"not_picked":["Gash+1","Cold Snap+1"],"picked":"Glacier","floor":23},{"not_picked":["BasicCrystalCard","Go for the Eyes+1"],"picked":"Redo","floor":25},{"not_picked":["Panic Button","Auto Shields+1"],"picked":"Capacitor","floor":28},{"not_picked":["ReplayGash","Coolheaded"],"picked":"Defragment","floor":30},{"not_picked":["Rip and Tear","Lockon","Steam"],"picked":"SKIP","floor":31},{"not_picked":["Machine Learning","Biased Cognition"],"picked":"Reboot","floor":33},{"not_picked":["Aggregate+1","Darkness"],"picked":"ReplayTheSpireMod:Calculation Training+1","floor":35},{"not_picked":["Purity","Secret Technique"],"picked":"Replay:SS_hec_2+1","floor":37},{"not_picked":["BasicCrystalCard+1","Sunder+1"],"picked":"Consume","floor":39},{"not_picked":["Undo","Steam+1"],"picked":"Conserve Battery+1","floor":41},{"not_picked":["BasicCrystalCard","Stack+1"],"picked":"ReplayTheSpireMod:Calculation Training","floor":45},{"not_picked":["Steam","Consume"],"picked":"Stack+1","floor":46},{"not_picked":["Cold Snap","All For One","Stack"],"picked":"SKIP","floor":48},{"not_picked":["Ball Lightning+1","Redo"],"picked":"Chaos+1","floor":54}],"player_experience":1163546,"relics_obtained":[{"floor":6,"key":"Toy Ornithopter"},{"floor":23,"key":"Lizard Tail"},{"floor":26,"key":"StrikeDummy"},{"floor":31,"key":"Omamori"},{"floor":41,"key":"Ice Cream"},{"floor":43,"key":"Sundial"},{"floor":49,"key":"Du-Vu Doll"},{"floor":54,"key":"halation:IllGainedPizza"}],"event_choices":[{"damage_healed":0,"gold_gain":0,"player_choice":"Relic ","damage_taken":7,"max_hp_gain":0,"max_hp_loss":0,"event_name":"betterThird:BetterScrap","floor":11,"gold_loss":0,"cards_obtained":["Catalyst"]},{"cards_removed":["Defend_B"],"damage_healed":0,"gold_gain":0,"player_choice":"Purged","damage_taken":0,"max_hp_gain":0,"max_hp_loss":0,"event_name":"Purifier","floor":12,"gold_loss":0},{"damage_healed":0,"gold_gain":0,"player_choice":"Inject Mutagens","damage_taken":0,"relics_obtained":["MutagenicStrength"],"max_hp_gain":0,"max_hp_loss":0,"event_name":"Drug Dealer","floor":19,"gold_loss":0},{"damage_healed":0,"gold_gain":0,"player_choice":"Upgraded Two","damage_taken":0,"max_hp_gain":0,"max_hp_loss":0,"event_name":"Designer","floor":21,"gold_loss":40,"cards_upgraded":["Chill","Defend_B"]},{"damage_healed":0,"gold_gain":99,"player_choice":"Steal","damage_taken":0,"max_hp_gain":0,"max_hp_loss":0,"event_name":"betterThird:BetterNest","floor":27,"gold_loss":0},{"damage_healed":0,"gold_gain":0,"player_choice":"Memory 1","damage_taken":0,"max_hp_gain":0,"max_hp_loss":0,"event_name":"SensoryStone","floor":37,"gold_loss":0},{"damage_healed":0,"gold_gain":0,"player_choice":"Fight","damage_taken":0,"max_hp_gain":0,"max_hp_loss":0,"event_name":"Mysterious Sphere","floor":41,"gold_loss":0},{"damage_healed":19,"gold_gain":0,"player_choice":"Writhe","damage_taken":0,"max_hp_gain":0,"max_hp_loss":0,"event_name":"Winding Halls","floor":47,"gold_loss":0,"cards_obtained":["Writhe"]}],"is_beta":false,"boss_relics":[{"not_picked":["Snecko Eye","ReplayTheSpireMod:DimensionalGlitch","Coffee Dripper"]},{"not_picked":["Runic Dome","Empty Cage"],"picked":"Sozu"}],"items_purged_floors":[],"is_endless":false,"potions_floor_spawned":[1,2,7,16,18,23,25,28,41,45,46],"killed_by":"The Heart","ascension_level":0}}