{"host":"p7j7o00jacnw7qzt","time":1609731554,"event":{"mods":["BaseMod","Colored Map","Colored Powertips","DeckTracker","Highlight Path","Minty Spire (QoL Compilation)","Relic Stats"],"gold_per_floor":[113,128,128,53,128,156,156,183,183,183,215,140,174,194,194,265,265,280,280,280,293,193,193,193,208,235,235,235],"floor_reached":27,"playtime":1112,"items_purged":["Strike_R","Strike_R"],"score":524,"play_id":"c9397439-9066-42da-9bd4-d5e84bbc2f14","local_time":"20210103223914","is_ascension_mode":true,"campfire_choices":[{"data":"Carnage","floor":7.0,"key":"SMITH"},{"floor":10.0,"key":"RECALL"},{"floor":15.0,"key":"REST"},{"data":"Feed","floor":23,"key":"SMITH"}],"circlet_count":0,"master_deck":["AscendersBane","Defend_R","Defend_R","Defend_R","Defend_R","Bash","Feel No Pain","Carnage+1","Battle Trance+1","Corruption","Shrug It Off+1","Feed+1","CurseOfTheBell","Shrug It Off+1","Exhume+1","Shockwave+1","Warcry+1","Shockwave+1"],"relics":["Burning Blood","NeowsBlessing","Sundial","Blood Vial","Toxic Egg 2","Matryoshka","Juzu Bracelet","Calling Bell","Bag of Preparation","White Beast Statue","Prayer Wheel","Vajra"],"acts_visited":["Exordium","TheCity"],"potions_floor_usage":[21],"damage_taken":[{"damage":0.0,"enemies":"Cultist","floor":1.0,"turns":1.0},{"damage":0.0,"enemies":"Jaw Worm","floor":2.0,"turns":1.0},{"damage":0.0,"enemies":"Gremlin Nob","floor":6.0,"turns":1.0},{"damage":21.0,"enemies":"3 Sentries","floor":8.0,"turns":12.0},{"damage":22.0,"enemies":"Lagavulin","floor":11.0,"turns":5.0},{"damage":13.0,"enemies":"3 Sentries","floor":13.0,"turns":9.0},{"damage":9.0,"enemies":"Small Slimes","floor":14.0,"turns":3.0},{"damage":40.0,"enemies":"The Guardian","floor":16.0,"turns":11.0},{"damage":41.0,"enemies":"3 Byrds","floor":18.0,"turns":6.0},{"damage":12,"enemies":"Spheric Guardian","floor":21,"turns":5},{"damage":6,"enemies":"Centurion and Healer","floor":25,"turns":6},{"damage":13,"enemies":"Slavers","floor":27,"turns":2}],"seed_played":"-7113217230891682426","potions_obtained":[{"floor":2.0,"key":"AttackPotion"},{"floor":8.0,"key":"Energy Potion"},{"floor":16.0,"key":"Swift Potion"},{"floor":21,"key":"Swift Potion"},{"floor":25,"key":"LiquidMemories"}],"is_trial":false,"path_per_floor":["M","M","?","?","?","E","R","E","T","R","E","$","E","M","R","B",null,"M","?","?","M","$","R","?","M","T","E"],"character_chosen":"IRONCLAD","items_purchased":[],"campfire_rested":1,"item_purchase_floors":[],"current_hp_per_floor":[74,75,68,68,57,63,63,48,48,48,34,34,29,28,50,18,61,31,31,31,30,30,30,30,36,36,25,25],"gold":235,"neow_bonus":"THREE_ENEMY_KILL","is_daily":false,"chose_seed":false,"campfire_upgraded":2,"win_rate":0.0,"timestamp":1609731554,"path_taken":["M","?","?","?","?","E","R","E","T","R","E","$","E","M","R","BOSS","M","?","?","M","$","R","?","M","T","E"],"items_purchased_type":[],"build_version":"2020-12-22","purchased_purges":2,"victory":false,"max_hp_per_floor":[75,75,75,75,75,75,75,75,75,75,75,75,75,75,75,75,75,78,78,78,81,81,81,81,85,85,85,85],"relic_stats":{"Blood Vial":16,"counters":[12,61],"Sundial":[18],"Prayer Wheel":3,"Juzu Bracelet":1,"Bag of Preparation":[8],"obtain_stats":[{"Blood Vial":8,"Calling Bell":17,"Matryoshka":11,"NeowsBlessing":0,"Sundial":6,"Vajra":26,"Prayer Wheel":17,"Juzu Bracelet":13,"Bag of Preparation":17,"Toxic Egg 2":9,"Burning Blood":0,"White Beast Statue":17},{"Blood Vial":4,"Calling Bell":8,"Matryoshka":5,"NeowsBlessing":0,"Sundial":3,"Vajra":11,"Prayer Wheel":8,"Juzu Bracelet":6,"Bag of Preparation":8,"Toxic Egg 2":4,"Burning Blood":0,"White Beast Statue":8},{"Blood Vial":15,"Calling Bell":43,"Matryoshka":20,"NeowsBlessing":0,"Sundial":3,"Vajra":60,"Prayer Wheel":43,"Juzu Bracelet":29,"Bag of Preparation":43,"Toxic Egg 2":15,"Burning Blood":0,"White Beast Statue":43}],"Burning Blood":61},"card_choices":[{"not_picked":["Clash","Warcry"],"picked":"Feel No Pain","floor":1.0},{"not_picked":["Fire Breathing","Feel No Pain"],"picked":"Carnage","floor":2.0},{"not_picked":["Twin Strike","Perfected Strike","Intimidate"],"picked":"SKIP","floor":6.0},{"not_picked":["Perfected Strike","Thunderclap","Brutality"],"picked":"SKIP","floor":8.0},{"not_picked":["Evolve","Inflame"],"picked":"Battle Trance+1","floor":11.0},{"not_picked":["Infernal Blade+1","Body Slam"],"picked":"Corruption","floor":13.0},{"not_picked":["Sword Boomerang","Twin Strike"],"picked":"Shrug It Off+1","floor":14.0},{"not_picked":["Corruption","Berserk"],"picked":"Feed","floor":16.0},{"not_picked":["Iron Wave","Cleave"],"picked":"Shrug It Off+1","floor":18.0},{"not_picked":["Metallicize","Thunderclap","Reckless Charge"],"picked":"SKIP","floor":18.0},{"not_picked":["Bloodletting+1","Havoc+1"],"picked":"Warcry+1","floor":21},{"not_picked":["Cleave","Whirlwind","Anger"],"picked":"SKIP","floor":21},{"not_picked":["Double Tap+1","Perfected Strike"],"picked":"Shockwave+1","floor":25},{"not_picked":["Havoc+1","Pummel","Heavy Blade+1"],"picked":"SKIP","floor":25},{"not_picked":["Havoc+1","Pummel","Heavy Blade+1"],"picked":"SKIP","floor":25}],"player_experience":985921,"relics_obtained":[{"floor":6.0,"key":"Sundial"},{"floor":8.0,"key":"Blood Vial"},{"floor":9.0,"key":"Toxic Egg 2"},{"floor":11.0,"key":"Matryoshka"},{"floor":13.0,"key":"Juzu Bracelet"},{"floor":17.0,"key":"Bag of Preparation"},{"floor":17.0,"key":"White Beast Statue"},{"floor":17.0,"key":"Prayer Wheel"},{"floor":26,"key":"Vajra"}],"event_choices":[{"cards_removed":["Strike_R"],"damage_healed":0.0,"max_hp_gain":0.0,"max_hp_loss":0.0,"gold_gain":0.0,"event_name":"Golden Wing","player_choice":"Card Removal","floor":3.0,"gold_loss":0.0,"damage_taken":7.0},{"cards_removed":["Strike_R"],"damage_healed":0.0,"max_hp_gain":0.0,"max_hp_loss":0.0,"gold_gain":0.0,"event_name":"The Cleric","player_choice":"Card Removal","floor":4.0,"gold_loss":75.0,"damage_taken":0.0},{"damage_healed":0.0,"max_hp_gain":0.0,"max_hp_loss":0.0,"gold_gain":75.0,"event_name":"World of Goop","player_choice":"Gather Gold","floor":5.0,"gold_loss":0.0,"damage_taken":11.0},{"cards_removed":["Strike_R"],"damage_healed":0.0,"max_hp_gain":0.0,"max_hp_loss":0.0,"gold_gain":0.0,"event_name":"Back to Basics","player_choice":"Elegance","floor":19.0,"gold_loss":0.0,"damage_taken":0.0},{"damage_healed":0.0,"max_hp_gain":0.0,"max_hp_loss":0.0,"gold_gain":0.0,"event_name":"Match and Keep!","player_choice":"2 cards matched","floor":20.0,"gold_loss":0.0,"damage_taken":0.0,"cards_obtained":["Exhume","Shockwave"]},{"damage_healed":0,"gold_gain":0,"player_choice":"Ignored","damage_taken":0,"max_hp_gain":0,"max_hp_loss":0,"event_name":"Vampires","floor":24,"gold_loss":0}],"is_beta":false,"boss_relics":[{"not_picked":["Busted Crown","Snecko Eye"],"picked":"Calling Bell"}],"items_purged_floors":[12,22],"is_endless":false,"potions_floor_spawned":[2,8,16,18,21,25],"killed_by":"Slavers","ascension_level":20}}