{"host":"2he95iptrbxkejc1","time":1609774383,"event":{"mods":["AchievementEnabler","BaseMod","Minty Spire (QoL Compilation)"],"gold_per_floor":[112,125,125,50,64,64,98,112,112,142,142,162,179,224,224,224,224],"floor_reached":16,"playtime":676,"items_purged":["Bash"],"score":122,"play_id":"f77bca33-825b-4198-999f-d537d0214206","local_time":"20210104153303","is_ascension_mode":false,"campfire_choices":[{"data":"Fire Breathing","floor":6,"key":"SMITH"},{"floor":11,"key":"REST"},{"floor":15,"key":"REST"}],"circlet_count":0,"master_deck":["Strike_R","Strike_R","Strike_R","Strike_R","Strike_R","Defend_R","Defend_R","Defend_R","Defend_R","Warcry","Fire Breathing+1","Flex","Heavy Blade+1","Heavy Blade+1"],"relics":["Burning Blood","NeowsBlessing","Sundial","Molten Egg 2","Ornamental Fan","Tiny Chest","Pantograph"],"acts_visited":["Exordium"],"potions_floor_usage":[7,10,14,14,16],"damage_taken":[{"damage":0,"enemies":"Jaw Worm","floor":1,"turns":1},{"damage":0,"enemies":"Small Slimes","floor":2,"turns":1},{"damage":0,"enemies":"Cultist","floor":5,"turns":1},{"damage":20,"enemies":"3 Sentries","floor":7,"turns":4},{"damage":10,"enemies":"3 Louse","floor":8,"turns":7},{"damage":55,"enemies":"Lagavulin","floor":10,"turns":11},{"damage":5,"enemies":"Looter","floor":12,"turns":4},{"damage":11,"enemies":"Exordium Thugs","floor":13,"turns":4},{"damage":17,"enemies":"3 Sentries","floor":14,"turns":4},{"damage":75,"enemies":"Hexaghost","floor":16,"turns":11}],"seed_played":"-3520316075406542244","potions_obtained":[{"floor":1,"key":"Dexterity Potion"},{"floor":7,"key":"Weak Potion"},{"floor":10,"key":"ColorlessPotion"},{"floor":13,"key":"Fire Potion"},{"floor":14,"key":"SteroidPotion"}],"is_trial":false,"path_per_floor":["M","M","?","$","M","R","E","M","T","E","R","M","M","E","R","B"],"character_chosen":"IRONCLAD","items_purchased":[],"campfire_rested":2,"item_purchase_floors":[],"current_hp_per_floor":[80,80,77,77,80,80,66,62,62,13,37,38,33,22,46,0,0],"gold":224,"neow_bonus":"THREE_ENEMY_KILL","is_daily":false,"chose_seed":false,"campfire_upgraded":1,"win_rate":0.0,"timestamp":1609774383,"path_taken":["M","M","?","$","M","R","E","M","T","E","R","M","M","E","R","BOSS"],"items_purchased_type":[],"build_version":"2020-12-22","purchased_purges":1,"victory":false,"max_hp_per_floor":[80,80,80,80,80,80,80,80,80,80,80,80,80,80,80,80,80],"card_choices":[{"not_picked":["Feel No Pain","Thunderclap","Pommel Strike"],"picked":"SKIP","floor":1},{"not_picked":["True Grit","Infernal Blade"],"picked":"Warcry","floor":2},{"not_picked":["Twin Strike","Combust"],"picked":"Fire Breathing","floor":5},{"not_picked":["Headbutt+1","Shrug It Off","Infernal Blade"],"picked":"SKIP","floor":7},{"not_picked":["Dropkick+1","True Grit"],"picked":"Flex","floor":8},{"not_picked":["Rupture","Shrug It Off"],"picked":"Heavy Blade+1","floor":10},{"not_picked":["Disarm","Double Tap","Body Slam+1"],"picked":"SKIP","floor":12},{"not_picked":["Blood for Blood+1","Perfected Strike+1"],"picked":"Heavy Blade+1","floor":13},{"not_picked":["Immolate+1","Flame Barrier","Armaments"],"picked":"SKIP","floor":14}],"player_experience":43356,"relics_obtained":[{"floor":7,"key":"Molten Egg 2"},{"floor":9,"key":"Ornamental Fan"},{"floor":10,"key":"Tiny Chest"},{"floor":14,"key":"Pantograph"}],"event_choices":[{"damage_healed":0,"gold_gain":0,"player_choice":"Success","damage_taken":3,"relics_obtained":["Sundial"],"max_hp_gain":0,"max_hp_loss":0,"event_name":"Scrap Ooze","floor":3,"gold_loss":0}],"is_beta":false,"boss_relics":[],"items_purged_floors":[4],"is_endless":false,"potions_floor_spawned":[1,7,10,13,14],"killed_by":"Hexaghost","ascension_level":0}}