{"host":"y2d5jdk6et74e3ks","time":1609723314,"event":{"mods":["BaseMod","Colored Map","Downfall","Hubris","Minty Spire (QoL Compilation)","Replay The Spire","StSLib"],"gold_per_floor":[110,121,52,52,77,111,111,18,45,45,68,91,111,135,135,259,322,342,42,42,42,42,76,76,76,76],"floor_reached":25,"playtime":2157,"items_purged":["Shockwave"],"score":268,"play_id":"0bbcc0ed-cee4-4f9b-90d9-ee26915bbe3a","local_time":"20210103202154","is_ascension_mode":true,"campfire_choices":[{"floor":7,"key":"REST"},{"data":"Anger","floor":10,"key":"SMITH"},{"floor":15,"key":"REST"},{"floor":24,"key":"REST"}],"circlet_count":0,"master_deck":["Defend_R","Defend_R","Defend_R","Defend_R","Bash","Anger+1","Combust","Intimidate+1","Whirlwind","Combust","Body Slam","ReplayTheSpireMod:Muscle Training","Rupture","Life Link","Demonic Infusion","Shrug It Off","Searing Blow","Combust","Bite","Bite","Bite","Bite","Bite","Rage"],"relics":["Burning Blood","NeowsBlessing","Golden Idol","hubris:BottledRain","Tiny House","Toy Ornithopter","Ice Cream"],"acts_visited":["Exordium","TheCity"],"potions_floor_usage":[12,12,13,16,23,23,23,25],"damage_taken":[{"damage":0,"enemies":"Cultist","floor":1,"turns":1},{"damage":0,"enemies":"Small Slimes","floor":2,"turns":1},{"damage":0,"enemies":"Jaw Worm","floor":5,"turns":1},{"damage":44,"enemies":"Gremlin Nob","floor":6,"turns":5},{"damage":12,"enemies":"2 Fungi Beasts","floor":11,"turns":3},{"damage":21,"enemies":"Lots of Slimes","floor":12,"turns":4},{"damage":0,"enemies":"3 Louse","floor":13,"turns":1},{"damage":12,"enemies":"Large Slime","floor":14,"turns":5},{"damage":36,"enemies":"Hexaghost","floor":16,"turns":7},{"damage":38,"enemies":"Shell Parasite","floor":18,"turns":6},{"damage":52,"enemies":"Slavers","floor":23,"turns":4},{"damage":36,"enemies":"3 Byrds","floor":25,"turns":2}],"seed_played":"2956876419621082665","potions_obtained":[{"floor":6,"key":"PowerPotion"},{"floor":11,"key":"AttackPotion"},{"floor":12,"key":"Cursed Concoction"},{"floor":14,"key":"champ:CounterPotion"},{"floor":16,"key":"LiquidBronze"},{"floor":17,"key":"Doom Potion"},{"floor":21,"key":"Ancient Potion"},{"floor":21,"key":"SkillPotion"},{"floor":23,"key":"Reflective Coating"}],"is_trial":false,"path_per_floor":["M","M","$","?","M","E","R","$","T","R","M","M","M","M","R","B",null,"M","$","?","?","$","E","R","M"],"character_chosen":"IRONCLAD","items_purchased":["Combust","Combust","Body Slam","Combust","Toy Ornithopter"],"campfire_rested":3,"item_purchase_floors":[3,8,8,19,19],"current_hp_per_floor":[80,80,80,74,74,36,58,58,58,58,52,37,43,37,59,29,79,47,47,47,47,47,11,27,0,0],"gold":76,"neow_bonus":"THREE_ENEMY_KILL","is_daily":false,"chose_seed":false,"campfire_upgraded":1,"win_rate":0.0,"timestamp":1609723314,"path_taken":["M","?","$","?","M","E","R","?","T","R","M","M","?","M","R","BOSS","M","$","?","?","$","E","R","?"],"items_purchased_type":["Card","Card","Card","Card","Relic"],"build_version":"2020-12-22","purchased_purges":1,"victory":false,"max_hp_per_floor":[80,80,80,74,74,74,74,74,74,74,74,74,74,74,74,74,79,79,79,55,55,55,55,55,55,55],"card_choices":[{"not_picked":["Pommel Strike","Spot Weakness"],"picked":"Anger","floor":1},{"not_picked":["Feel No Pain","Wild Strike"],"picked":"Shockwave","floor":2},{"not_picked":["Ghostly Armor","Havoc"],"picked":"Intimidate","floor":5},{"not_picked":["True Grit","Feel No Pain"],"picked":"Whirlwind","floor":6},{"not_picked":["Wild Strike","Brutality"],"picked":"ReplayTheSpireMod:Muscle Training","floor":11},{"not_picked":["Defy Death","Cleave","Rupture"],"picked":"SKIP","floor":12},{"not_picked":["Burning Pact","Thunderclap"],"picked":"Rupture","floor":13},{"not_picked":["Wild Strike","Run Through"],"picked":"Life Link","floor":14},{"not_picked":["Impervious","Juggernaut"],"picked":"Demonic Infusion","floor":16},{"not_picked":["Armaments","Sword Boomerang"],"picked":"Shrug It Off","floor":17},{"not_picked":["Replay:Undeath\u0027s Touch","Thunderclap"],"picked":"Searing Blow","floor":18},{"not_picked":["Fiend Fire","Havoc+1"],"picked":"Rage","floor":23}],"player_experience":125340,"relics_obtained":[{"floor":6,"key":"hubris:BottledRain"},{"floor":23,"key":"Ice Cream"}],"event_choices":[{"damage_healed":0,"gold_gain":0,"player_choice":"Lose Max HP","damage_taken":0,"relics_obtained":["Golden Idol"],"max_hp_gain":0,"max_hp_loss":6,"event_name":"Golden Idol","floor":4,"gold_loss":0},{"damage_healed":0,"gold_gain":0,"player_choice":"Became a vampire","damage_taken":0,"max_hp_gain":0,"max_hp_loss":24,"event_name":"Vampires","floor":20,"gold_loss":0,"cards_obtained":["Bite","Bite","Bite","Bite","Bite"]},{"damage_healed":0,"gold_gain":0,"player_choice":"Got Potions","damage_taken":0,"max_hp_gain":0,"max_hp_loss":0,"event_name":"Lab","floor":21,"gold_loss":0}],"is_beta":false,"boss_relics":[{"not_picked":["Busted Crown","hubris:VirtuousBlindfold"],"picked":"Tiny House"}],"items_purged_floors":[19],"is_endless":false,"potions_floor_spawned":[6,11,12,14,16,23],"killed_by":"3 Byrds","ascension_level":2}}