{"host":"cs4mnqnj3e1ejebq","time":1609731975,"event":{"mods":["BaseMod","Hermit","Minty Spire (QoL Compilation)","StSLib","The Runesmith"],"gold_per_floor":[112,112,125,125,135,166,166,45,45,45,60,60,135,169,169,269,269,285,304,0,0,0,0,26,26,49,90,120,148,60,60,60,164,164,175,55,55,70,5,5,39,39,39,39,65,65,65,65,65],"floor_reached":48,"playtime":1687,"items_purged":["Strike_R","Strike_R","Strike_R+1","Strike_R+1"],"score":967,"play_id":"cbd7abdf-4fb6-4c6e-ac1f-74b33573a61f","local_time":"20210104124615","is_ascension_mode":true,"campfire_choices":[{"data":"Juggernaut","floor":7,"key":"SMITH"},{"data":"Armaments","floor":10,"key":"SMITH"},{"data":"Body Slam","floor":12,"key":"SMITH"},{"data":"Warcry","floor":15,"key":"SMITH"},{"data":"Barricade","floor":23,"key":"SMITH"},{"data":"Flame Barrier","floor":25,"key":"SMITH"},{"floor":32,"key":"REST"},{"floor":40,"key":"RECALL"},{"floor":42,"key":"REST"},{"data":"Seeing Red","floor":44,"key":"SMITH"}],"circlet_count":0,"master_deck":["Defend_R+1","Defend_R+1","Defend_R+1","Defend_R+1","Juggernaut+1","Warcry+1","Iron Wave+1","Rage","Flame Barrier+1","Armaments+1","Body Slam+1","Rage","Barricade+1","Ghostly Armor","Body Slam+1","Seeing Red+1","Madness","Madness"],"relics":["Burning Blood","Singing Bowl","Omamori","The Courier","White Beast Statue","Busted Crown","Runesmith:Nanobots","Mercury Hourglass","Matryoshka","MawBank","Whetstone","Black Star","Juzu Bracelet","Blue Candle","Anchor","Regal Pillow","Self Forming Clay","Pear"],"acts_visited":["Exordium","TheCity","TheBeyond"],"potions_floor_usage":[16,27,33,41,41],"damage_taken":[{"damage":9.0,"enemies":"2 Louse","floor":1.0,"turns":3.0},{"damage":1.0,"enemies":"Cultist","floor":3.0,"turns":4.0},{"damage":4.0,"enemies":"Jaw Worm","floor":5.0,"turns":5.0},{"damage":31,"enemies":"Lagavulin","floor":6,"turns":10},{"damage":15,"enemies":"Blue Slaver","floor":11,"turns":5},{"damage":2,"enemies":"3 Sentries","floor":14,"turns":6},{"damage":0,"enemies":"Hexaghost","floor":16,"turns":7},{"damage":2,"enemies":"Chosen","floor":18,"turns":3},{"damage":11,"enemies":"2 Thieves","floor":19,"turns":4},{"damage":16,"enemies":"Book of Stabbing","floor":24,"turns":5},{"damage":33,"enemies":"Slavers","floor":27,"turns":6},{"damage":0,"enemies":"Snake Plant","floor":28,"turns":2},{"damage":14,"enemies":"Centurion and Healer","floor":29,"turns":5},{"damage":0,"enemies":"Champ","floor":33,"turns":8},{"damage":18,"enemies":"3 Darklings","floor":35,"turns":5},{"damage":0,"enemies":"3 Shapes","floor":38,"turns":3},{"damage":82,"enemies":"Reptomancer","floor":41,"turns":6},{"damage":4,"enemies":"Nemesis","floor":45,"turns":9},{"damage":70,"enemies":"Reptomancer","floor":48,"turns":5}],"seed_played":"2241759918840983631","potions_obtained":[{"floor":1.0,"key":"BloodPotion"},{"floor":14,"key":"DistilledChaos"},{"floor":16,"key":"Swift Potion"},{"floor":18,"key":"PowerPotion"},{"floor":19,"key":"GamblersBrew"},{"floor":27,"key":"BloodPotion"},{"floor":33,"key":"Dexterity Potion"},{"floor":41,"key":"SteroidPotion"},{"floor":45,"key":"Energy Potion"}],"is_trial":false,"path_per_floor":["M","?","M","?","M","E","R","$","T","R","M","R","?","E","R","B",null,"M","M","$","?","?","R","E","R","T","E","M","M","$","?","R","B",null,"M","$","?","M","$","R","E","R","T","R","E","?","?","E"],"character_chosen":"IRONCLAD","items_purchased":["Armaments","Runesmith:Nanobots","Ghostly Armor","Seeing Red"],"campfire_rested":2,"item_purchase_floors":[8,20,20,39],"current_hp_per_floor":[69,62,67,67,69,44,44,44,44,44,35,35,24,28,28,34,69,75,72,72,72,72,72,64,64,64,39,47,41,41,32,59,67,87,77,77,77,85,85,85,30,60,60,60,74,60,60,0,0],"gold":65,"neow_bonus":"ONE_RANDOM_RARE_CARD","is_daily":false,"chose_seed":false,"campfire_upgraded":7,"win_rate":0.0,"timestamp":1609731975,"path_taken":["M","?","M","?","?","E","R","?","T","R","M","R","?","E","R","BOSS","M","M","$","?","?","R","E","R","T","E","M","M","?","?","R","BOSS","M","$","?","M","$","R","E","R","T","R","E","?","?","E"],"items_purchased_type":["Card","Relic","Card","Card"],"build_version":"2020-12-22","purchased_purges":4,"victory":false,"max_hp_per_floor":[80,80,80,80,80,80,80,80,80,80,80,80,80,80,80,80,80,82,84,84,84,84,84,86,86,86,88,90,92,92,92,92,94,94,96,96,96,98,98,98,100,100,100,100,112,112,112,112,112],"card_choices":[{"not_picked":["Bloodletting","Perfected Strike"],"picked":"Warcry","floor":1.0},{"not_picked":["Sword Boomerang","Cleave"],"picked":"Iron Wave","floor":3.0},{"not_picked":["Shrug It Off","Fire Breathing"],"picked":"Rage","floor":5},{"not_picked":["Dark Embrace","Impervious"],"picked":"Flame Barrier","floor":6},{"not_picked":["Sword Boomerang","Warcry"],"picked":"Body Slam","floor":11},{"not_picked":["Wild Strike","Cleave"],"picked":"Rage","floor":14},{"not_picked":["Brutality","Limit Break"],"picked":"Barricade","floor":16},{"not_picked":["Pommel Strike"],"picked":"Singing Bowl","floor":18},{"not_picked":["Heavy Blade"],"picked":"Singing Bowl","floor":19},{"not_picked":["Armaments"],"picked":"Singing Bowl","floor":24},{"not_picked":["True Grit"],"picked":"Singing Bowl","floor":27},{"not_picked":["Cleave+1"],"picked":"Singing Bowl","floor":28},{"not_picked":["Armaments"],"picked":"Singing Bowl","floor":29},{"not_picked":["Corruption"],"picked":"Singing Bowl","floor":33},{"not_picked":["Blood for Blood+1"],"picked":"Singing Bowl","floor":35},{"not_picked":["Disarm+1"],"picked":"Singing Bowl","floor":38},{"not_picked":["Corruption"],"picked":"Singing Bowl","floor":41},{"not_picked":["Flex"],"picked":"Singing Bowl","floor":45}],"player_experience":203281,"relics_obtained":[{"floor":6,"key":"Omamori"},{"floor":9,"key":"The Courier"},{"floor":14,"key":"White Beast Statue"},{"floor":24,"key":"Matryoshka"},{"floor":26,"key":"MawBank"},{"floor":27,"key":"Whetstone"},{"floor":41,"key":"Juzu Bracelet"},{"floor":41,"key":"Blue Candle"},{"floor":43,"key":"Anchor"},{"floor":43,"key":"Regal Pillow"},{"floor":45,"key":"Self Forming Clay"},{"floor":45,"key":"Pear"}],"event_choices":[{"cards_removed":["Strike_R"],"damage_healed":0.0,"max_hp_gain":0.0,"max_hp_loss":0.0,"gold_gain":0.0,"event_name":"Golden Wing","player_choice":"Card Removal","floor":2.0,"gold_loss":0.0,"damage_taken":7.0},{"damage_healed":0.0,"max_hp_gain":0.0,"max_hp_loss":0.0,"gold_gain":0.0,"event_name":"WeMeetAgain","player_choice":"Gave Potion","floor":4.0,"gold_loss":0.0,"damage_taken":0.0,"relics_obtained":["Singing Bowl"]},{"damage_healed":0,"gold_gain":75,"player_choice":"Gather Gold","damage_taken":11,"max_hp_gain":0,"max_hp_loss":0,"event_name":"World of Goop","floor":13,"gold_loss":0},{"damage_healed":0,"gold_gain":0,"player_choice":"Opened","damage_taken":0,"relics_obtained":["Mercury Hourglass"],"max_hp_gain":0,"max_hp_loss":0,"event_name":"The Mausoleum","floor":21,"gold_loss":0},{"damage_healed":0,"gold_gain":0,"player_choice":"Simplicity","damage_taken":0,"max_hp_gain":0,"max_hp_loss":0,"event_name":"Back to Basics","floor":22,"gold_loss":0,"cards_upgraded":["Strike_R","Strike_R","Defend_R","Defend_R","Defend_R","Defend_R"]},{"damage_healed":0,"gold_gain":0,"player_choice":"Damaged","damage_taken":9,"max_hp_gain":0,"max_hp_loss":0,"event_name":"Wheel of Change","floor":31,"gold_loss":0},{"damage_healed":0,"gold_gain":0,"player_choice":"Copied","damage_taken":0,"max_hp_gain":0,"max_hp_loss":0,"event_name":"Duplicator","floor":37,"gold_loss":0,"cards_obtained":["Body Slam"]},{"damage_healed":0,"gold_gain":0,"player_choice":"Embrace Madness","damage_taken":14,"max_hp_gain":0,"max_hp_loss":0,"event_name":"Winding Halls","floor":46,"gold_loss":0,"cards_obtained":["Madness","Madness"]},{"cards_removed":["Bash"],"damage_healed":0,"gold_gain":0,"player_choice":"Card Removal","damage_taken":0,"max_hp_gain":0,"max_hp_loss":0,"event_name":"Wheel of Change","floor":47,"gold_loss":0}],"is_beta":false,"boss_relics":[{"not_picked":["Fusion Hammer","Mark of Pain"],"picked":"Busted Crown"},{"not_picked":["Runic Dome","Empty Cage"],"picked":"Black Star"}],"items_purged_floors":[8,20,30,36],"is_endless":false,"potions_floor_spawned":[1,14,16,18,19,24,27,28,29,33,35,38,41,45],"killed_by":"Reptomancer","ascension_level":8}}