{"host":"Qube","time":1609794256,"event":{"mods":["AchievementEnabler","BaseMod","Colored Map","Colored Powertips","Minty Spire (QoL Compilation)","Quick Restart","Random Character Button","StSLib"],"gold_per_floor":[112,126,126,145,156,181,207,207,207],"floor_reached":8,"playtime":441,"items_purged":[],"score":102,"play_id":"f2ec0ae3-48a9-4737-be3f-1bf90e2556a1","local_time":"20210104130416","is_ascension_mode":true,"campfire_choices":[],"circlet_count":0,"master_deck":["AscendersBane","Strike_G+1","Strike_G","Strike_G","Strike_G","Strike_G","Defend_G","Defend_G","Defend_G","Defend_G","Defend_G","Survivor","Neutralize+1","Die Die Die","Dash","Underhanded Strike","Calculated Gamble","Footwork","Predator","Deflect"],"relics":["Ring of the Snake","Darkstone Periapt","Odd Mushroom"],"acts_visited":["Exordium"],"potions_floor_usage":[6,8],"damage_taken":[{"damage":2,"enemies":"2 Louse","floor":1,"turns":2},{"damage":0,"enemies":"Small Slimes","floor":2,"turns":2},{"damage":1,"enemies":"Cultist","floor":4,"turns":3},{"damage":3,"enemies":"Gremlin Gang","floor":5,"turns":3},{"damage":6,"enemies":"3 Sentries","floor":6,"turns":7},{"damage":9,"enemies":"The Mushroom Lair","floor":7,"turns":4},{"damage":19,"enemies":"Lagavulin","floor":8,"turns":7}],"seed_played":"-7625517479873144034","potions_obtained":[{"floor":1,"key":"FearPotion"},{"floor":7,"key":"SteroidPotion"}],"is_trial":false,"path_per_floor":["M","M","?","M","M","E","?","E"],"character_chosen":"THE_SILENT","items_purchased":[],"campfire_rested":0,"item_purchase_floors":[],"current_hp_per_floor":[57,57,37,36,33,27,18,0,0],"gold":207,"neow_bonus":"ONE_RANDOM_RARE_CARD","is_daily":false,"chose_seed":false,"campfire_upgraded":0,"win_rate":0.0,"timestamp":1609794256,"path_taken":["M","M","?","M","M","E","?","E"],"items_purchased_type":[],"build_version":"2020-12-18","purchased_purges":0,"victory":false,"max_hp_per_floor":[66,66,66,66,66,66,66,66,66],"card_choices":[{"not_picked":["Well Laid Plans","Leg Sweep"],"picked":"Dash","floor":1},{"not_picked":["Endless Agony","Acrobatics"],"picked":"Underhanded Strike","floor":2},{"not_picked":["Acrobatics","Leg Sweep"],"picked":"Calculated Gamble","floor":4},{"not_picked":["Deadly Poison","Flechettes"],"picked":"Footwork","floor":5},{"not_picked":["Flying Knee","Dagger Spray"],"picked":"Predator","floor":6},{"not_picked":["Deadly Poison","Flying Knee"],"picked":"Deflect","floor":7}],"player_experience":750307,"relics_obtained":[{"floor":6,"key":"Darkstone Periapt"},{"floor":7,"key":"Odd Mushroom"}],"event_choices":[{"damage_healed":0,"gold_gain":0,"player_choice":"Entered Light","damage_taken":20,"max_hp_gain":0,"max_hp_loss":0,"event_name":"Shining Light","floor":3,"gold_loss":0,"cards_upgraded":["Strike_G","Neutralize"]},{"damage_healed":0,"gold_gain":0,"player_choice":"Fought Mushrooms","damage_taken":0,"max_hp_gain":0,"max_hp_loss":0,"event_name":"Mushrooms","floor":7,"gold_loss":0}],"is_beta":true,"boss_relics":[],"items_purged_floors":[],"is_endless":false,"potions_floor_spawned":[1,7],"killed_by":"Lagavulin","ascension_level":15}}