{"host":"6he3f0ic6yesrium","time":1609769714,"event":{"mods":["BaseMod","Better Altar","Better Match","Better Note","Better Sensory Stone","Better Skull","Better Third Choice","Colored Map","Conspire","Hubris","Marisa????????","Minty Spire (QoL Compilation)","Replay The Spire","Shade Mod","StSLib","The Alterego","The Mystic","The Necromancer","The Runesmith"],"gold_per_floor":[119,134,146,166,185,185,42,56,56,72,107,107,175,100,100,204,204,221,321,97,97,30,41,41,52,52,52,52,52,15,15,15,117,117,128,128,128,147,147,147,167,167,167],"floor_reached":42,"playtime":1786,"items_purged":["Runesmith:Strike_RS","Runesmith:Strike_RS"],"score":596,"play_id":"7c5f5a25-f41a-4c99-8cca-8faa8d7ad5dc","local_time":"20210104091514","is_ascension_mode":false,"campfire_choices":[{"data":"Runesmith:Discharge","floor":6.0,"key":"SMITH"},{"data":"Runesmith:RunicBlueprint","floor":12.0,"key":"SMITH"},{"data":"Runesmith:CraftProtectio","floor":15.0,"key":"SMITH"},{"data":"Runesmith:Empowerment","floor":24,"key":"SMITH"},{"floor":29,"key":"REST"},{"data":"Runesmith:Duplicate","floor":32,"key":"SMITH"},{"floor":40,"key":"REST"}],"circlet_count":0,"master_deck":["Runesmith:Strike_RS","Runesmith:Strike_RS","Runesmith:Defend_RS","Runesmith:Defend_RS","Runesmith:Defend_RS","Runesmith:CraftFirestone","Runesmith:Fortify","Runesmith:ChiselStab","Runesmith:RuneHurl","Runesmith:Discharge+1","Runesmith:HammerThrow","Runesmith:RunicBlueprint+1","Runesmith:ChargedHammer","Runesmith:CraftProtectio+1","Runesmith:FrozenChisel","Runesmith:Duplicate+1","Runesmith:ArcReactor","Runesmith:RuneHurl","Runesmith:Empowerment+1","Runesmith:HeatedChisel","Runesmith:CraftVitae","Runesmith:EarthShield","Runesmith:ChaoticBlast+1","Runesmith:BackupBattery","Runesmith:Supernova","Runesmith:HeatExchange"],"relics":["Runesmith:BrokenRuby","Iron Hammer","White Beast Statue","conspire:SpecialSausage","Ancient Tea Set","The Courier","hubris:TerracottaHorce","hubris:Towel"],"acts_visited":["Exordium","TheCity","TheBeyond"],"potions_floor_usage":[16,16,16,25,33,33,38,41,41,41,42],"damage_taken":[{"damage":0.0,"enemies":"Jaw Worm","floor":1.0,"turns":5.0},{"damage":0.0,"enemies":"conspire:RoseBush","floor":2.0,"turns":2.0},{"damage":0.0,"enemies":"2 Louse","floor":3.0,"turns":3.0},{"damage":4.0,"enemies":"conspire:2 RoseBushes","floor":4.0,"turns":4.0},{"damage":5.0,"enemies":"Large Slime","floor":5.0,"turns":4.0},{"damage":6.0,"enemies":"Exordium Wildlife","floor":8.0,"turns":2.0},{"damage":6.0,"enemies":"conspire:2 RoseBushes","floor":10.0,"turns":5.0},{"damage":10.0,"enemies":"Lagavulin","floor":11.0,"turns":5.0},{"damage":0,"enemies":"Slime Boss","floor":16,"turns":8},{"damage":25,"enemies":"3 Byrds","floor":18,"turns":5},{"damage":0,"enemies":"conspire:FuzzyDice","floor":23,"turns":5},{"damage":10,"enemies":"Centurion and Healer","floor":25,"turns":4},{"damage":17,"enemies":"Pondfish","floor":33,"turns":8},{"damage":0,"enemies":"3 Shapes","floor":35,"turns":5},{"damage":44,"enemies":"3 Darklings","floor":38,"turns":7},{"damage":0,"enemies":"Jaw Worm Horde","floor":41,"turns":1},{"damage":56,"enemies":"Giant Head","floor":42,"turns":6}],"seed_played":"-7099548471593705312","potions_obtained":[{"floor":5.0,"key":"ColorlessPotion"},{"floor":8.0,"key":"LifebloodPotion"},{"floor":10.0,"key":"SkillPotion"},{"floor":16,"key":"SteroidPotion"},{"floor":18,"key":"SteroidPotion"},{"floor":23,"key":"AttackPotion"},{"floor":25,"key":"Weak Potion"},{"floor":31,"key":"SkillPotion"},{"floor":31,"key":"LiquidBronze"},{"floor":33,"key":"SteroidPotion"},{"floor":35,"key":"PowerPotion"},{"floor":38,"key":"SteroidPotion"},{"floor":41,"key":"Dexterity Potion"}],"is_trial":false,"path_per_floor":["M","M","M","M","M","R","$","M","T","M","E","R","?","$","R","B",null,"M","?","$","?","$","M","R","M","T","?","$","R","$","?","R","B",null,"M","?","?","M","?","R","M","E"],"character_chosen":"RUNESMITH_CLASS","items_purchased":["Runesmith:RunicBlueprint","Runesmith:ChargedHammer","Runesmith:Empowerment","Runesmith:HeatedChisel","Runesmith:CraftVitae","Runesmith:BackupBattery"],"campfire_rested":2,"item_purchase_floors":[7,7,20,20,22,30],"current_hp_per_floor":[70,70,70,66,61,61,61,55,55,49,39,39,39,39,39,39,70,45,45,45,45,45,45,45,35,35,35,35,56,56,56,56,39,62,62,62,62,18,18,39,39,0,0],"gold":167,"neow_bonus":"REMOVE_CARD","is_daily":false,"chose_seed":false,"campfire_upgraded":5,"win_rate":0.0,"timestamp":1609769714,"path_taken":["M","M","M","M","M","R","$","M","T","M","E","R","?","?","R","BOSS","M","?","$","?","?","?","R","M","T","?","$","R","?","?","R","BOSS","M","?","?","M","?","R","M","E"],"items_purchased_type":["Card","Card","Card","Card","Card","Card"],"build_version":"2020-12-22","purchased_purges":2,"victory":false,"max_hp_per_floor":[70,70,70,70,70,70,70,70,70,70,70,70,70,70,70,70,70,70,70,70,70,70,70,70,70,70,70,70,70,70,70,70,70,70,70,70,70,70,70,70,70,70,70],"card_choices":[{"not_picked":["Runesmith:EnergizedChisel","Runesmith:Malloc"],"picked":"Runesmith:ChiselStab","floor":1.0},{"not_picked":["Runesmith:ChiselStab","Runesmith:NanitesCloud"],"picked":"Runesmith:RuneHurl","floor":2.0},{"not_picked":["Runesmith:Refine","Runesmith:Overpower","Runesmith:ChargedHammer"],"picked":"SKIP","floor":3.0},{"not_picked":["Runesmith:HeatedChisel","Runesmith:Attraction"],"picked":"Runesmith:Discharge","floor":4.0},{"not_picked":["Runesmith:BackupBattery","Runesmith:Augment"],"picked":"Runesmith:HammerThrow","floor":5.0},{"not_picked":["Runesmith:EnergizedChisel","Runesmith:Permafrost"],"picked":"Runesmith:CraftProtectio","floor":8.0},{"not_picked":["Runesmith:Repurpose","Runesmith:Malloc"],"picked":"Runesmith:FrozenChisel","floor":10.0},{"not_picked":["Runesmith:Permafrost","Runesmith:Grindstone"],"picked":"Runesmith:Duplicate","floor":11.0},{"not_picked":["Runesmith:CraftIndustria","Runesmith:DuctTape"],"picked":"Runesmith:ArcReactor","floor":16},{"not_picked":["Runesmith:BackupBattery","Runesmith:Overpower"],"picked":"Runesmith:RuneHurl","floor":18},{"not_picked":["Runesmith:NegativeSpace","Runesmith:CraftSpiculum"],"picked":"Runesmith:EarthShield","floor":23},{"not_picked":["Runesmith:Electrocute","Runesmith:HammerThrow+1"],"picked":"Runesmith:ChaoticBlast+1","floor":25},{"not_picked":["Runesmith:DuctTape","Runesmith:ReplicatingBarrier"],"picked":"Runesmith:Supernova","floor":33},{"not_picked":["Runesmith:PoweredAnvil","Runesmith:Grindstone","Runesmith:CraftObretio+1"],"picked":"SKIP","floor":35},{"not_picked":["Runesmith:CraftSpiculum+1","Runesmith:Repurpose+1"],"picked":"Runesmith:HeatExchange","floor":38},{"not_picked":["Runesmith:UnstableHammer","Runesmith:RuneHurl","Runesmith:BackupBattery+1"],"picked":"SKIP","floor":41}],"player_experience":293980,"relics_obtained":[{"floor":9.0,"key":"Iron Hammer"},{"floor":11.0,"key":"White Beast Statue"},{"floor":26,"key":"The Courier"}],"event_choices":[{"damage_healed":0.0,"max_hp_gain":0.0,"max_hp_loss":0.0,"gold_gain":68.0,"event_name":"Golden Wing","player_choice":"Gained Gold","floor":13.0,"gold_loss":0.0,"damage_taken":0.0},{"damage_healed":0,"gold_gain":100,"player_choice":"Pray","damage_taken":0,"max_hp_gain":0,"max_hp_loss":0,"event_name":"Golden Shrine","floor":19,"gold_loss":0},{"damage_healed":0,"gold_gain":0,"player_choice":"Gave Potion","damage_taken":0,"relics_obtained":["Ancient Tea Set"],"max_hp_gain":0,"max_hp_loss":0,"event_name":"WeMeetAgain","floor":21,"gold_loss":0},{"damage_healed":0,"gold_gain":0,"player_choice":"Ignored","damage_taken":0,"max_hp_gain":0,"max_hp_loss":0,"event_name":"N\u0027loth","floor":27,"gold_loss":0},{"damage_healed":0,"gold_gain":0,"player_choice":"Got Potions","damage_taken":0,"max_hp_gain":0,"max_hp_loss":0,"event_name":"Lab","floor":31,"gold_loss":0},{"damage_healed":0,"gold_gain":0,"player_choice":"Leave","damage_taken":0,"max_hp_gain":0,"max_hp_loss":0,"event_name":"conspire:Investor","floor":37,"gold_loss":0}],"is_beta":false,"boss_relics":[{"not_picked":["hubris:HollowSoul","Replay:Grab Bag"],"picked":"conspire:SpecialSausage"},{"not_picked":["Velvet Choker","Snecko Eye"],"picked":"hubris:TerracottaHorce"}],"items_purged_floors":[14,20],"is_endless":false,"potions_floor_spawned":[5,8,10,16,18,23,25,33,35,38,41],"killed_by":"Giant Head","ascension_level":0}}