{"host":"6pfj0wha12yu6wq3","time":1609782629,"event":{"mods":["BaseMod","Colored Map","Colored Powertips","Curses Come First","DeckTracker","Minty Spire (QoL Compilation)","RNG Fix","Relic Sorter","Relic Stats","StSLib","ojb\u0027s Better Paths Mod","ojb\u0027s Info Mod"],"gold_per_floor":[114,128,128,139,157,182,182,216,216,234,234,251,269,299,299,374,374,374,274,274,147,147,147,147,62,62,62,62,62,62,62,62,62,62,62,62,62,62,62,62,0,0,0,0,0,0,0,0,0,0,0,0,0,0,0,0],"floor_reached":57,"playtime":6735,"items_purged":["Strike_G"],"score":3052,"play_id":"4f0a0284-5789-4b04-b747-da4fe02eb453","local_time":"20210104125029","is_ascension_mode":true,"campfire_choices":[{"data":"Envenom","floor":7.0,"key":"SMITH"},{"data":"Outmaneuver","floor":15.0,"key":"SMITH"},{"floor":24.0,"key":"REST"},{"data":"Catalyst","floor":32.0,"key":"SMITH"},{"floor":42.0,"key":"RECALL"},{"floor":49,"key":"REST"},{"floor":53,"key":"REST"}],"circlet_count":0,"master_deck":["AscendersBane","Defend_G","Defend_G+1","Defend_G","Defend_G","Defend_G","Survivor","Neutralize","Poisoned Stab","Poisoned Stab","Envenom+1","Terror","Leg Sweep","Venomology","Outmaneuver+1","Acrobatics+1","Blade Dance","Leg Sweep","All Out Attack","Footwork+1","Endless Agony","Tools of the Trade+1","Acrobatics","Wraith Form v2+1","Catalyst+1","Noxious Fumes+1","Adrenaline","Well Laid Plans+1","Leg Sweep","Reflex","Outmaneuver","Crippling Poison+1","Setup","All Out Attack","Acrobatics","Backflip","Blade Dance","Malaise","PiercingWail","Outmaneuver","Footwork+1","Tactician","Backflip","Catalyst","Wraith Form v2+1","Prepared+1","Night Terror","Blur+1","Crippling Poison+1","Tools of the Trade+1"],"relics":["Ring of the Snake","Happy Flower","Prayer Wheel","Pear","Frozen Egg 2","HornCleat","Smiling Mask","Ectoplasm","Dream Catcher","StoneCalendar","Peace Pipe","War Paint","Runic Pyramid","Gremlin Horn","Red Mask","Lizard Tail","Art of War","Lantern"],"acts_visited":["Exordium","TheCity","TheBeyond","TheEnding"],"potions_floor_usage":[51,51,51,51,55,55,55,56,56],"damage_taken":[{"damage":3.0,"enemies":"Cultist","floor":1.0,"turns":5.0},{"damage":9.0,"enemies":"2 Louse","floor":2.0,"turns":3.0},{"damage":0.0,"enemies":"Jaw Worm","floor":4.0,"turns":3.0},{"damage":0.0,"enemies":"2 Fungi Beasts","floor":5.0,"turns":4.0},{"damage":7.0,"enemies":"Lagavulin","floor":6.0,"turns":7.0},{"damage":19.0,"enemies":"Gremlin Nob","floor":8.0,"turns":4.0},{"damage":0.0,"enemies":"Large Slime","floor":10.0,"turns":5.0},{"damage":0.0,"enemies":"3 Louse","floor":12.0,"turns":3.0},{"damage":14.0,"enemies":"Exordium Thugs","floor":13.0,"turns":5.0},{"damage":2.0,"enemies":"3 Sentries","floor":14.0,"turns":10.0},{"damage":1.0,"enemies":"The Guardian","floor":16.0,"turns":10.0},{"damage":7.0,"enemies":"Shell Parasite","floor":18.0,"turns":7.0},{"damage":6.0,"enemies":"2 Thieves","floor":19.0,"turns":4.0},{"damage":22.0,"enemies":"Snake Plant","floor":22.0,"turns":5.0},{"damage":2.0,"enemies":"Book of Stabbing","floor":23.0,"turns":7.0},{"damage":5.0,"enemies":"3 Cultists","floor":28.0,"turns":7.0},{"damage":25.0,"enemies":"Slavers","floor":29.0,"turns":4.0},{"damage":3.0,"enemies":"Cultist and Chosen","floor":30.0,"turns":7.0},{"damage":0.0,"enemies":"Book of Stabbing","floor":31.0,"turns":6.0},{"damage":6.0,"enemies":"Champ","floor":33.0,"turns":11.0},{"damage":7.0,"enemies":"3 Darklings","floor":35.0,"turns":5.0},{"damage":13.0,"enemies":"3 Shapes","floor":36.0,"turns":4.0},{"damage":6.0,"enemies":"Writhing Mass","floor":37.0,"turns":7.0},{"damage":3.0,"enemies":"Sphere and 2 Shapes","floor":38.0,"turns":7.0},{"damage":0.0,"enemies":"Reptomancer","floor":40.0,"turns":8.0},{"damage":0.0,"enemies":"Nemesis","floor":44.0,"turns":7.0},{"damage":0.0,"enemies":"Maw","floor":45.0,"turns":6.0},{"damage":8.0,"enemies":"Spire Growth","floor":46.0,"turns":7.0},{"damage":0,"enemies":"Reptomancer","floor":47,"turns":6},{"damage":57,"enemies":"Time Eater","floor":50,"turns":13},{"damage":48,"enemies":"Awakened One","floor":51,"turns":29},{"damage":38,"enemies":"Shield and Spear","floor":55,"turns":9},{"damage":17,"enemies":"The Heart","floor":56,"turns":14}],"seed_played":"2350953139329358391","potions_obtained":[{"floor":1.0,"key":"FearPotion"},{"floor":3.0,"key":"Energy Potion"},{"floor":3.0,"key":"Block Potion"},{"floor":13.0,"key":"Swift Potion"},{"floor":28.0,"key":"FearPotion"},{"floor":30.0,"key":"FairyPotion"},{"floor":55,"key":"SteroidPotion"}],"is_trial":false,"path_per_floor":["M","M","?","M","M","E","R","E","T","M","?","M","M","E","R","B",null,"M","M","?","$","M","E","R","?","T","?","M","E","M","E","R","B",null,"M","M","M","M","?","E","?","R","T","E","M","M","E","?","R","B","B",null,"R","$","E","B",null],"character_chosen":"THE_SILENT","items_purchased":["Well Laid Plans+1"],"campfire_rested":3,"item_purchase_floors":[21],"current_hp_per_floor":[56,47,47,47,47,50,50,31,31,31,31,31,17,15,15,14,56,49,43,43,43,21,19,40,40,40,40,50,25,22,22,22,16,57,50,37,31,28,28,28,28,28,28,28,28,20,20,20,41,21,9,55,70,70,44,27],"gold":0,"neow_bonus":"ONE_RARE_RELIC","is_daily":false,"chose_seed":false,"campfire_upgraded":3,"win_rate":0.0,"timestamp":1609782629,"path_taken":["M","M","?","M","?","E","R","E","T","M","?","M","M","E","R","BOSS","M","M","?","$","M","E","R","?","T","?","?","E","M","E","R","BOSS","M","M","M","M","?","E","?","R","T","E","M","M","E","?","R","BOSS","BOSS","R","$","E","BOSS"],"items_purchased_type":["Card"],"build_version":"2020-12-22","purchased_purges":1,"victory":true,"max_hp_per_floor":[60,60,60,60,60,70,70,70,70,70,70,70,70,70,70,70,70,70,70,70,70,70,70,70,70,70,70,70,70,70,70,70,70,70,70,70,70,70,70,70,70,70,70,70,70,70,70,70,70,70,70,70,70,70,70,70],"relic_stats":{"Happy Flower":[52],"Gremlin Horn":[10,10],"counters":[33,239],"StoneCalendar":[484],"War Paint":["Defend_G","Acrobatics"],"Smiling Mask":25,"Peace Pipe":0,"Dream Catcher":3,"Lizard Tail":35,"Prayer Wheel":19,"Ectoplasm":604,"Art of War":[33],"obtain_stats":[{"Lantern":55,"Pear":6,"Happy Flower":26,"Gremlin Horn":40,"StoneCalendar":25,"Frozen Egg 2":8,"War Paint":31,"Smiling Mask":14,"Peace Pipe":29,"Dream Catcher":23,"Lizard Tail":44,"HornCleat":9,"Prayer Wheel":0,"Ectoplasm":17,"Red Mask":41,"Art of War":47,"Ring of the Snake":0,"Runic Pyramid":34},{"Lantern":32,"Pear":5,"Happy Flower":15,"Gremlin Horn":25,"StoneCalendar":15,"Frozen Egg 2":6,"War Paint":19,"Smiling Mask":10,"Peace Pipe":17,"Dream Catcher":15,"Lizard Tail":26,"HornCleat":6,"Prayer Wheel":0,"Ectoplasm":11,"Red Mask":25,"Art of War":29,"Ring of the Snake":0,"Runic Pyramid":20},{"Lantern":225,"Pear":22,"Happy Flower":82,"Gremlin Horn":148,"StoneCalendar":82,"Frozen Egg 2":26,"War Paint":106,"Smiling Mask":49,"Peace Pipe":93,"Dream Catcher":82,"Lizard Tail":155,"HornCleat":26,"Prayer Wheel":0,"Ectoplasm":59,"Red Mask":148,"Art of War":174,"Ring of the Snake":0,"Runic Pyramid":117}],"Ring of the Snake":[66]},"card_choices":[{"not_picked":["Dagger Spray","Heel Hook"],"picked":"Poisoned Stab","floor":1.0},{"not_picked":["Escape Plan","PiercingWail"],"picked":"Poisoned Stab","floor":1.0},{"not_picked":["Escape Plan","Slice"],"picked":"Envenom","floor":2.0},{"not_picked":["Deadly Poison","Bane"],"picked":"Dash","floor":2.0},{"not_picked":["Bane","Setup"],"picked":"Terror","floor":4.0},{"not_picked":["Bouncing Flask","Dagger Throw"],"picked":"Leg Sweep","floor":4.0},{"not_picked":["Acrobatics","Poisoned Stab"],"picked":"Venomology","floor":5.0},{"not_picked":["Heel Hook","Quick Slash"],"picked":"Outmaneuver","floor":5.0},{"not_picked":["Eviscerate","Tactician","A Thousand Cuts"],"picked":"SKIP","floor":6.0},{"not_picked":["Deflect","Distraction"],"picked":"Acrobatics","floor":8.0},{"not_picked":["Backstab","Slice"],"picked":"Blade Dance","floor":10.0},{"not_picked":["Flying Knee","Deadly Poison"],"picked":"Leg Sweep","floor":10.0},{"not_picked":["Backflip","Bane"],"picked":"Footwork+1","floor":12.0},{"not_picked":["Distraction","Crippling Poison"],"picked":"Endless Agony","floor":12.0},{"not_picked":["Choke","Tactician"],"picked":"Tools of the Trade+1","floor":13.0},{"not_picked":["Escape Plan","All Out Attack"],"picked":"Acrobatics","floor":13.0},{"not_picked":["Flying Knee","Outmaneuver","Grand Finale"],"picked":"SKIP","floor":14.0},{"not_picked":["Phantasmal Killer","Adrenaline"],"picked":"Wraith Form v2+1","floor":16.0},{"not_picked":["Infinite Blades+1","Blade Dance"],"picked":"Catalyst","floor":18.0},{"not_picked":["Choke","Blur+1"],"picked":"Noxious Fumes+1","floor":18.0},{"not_picked":["Prepared","Flechettes","Cloak And Dagger"],"picked":"SKIP","floor":19.0},{"not_picked":["Cloak And Dagger","Deadly Poison","Slice"],"picked":"SKIP","floor":19.0},{"not_picked":["Tactician","Bouncing Flask"],"picked":"Leg Sweep","floor":22.0},{"not_picked":["Flying Knee","Sucker Punch"],"picked":"Reflex","floor":22.0},{"not_picked":["Poisoned Stab","Flying Knee"],"picked":"Outmaneuver","floor":23.0},{"not_picked":["Adrenaline","Outmaneuver"],"picked":"Crippling Poison+1","floor":24.0},{"not_picked":["Bouncing Flask","Calculated Gamble"],"picked":"Acrobatics","floor":28.0},{"not_picked":["Prepared","Dodge and Roll","Crippling Poison"],"picked":"SKIP","floor":28.0},{"not_picked":["Flechettes","Choke"],"picked":"Backflip","floor":29.0},{"not_picked":["Quick Slash","All Out Attack","Poisoned Stab"],"picked":"SKIP","floor":30.0},{"not_picked":["Slice","Outmaneuver","Finisher"],"picked":"SKIP","floor":30.0},{"not_picked":["Poisoned Stab","Slice"],"picked":"Blade Dance","floor":31.0},{"not_picked":["Doppelganger","After Image+1"],"picked":"Malaise","floor":33.0},{"not_picked":["Bane+1","Blade Dance"],"picked":"PiercingWail","floor":35.0},{"not_picked":["Reflex","Slice+1"],"picked":"Outmaneuver","floor":35.0},{"not_picked":["Dagger Spray","Dash+1"],"picked":"Footwork+1","floor":36.0},{"not_picked":["Well Laid Plans+1","Flechettes","Caltrops+1"],"picked":"SKIP","floor":36.0},{"not_picked":["Eviscerate+1","Slice"],"picked":"Tactician","floor":37.0},{"not_picked":["Skewer","Dodge and Roll"],"picked":"Backflip","floor":37.0},{"not_picked":["PiercingWail","Outmaneuver"],"picked":"Catalyst","floor":38.0},{"not_picked":["Eviscerate+1","Venomology","Flying Knee"],"picked":"SKIP","floor":38.0},{"not_picked":["Cloak And Dagger+1","Heel Hook+1","Bane"],"picked":"SKIP","floor":40.0},{"not_picked":["PiercingWail+1","Deflect"],"picked":"Prepared+1","floor":44.0},{"not_picked":["Noxious Fumes+1","Poisoned Stab","Well Laid Plans+1"],"picked":"SKIP","floor":45.0},{"not_picked":["Bane","Backstab","Well Laid Plans+1"],"picked":"SKIP","floor":45.0},{"not_picked":["Leg Sweep","Poisoned Stab"],"picked":"Night Terror","floor":46.0},{"not_picked":["Well Laid Plans+1","Accuracy+1"],"picked":"Blur+1","floor":46.0},{"not_picked":["Slice","Prepared","Underhanded Strike"],"picked":"SKIP","floor":47},{"not_picked":["Heel Hook+1","Deadly Poison+1"],"picked":"Crippling Poison+1","floor":49},{"not_picked":["Distraction","Eviscerate"],"picked":"Tools of the Trade+1","floor":55}],"player_experience":104380,"relics_obtained":[{"floor":6.0,"key":"Pear"},{"floor":8.0,"key":"Frozen Egg 2"},{"floor":9.0,"key":"HornCleat"},{"floor":14.0,"key":"Smiling Mask"},{"floor":23.0,"key":"Dream Catcher"},{"floor":26.0,"key":"Happy Flower"},{"floor":29.0,"key":"Peace Pipe"},{"floor":31.0,"key":"War Paint"},{"floor":40.0,"key":"Gremlin Horn"},{"floor":44.0,"key":"Lizard Tail"},{"floor":47,"key":"Art of War"},{"floor":55,"key":"Lantern"}],"event_choices":[{"damage_healed":0.0,"max_hp_gain":0.0,"max_hp_loss":0.0,"gold_gain":0.0,"event_name":"Lab","player_choice":"Got Potions","floor":3.0,"gold_loss":0.0,"damage_taken":0.0},{"damage_healed":0.0,"max_hp_gain":0.0,"max_hp_loss":0.0,"gold_gain":0.0,"cards_transformed":["Strike_G"],"event_name":"Living Wall","player_choice":"Change","floor":11.0,"gold_loss":0.0,"damage_taken":0.0,"cards_obtained":["All Out Attack"]},{"damage_healed":0.0,"max_hp_gain":0.0,"max_hp_loss":0.0,"gold_gain":0.0,"cards_transformed":["Strike_G"],"event_name":"Transmorgrifier","player_choice":"Transformed","floor":20.0,"gold_loss":0.0,"damage_taken":0.0,"cards_obtained":["Adrenaline"]},{"damage_healed":0.0,"max_hp_gain":0.0,"max_hp_loss":0.0,"gold_gain":0.0,"event_name":"Addict","player_choice":"Obtained Relic","floor":25.0,"gold_loss":85.0,"damage_taken":0.0,"relics_obtained":["StoneCalendar"]},{"damage_healed":0.0,"max_hp_gain":0.0,"max_hp_loss":0.0,"gold_gain":0.0,"cards_transformed":["Strike_G","Strike_G"],"event_name":"Drug Dealer","player_choice":"Became Test Subject","floor":27.0,"gold_loss":0.0,"damage_taken":0.0,"cards_obtained":["Setup","All Out Attack"]},{"damage_healed":0.0,"max_hp_gain":0.0,"max_hp_loss":0.0,"gold_gain":0.0,"event_name":"Duplicator","player_choice":"Copied","floor":39.0,"gold_loss":0.0,"damage_taken":0.0,"cards_obtained":["Wraith Form v2"]},{"damage_healed":0.0,"max_hp_gain":0.0,"max_hp_loss":0.0,"gold_gain":0.0,"event_name":"Tomb of Lord Red Mask","player_choice":"Paid","floor":41.0,"gold_loss":62.0,"damage_taken":0.0,"relics_obtained":["Red Mask"]},{"cards_removed":["Dash"],"damage_healed":0,"gold_gain":0,"player_choice":"Removed Attack","damage_taken":0,"max_hp_gain":0,"max_hp_loss":0,"event_name":"Falling","floor":48,"gold_loss":0}],"is_beta":false,"boss_relics":[{"not_picked":["Ring of the Serpent","SlaversCollar"],"picked":"Ectoplasm"},{"not_picked":["Astrolabe","Pandora\u0027s Box"],"picked":"Runic Pyramid"}],"items_purged_floors":[21],"is_endless":false,"potions_floor_spawned":[1,5,8,13,16,18,28,30,35,36,40,45,46,55],"ascension_level":20}}