{"host":"5fpb1gzflhq9886n","time":1609745151,"event":{"mods":["AchievementEnabler","BaseMod","Colored Map","Colored Powertips","Minty Spire (QoL Compilation)","Permanent Neow"],"gold_per_floor":[118,128,128,4,18,18,50,50,96,96,109,137,155,172,172,275,275,261,261,261,279,106,131,131,131,131],"floor_reached":25,"playtime":1726,"items_purged":["Regret","Writhe"],"score":277,"play_id":"884101a8-48f7-4bce-9c55-bf8f9f3f4262","local_time":"20210104022551","is_ascension_mode":true,"campfire_choices":[{"data":"Perfected Strike","floor":6,"key":"SMITH"},{"floor":8,"key":"REST"},{"floor":10,"key":"REST"},{"floor":15,"key":"REST"},{"floor":24,"key":"REST"}],"circlet_count":0,"master_deck":["Strike_R","Strike_R","Strike_R","Strike_R","Strike_R","Defend_R","Defend_R","Defend_R","Defend_R","Bash","Parasite","Berserk","Perfected Strike+1","Shrug It Off","Flex","Uppercut","Battle Trance","Heavy Blade","Thunderclap","Armaments","Impervious","Demon Form","Intimidate+1","RitualDagger","Twin Strike","Inflame","Spot Weakness+1"],"relics":["Burning Blood","Nunchaku","Red Skull","Oddly Smooth Stone","Strawberry","Mark of Pain","Peace Pipe","Orichalcum"],"acts_visited":["Exordium","TheCity"],"potions_floor_usage":[7,12],"damage_taken":[{"damage":12,"enemies":"Small Slimes","floor":1,"turns":5},{"damage":12,"enemies":"Jaw Worm","floor":2,"turns":4},{"damage":16,"enemies":"2 Louse","floor":5,"turns":3},{"damage":52,"enemies":"3 Sentries","floor":7,"turns":8},{"damage":30,"enemies":"Lots of Slimes","floor":11,"turns":5},{"damage":36,"enemies":"Lagavulin","floor":12,"turns":5},{"damage":6,"enemies":"Exordium Thugs","floor":13,"turns":3},{"damage":5,"enemies":"Looter","floor":14,"turns":2},{"damage":41,"enemies":"The Guardian","floor":16,"turns":9},{"damage":11,"enemies":"2 Thieves","floor":18,"turns":4},{"damage":28,"enemies":"Spheric Guardian","floor":21,"turns":6},{"damage":34,"enemies":"Gremlin Leader","floor":23,"turns":6},{"damage":53,"enemies":"Slavers","floor":25,"turns":4}],"seed_played":"4662135660902767660","potions_obtained":[{"floor":5,"key":"GamblersBrew"},{"floor":11,"key":"BloodPotion"},{"floor":12,"key":"EssenceOfSteel"},{"floor":14,"key":"FearPotion"},{"floor":23,"key":"GamblersBrew"}],"is_trial":false,"path_per_floor":["M","M","?","$","M","R","E","R","T","R","M","E","M","M","R","B",null,"M","?","?","M","$","E","R","E"],"character_chosen":"IRONCLAD","items_purchased":["Flex","Inflame"],"campfire_rested":4,"item_purchase_floors":[4,22],"current_hp_per_floor":[74,68,68,68,58,58,12,36,36,60,36,29,29,30,56,21,87,82,76,76,54,54,26,52,0,0],"gold":131,"neow_bonus":"THREE_RARE_CARDS","is_daily":false,"chose_seed":false,"campfire_upgraded":1,"win_rate":0.0,"timestamp":1609745151,"path_taken":["M","M","?","$","M","R","E","R","T","R","M","E","M","M","R","BOSS","M","?","?","M","$","E","R","E"],"items_purchased_type":["Card","Card"],"build_version":"2020-12-22","purchased_purges":2,"victory":false,"max_hp_per_floor":[80,80,80,80,80,80,80,80,80,80,80,87,87,87,87,87,87,87,87,87,87,87,87,87,87,87],"card_choices":[{"not_picked":["Exhume","Immolate"],"picked":"Berserk","floor":0},{"not_picked":["Anger","Sword Boomerang"],"picked":"Perfected Strike","floor":1},{"not_picked":["Dual Wield","Uppercut"],"picked":"Shrug It Off","floor":2},{"not_picked":["Iron Wave","Perfected Strike"],"picked":"Uppercut","floor":5},{"not_picked":["Entrench","Shockwave"],"picked":"Battle Trance","floor":7},{"not_picked":["Anger","Shrug It Off"],"picked":"Heavy Blade","floor":11},{"not_picked":["Warcry","Spot Weakness"],"picked":"Thunderclap","floor":12},{"not_picked":["Warcry","Havoc"],"picked":"Armaments","floor":13},{"not_picked":["Flex","Anger"],"picked":"Impervious","floor":14},{"not_picked":["Double Tap","Impervious"],"picked":"Demon Form","floor":16},{"not_picked":["Wild Strike","Twin Strike"],"picked":"Intimidate+1","floor":18},{"not_picked":["Heavy Blade","Armaments+1"],"picked":"Twin Strike","floor":21},{"not_picked":["Body Slam","Rampage"],"picked":"Spot Weakness+1","floor":23}],"player_experience":658759,"relics_obtained":[{"floor":7,"key":"Red Skull"},{"floor":9,"key":"Oddly Smooth Stone"},{"floor":12,"key":"Strawberry"},{"floor":23,"key":"Orichalcum"}],"event_choices":[{"damage_healed":0,"gold_gain":0,"player_choice":"Box","damage_taken":0,"relics_obtained":["Nunchaku"],"max_hp_gain":0,"max_hp_loss":0,"event_name":"Big Fish","floor":3,"gold_loss":0,"cards_obtained":["Regret"]},{"damage_healed":0,"gold_gain":0,"player_choice":"Joined the Cult","damage_taken":6,"max_hp_gain":0,"max_hp_loss":0,"event_name":"Nest","floor":19,"gold_loss":0,"cards_obtained":["RitualDagger"]},{"damage_healed":0,"gold_gain":0,"player_choice":"Opened","damage_taken":0,"relics_obtained":["Peace Pipe"],"max_hp_gain":0,"max_hp_loss":0,"event_name":"The Mausoleum","floor":20,"gold_loss":0,"cards_obtained":["Writhe"]}],"is_beta":false,"boss_relics":[{"not_picked":["Runic Cube","Black Star"],"picked":"Mark of Pain"}],"items_purged_floors":[4,22],"is_endless":false,"potions_floor_spawned":[5,11,12,14,23],"killed_by":"Slavers","ascension_level":4}}