{"host":"8xi53560pl5zaoq2","time":1609764335,"event":{"mods":["BaseMod","Colored Map","Highlight Path","Minty Spire (QoL Compilation)","StSLib","Synergy Search"],"gold_per_floor":[109,120,133,24,34,34,34,34,114,114,125,88,88,88,88,167,167,183,194,109,34,34,34],"floor_reached":22,"playtime":840,"items_purged":["Strike_G"],"score":287,"play_id":"f6ecf31b-8ad6-49af-8eb0-cf7df695ff2b","local_time":"20210104054535","is_ascension_mode":true,"campfire_choices":[{"data":"Neutralize","floor":8,"key":"SMITH"},{"data":"Catalyst","floor":10,"key":"SMITH"},{"data":"Noxious Fumes","floor":13,"key":"SMITH"},{"data":"Survivor","floor":15,"key":"SMITH"}],"circlet_count":0,"master_deck":["AscendersBane","Strike_G","Strike_G","Defend_G","Defend_G","Defend_G","Defend_G","Survivor+1","Neutralize+1","Backstab","Masterful Stab","Catalyst+1","Noxious Fumes+1","Burst","Prepared"],"relics":["Ring of the Snake","Boot","Mercury Hourglass","Philosopher\u0027s Stone","Happy Flower"],"acts_visited":["Exordium","TheCity"],"potions_floor_usage":[16,22],"damage_taken":[{"damage":0,"enemies":"2 Louse","floor":1,"turns":3},{"damage":0,"enemies":"Cultist","floor":2,"turns":4},{"damage":7,"enemies":"Jaw Worm","floor":3,"turns":4},{"damage":0,"enemies":"2 Fungi Beasts","floor":5,"turns":4},{"damage":3,"enemies":"Looter","floor":11,"turns":3},{"damage":18,"enemies":"Hexaghost","floor":16,"turns":10},{"damage":19,"enemies":"Spheric Guardian","floor":18,"turns":5},{"damage":19,"enemies":"3 Byrds","floor":19,"turns":5},{"damage":14,"enemies":"3 Cultists","floor":22,"turns":3}],"seed_played":"6942238764204895986","potions_obtained":[{"floor":2,"key":"SteroidPotion"},{"floor":11,"key":"DistilledChaos"},{"floor":18,"key":"Ancient Potion"},{"floor":19,"key":"DistilledChaos"}],"is_trial":false,"path_per_floor":["M","M","M","$","M","?","$","R","T","R","M","$","R","?","R","B",null,"M","M","?","?","M"],"character_chosen":"THE_SILENT","items_purchased":["Catalyst","Noxious Fumes"],"campfire_rested":0,"item_purchase_floors":[4,12],"current_hp_per_floor":[63,63,56,56,56,56,56,56,56,56,53,53,53,46,46,28,60,41,22,22,22,8,8],"gold":34,"neow_bonus":"RANDOM_COMMON_RELIC","is_daily":false,"chose_seed":false,"campfire_upgraded":4,"win_rate":0.0,"timestamp":1609764335,"path_taken":["M","M","M","$","M","?","?","R","T","R","?","$","R","?","R","BOSS","M","M","?","?","M"],"items_purchased_type":["Card","Card"],"build_version":"2020-12-22","purchased_purges":1,"victory":false,"max_hp_per_floor":[70,70,70,70,70,70,70,70,70,70,70,70,70,70,70,70,70,70,70,70,70,70,70],"card_choices":[{"not_picked":["Dagger Throw","Dodge and Roll","Bane"],"picked":"SKIP","floor":1},{"not_picked":["Terror","Sucker Punch"],"picked":"Backstab","floor":2},{"not_picked":["Acrobatics","Sucker Punch"],"picked":"Masterful Stab","floor":3},{"not_picked":["Slice","Dash","Flying Knee"],"picked":"SKIP","floor":5},{"not_picked":["Bane","Predator","Sucker Punch"],"picked":"SKIP","floor":11},{"not_picked":["Die Die Die","Wraith Form v2"],"picked":"Burst","floor":16},{"not_picked":["Flying Knee","Sucker Punch"],"picked":"Prepared","floor":18},{"not_picked":["Bane","Skewer","Sucker Punch"],"picked":"SKIP","floor":19}],"player_experience":1255804,"relics_obtained":[{"floor":9,"key":"Mercury Hourglass"}],"event_choices":[{"cards_removed":["Strike_G"],"damage_healed":0,"gold_gain":0,"player_choice":"Purged","damage_taken":0,"max_hp_gain":0,"max_hp_loss":0,"event_name":"Purifier","floor":6,"gold_loss":0},{"cards_removed":["Defend_G"],"damage_healed":0,"gold_gain":0,"player_choice":"Card Removal","damage_taken":7,"max_hp_gain":0,"max_hp_loss":0,"event_name":"Golden Wing","floor":14,"gold_loss":0},{"damage_healed":0,"gold_gain":0,"player_choice":"Obtained Relic","damage_taken":0,"relics_obtained":["Happy Flower"],"max_hp_gain":0,"max_hp_loss":0,"event_name":"Addict","floor":20,"gold_loss":85},{"cards_removed":["Strike_G"],"damage_healed":0,"gold_gain":0,"player_choice":"Gave Gold","damage_taken":0,"max_hp_gain":0,"max_hp_loss":0,"event_name":"Beggar","floor":21,"gold_loss":75}],"is_beta":false,"boss_relics":[{"not_picked":["Runic Pyramid","HoveringKite"],"picked":"Philosopher\u0027s Stone"}],"items_purged_floors":[4],"is_endless":false,"potions_floor_spawned":[2,11,18,19],"killed_by":"3 Cultists","ascension_level":13}}