{"host":"8z6cx8b9r5qs18cp","time":1609727592,"event":{"mods":["AchievementEnabler","Act Like it!","Bard","BaseMod","GifTheSpireLib","Googly Eyes","Hermit","Hubris","Infinite Spire","Marked Mod","Minty Spire (QoL Compilation)","Permanent Neow","Rare Cards Sparkle","Relic Stats","Replay The Spire","StSLib","Stuff the Spire","The Animator","The Bug Knight","The Cursed","The Servant 0.9.4"],"gold_per_floor":[161,161,173,49,63,98,98,116,170,204,204,234,234],"floor_reached":12,"playtime":921,"items_purged":[],"score":103,"play_id":"763a1532-2aac-4430-bdeb-cf497558f2f5","local_time":"20210103203312","is_ascension_mode":true,"campfire_choices":[],"circlet_count":0,"master_deck":["Strike_B","Strike_B","Strike_B","Strike_B","Defend_B+1","Defend_B","Defend_B","Defend_B","Zap","Dualcast","Cold Snap","Conserve Battery","Ball Lightning","All For One","Steam","Static Discharge","Go for the Eyes","Loop","Capacitor","Streamline","StuffTheSpire:Coldhearted"],"relics":["Tiny House","ReplayTheSpireMod:Ninjato","Anchor","infinitespire:Lucky Rock","StuffTheSpire:Wildfire","White Beast Statue"],"acts_visited":["Exordium"],"potions_floor_usage":[],"damage_taken":[{"damage":0,"enemies":"Small Slimes","floor":1,"turns":5},{"damage":6,"enemies":"infinitespire:Voidling","floor":3,"turns":4},{"damage":0,"enemies":"Jaw Worm","floor":5,"turns":3},{"damage":15,"enemies":"HollowMod:MossKnight","floor":6,"turns":10},{"damage":17,"enemies":"Gremlin Gang","floor":8,"turns":5},{"damage":6,"enemies":"Lagavulin","floor":10,"turns":7},{"damage":10,"enemies":"HollowMod:MossKnight","floor":12,"turns":10}],"seed_played":"1858127705792560555","potions_obtained":[{"floor":0,"key":"GamblersBrew"},{"floor":1,"key":"FocusPotion"},{"floor":3,"key":"AttackPotion"},{"floor":7,"key":"infinitespire:BlackPotion"}],"is_trial":false,"path_per_floor":["M","?","M","$","M","E","?","M","T","E","?","E"],"character_chosen":"DEFECT","items_purchased":["Static Discharge","Go for the Eyes"],"campfire_rested":0,"item_purchase_floors":[4,4],"current_hp_per_floor":[80,80,78,78,78,63,63,46,46,40,40,30,30],"gold":234,"neow_bonus":"BOSS_RELIC","is_daily":false,"chose_seed":false,"campfire_upgraded":0,"win_rate":0.0,"timestamp":1609727592,"path_taken":["M","?","M","$","?","E","?","?","T","E","?","E"],"items_purchased_type":["Card","Card"],"build_version":"2020-12-22","purchased_purges":0,"victory":false,"max_hp_per_floor":[80,80,80,80,80,80,80,80,80,80,80,80,80],"relic_stats":{"counters":[7,43],"obtain_stats":[{"Anchor":9,"Tiny House":0,"ReplayTheSpireMod:Ninjato":6,"StuffTheSpire:Wildfire":11,"infinitespire:Lucky Rock":10,"Cracked Core":0,"White Beast Statue":12},{"Anchor":5,"Tiny House":0,"ReplayTheSpireMod:Ninjato":4,"StuffTheSpire:Wildfire":6,"infinitespire:Lucky Rock":6,"Cracked Core":0,"White Beast Statue":7},{"Anchor":26,"Tiny House":0,"ReplayTheSpireMod:Ninjato":22,"StuffTheSpire:Wildfire":33,"infinitespire:Lucky Rock":33,"Cracked Core":0,"White Beast Statue":43}]},"card_choices":[{"not_picked":["Sweeping Beam","Blizzard"],"picked":"Cold Snap","floor":0},{"not_picked":["Hologram","Melter"],"picked":"Conserve Battery","floor":1},{"not_picked":["Recycle","Hologram"],"picked":"Steam","floor":3},{"not_picked":["Barrage","Heatsinks"],"picked":"Loop","floor":5},{"not_picked":["Sweeping Beam","BasicCrystalCard"],"picked":"Capacitor","floor":6},{"not_picked":["Panic Button","Turbo"],"picked":"Streamline","floor":8},{"not_picked":["Hologram","hubris:PowerSurge"],"picked":"StuffTheSpire:Coldhearted","floor":10}],"player_experience":196945,"relics_obtained":[{"floor":6,"key":"ReplayTheSpireMod:Ninjato"},{"floor":9,"key":"Anchor"},{"floor":10,"key":"infinitespire:Lucky Rock"},{"floor":11,"key":"StuffTheSpire:Wildfire"},{"floor":12,"key":"White Beast Statue"}],"event_choices":[{"damage_healed":0,"gold_gain":0,"player_choice":"2 cards matched","damage_taken":0,"max_hp_gain":0,"max_hp_loss":0,"event_name":"Match and Keep!","floor":2,"gold_loss":0,"cards_obtained":["Ball Lightning","All For One"]},{"damage_healed":0,"gold_gain":0,"player_choice":"Got Potions","damage_taken":0,"max_hp_gain":0,"max_hp_loss":0,"event_name":"Lab","floor":7,"gold_loss":0}],"is_beta":false,"boss_relics":[],"items_purged_floors":[],"is_endless":false,"potions_floor_spawned":[1,3],"killed_by":"HollowMod:MossKnight","ascension_level":1}}