{"host":"faxec7zdkweurczj","time":1609763519,"event":{"mods":["Ascension Reborn","BaseMod","Colored Powertips","Conspire","Highlight Path","Minty Spire (QoL Compilation)","Replay The Spire","Shop Mod","StSLib","TestMod","[IsaacMod]以撒尖塔","vexMod","篝火指南"],"gold_per_floor":[117,117,141,154,177,215,215,157,157,171,44,44,44,60,60,182,182,199,223,223,313,335,335,375,375,375,394,416,416,439,459,181,296,296,315,315,337,354,373,414,228,10,41,59,95,131,145,169,10,10,10,201,47,82,82],"floor_reached":56,"playtime":1666,"items_purged":["Strike_R+1","Strike_R+1","Strike_R+1","Strike_R+1","Strike_R+1","Defend_R+1","Defend_R+1","Defend_R+1"],"score":450,"play_id":"8dc4c947-08cb-4acf-b27a-58ae06b11201","local_time":"20210104203159","is_ascension_mode":true,"campfire_choices":[{"floor":7.0,"key":"RECALL"},{"data":"Cleave","floor":12.0,"key":"SMITH"},{"data":"Thunderclap","floor":15.0,"key":"SMITH"},{"data":"Entrench","floor":23.0,"key":"SMITH"},{"data":"Limit Break","floor":25.0,"key":"SMITH"}],"circlet_count":0,"master_deck":["Defend_R+1","Bash+1","SuicideKing","Heavy Blade+1","Thunderclap+1","Inflame+1","Cleave+1","Metallicize","Feed+1","Entrench+1","Limit Break+1","Inflame","Metallicize","Thunderclap+1","Body Slam+1","Shrug It Off+1","Metallicize","Metallicize","Metallicize","Barricade","Inflame"],"relics":["Burning Blood","testmod-TestBox","HushsDoor","testmod-EqualTreatment","SteamSale","ReplayTheSpireMod:Lightbulb","testmod-ArcanaOfDestiny","Bag of Preparation","testmod-TestBox","vexMod:HeadHunter","testmod-NegativeEmotionEnhancer","ReplayTheSpireMod:Spearhead","Onion Ring","Garlic","Boot","TheBible","Bronze Scales","Pondfish Scales","MagicMushroom","AnarchistCookbook","Pen Nib","Ice Cream","testmod-InjuryResistance","SalivaCoin","PreservedInsect","MerchantsRug","Replay:Baseball","King of Hearts","Mirror","testmod-IndustrialRevolution","PillsDrop"],"acts_visited":["Exordium","TheCity","TheBeyond","TheEnding"],"potions_floor_usage":[39,55,55,55,55,55,55,55,55,55,55,55,55,55,55,55,55],"damage_taken":[{"damage":0.0,"enemies":"2 Louse","floor":1.0,"turns":1.0},{"damage":0.0,"enemies":"Small Slimes","floor":3.0,"turns":1.0},{"damage":0.0,"enemies":"Cultist","floor":4.0,"turns":1.0},{"damage":0.0,"enemies":"Large Slime","floor":5.0,"turns":2.0},{"damage":6.0,"enemies":"Lagavulin","floor":6.0,"turns":5.0},{"damage":0.0,"enemies":"Looter","floor":10.0,"turns":1.0},{"damage":0.0,"enemies":"Blue Slaver","floor":14.0,"turns":1.0},{"damage":45.0,"enemies":"Hexaghost","floor":16.0,"turns":4.0},{"damage":2.0,"enemies":"Chosen","floor":18.0,"turns":3.0},{"damage":8.0,"enemies":"Spheric Guardian","floor":19.0,"turns":3.0},{"damage":0.0,"enemies":"Cultist and Chosen","floor":22.0,"turns":2.0},{"damage":1.0,"enemies":"Book of Stabbing","floor":24.0,"turns":3.0},{"damage":0.0,"enemies":"Centurion and Healer","floor":27.0,"turns":1.0},{"damage":3.0,"enemies":"conspire:HollyBat","floor":28.0,"turns":4.0},{"damage":3.0,"enemies":"Snake Plant","floor":30.0,"turns":2.0},{"damage":0.0,"enemies":"Centurion and Healer","floor":31.0,"turns":1.0},{"damage":0,"enemies":"Champ","floor":33,"turns":3},{"damage":0,"enemies":"3 Shapes","floor":35,"turns":1},{"damage":0,"enemies":"3 Darklings","floor":37,"turns":1},{"damage":0,"enemies":"Transient","floor":38,"turns":5},{"damage":4,"enemies":"4 Shapes","floor":39,"turns":1},{"damage":0,"enemies":"R_Hoarder","floor":40,"turns":3},{"damage":0,"enemies":"Writhing Mass","floor":44,"turns":2},{"damage":0,"enemies":"Giant Head","floor":45,"turns":2},{"damage":4,"enemies":"Sphere and 2 Shapes","floor":46,"turns":1},{"damage":0,"enemies":"Spire Growth","floor":47,"turns":1},{"damage":0,"enemies":"Maw","floor":48,"turns":2},{"damage":0,"enemies":"Donu and Deca","floor":50,"turns":2},{"damage":0,"enemies":"Shield and Spear","floor":54,"turns":1},{"damage":0,"enemies":"Delirium","floor":55,"turns":10}],"seed_played":"6575284561281230325","potions_obtained":[{"floor":1.0,"key":"Strength Potion"},{"floor":3.0,"key":"Dexterity Potion"},{"floor":5.0,"key":"Fruit Juice"},{"floor":18.0,"key":"Strength Potion"},{"floor":19.0,"key":"EntropicBrew"},{"floor":22.0,"key":"Explosive Potion"},{"floor":27.0,"key":"SteroidPotion"},{"floor":31.0,"key":"LiquidBronze"},{"floor":39,"key":"testmod-SpacePotion"},{"floor":39,"key":"FearPotion"},{"floor":40,"key":"EntropicBrew"},{"floor":48,"key":"Dexterity Potion"}],"is_trial":false,"path_per_floor":["M","?","M","M","M","E","R","$","T","M","$","R","?","M","R","B",null,"M","M","?","?","M","R","E","R","T","M","M","?","M","M","R","B",null,"M","?","M","M","M","E","$","$","T","M","E","M","M","M","R","B",null,"R","$","E","B",null],"character_chosen":"IRONCLAD","items_purchased":["Thunderclap","conspire:TreasureMap","Cleave","TheBible","Bronze Scales","Guide Book","Shrug It Off+1","Ice Cream","testmod-InjuryResistance","Metallicize","MerchantsRug","Replay:Baseball","Metallicize","King of Hearts","Mirror","testmod-IndustrialRevolution"],"campfire_rested":0,"item_purchase_floors":[8,11,11,32,32,32,32,41,42,42,49,52,52,52,53,53],"current_hp_per_floor":[85,85,85,85,85,85,85,85,85,85,85,85,85,85,85,55,85,94,95,95,80,95,95,103,103,103,104,108,108,112,113,113,119,119,120,114,115,116,133,134,134,134,134,135,136,145,146,147,147,153,153,153,153,154,160],"gold":82,"neow_bonus":"THREE_ENEMY_KILL","is_daily":false,"chose_seed":false,"campfire_upgraded":4,"win_rate":0.0,"timestamp":1609763519,"path_taken":["M","?","?","M","M","E","R","$","T","M","$","R","?","M","R","BOSS","M","M","?","?","M","R","E","R","T","M","?","?","M","M","R","BOSS","M","?","M","M","M","E","?","$","T","M","E","M","M","M","R","BOSS","R","$","E","BOSS"],"items_purchased_type":["Card","Relic","Card","Relic","Relic","Relic","Card","Relic","Relic","Card","Relic","Relic","Card","Relic","Relic","Relic"],"build_version":"2020-12-22","purchased_purges":8,"victory":true,"max_hp_per_floor":[85,85,85,85,85,85,85,85,85,85,85,85,85,85,85,90,85,94,95,95,95,99,99,103,103,103,104,108,108,112,113,113,119,119,120,114,115,116,133,134,134,134,134,135,136,145,146,147,147,153,153,153,153,154,160],"card_choices":[{"not_picked":[],"picked":"SuicideKing","floor":0.0},{"not_picked":["Twin Strike+1","True Grit","Run Through"],"picked":"SKIP","floor":1.0},{"not_picked":["ReplayTheSpireMod:Stacked","Second Wind"],"picked":"Heavy Blade+1","floor":3.0},{"not_picked":["Power Through","conspire:ExplosiveBarrier","Flex"],"picked":"SKIP","floor":4.0},{"not_picked":["Second Wind","conspire:ExplosiveBarrier","Anger"],"picked":"SKIP","floor":5.0},{"not_picked":["Shrug It Off","Havoc","Run Through+1"],"picked":"SKIP","floor":6.0},{"not_picked":["Flame Barrier+1","Hemogenesis","Replay:Many Hands"],"picked":"SKIP","floor":6.0},{"not_picked":["Uppercut","Seeing Red+1"],"picked":"Inflame","floor":10.0},{"not_picked":["Perfected Strike","True Grit"],"picked":"Metallicize","floor":14.0},{"not_picked":["conspire:HitWhereItHurts","Bludgeon"],"picked":"Feed","floor":16.0},{"not_picked":["Dark Embrace","Armaments","Disarm+1"],"picked":"SKIP","floor":18.0},{"not_picked":["ReplayTheSpireMod:Strike From Hell+1","Dark Embrace"],"picked":"Entrench","floor":19.0},{"not_picked":["Massacre","Rampage+1","Bloodletting+1"],"picked":"SKIP","floor":22.0},{"not_picked":["Demon Form","Impervious"],"picked":"Limit Break","floor":24.0},{"not_picked":["Reaper","Metallicize"],"picked":"Inflame","floor":24.0},{"not_picked":["Armaments+1","Blood for Blood"],"picked":"Metallicize","floor":27.0},{"not_picked":["Twin Strike+1","Run Through+1","Evolve"],"picked":"SKIP","floor":28.0},{"not_picked":["Wild Strike","Pommel Strike"],"picked":"Thunderclap+1","floor":30.0},{"not_picked":["Armaments","Warcry+1"],"picked":"Body Slam+1","floor":31.0},{"not_picked":["ReplayTheSpireMod:Corrosion Curse+1","Armaments+1","Headbutt"],"picked":"SKIP","floor":35},{"not_picked":["ReplayTheSpireMod:Strike From Hell","Feel No Pain+1"],"picked":"Metallicize","floor":37},{"not_picked":["Spot Weakness+1","Ghostly Armor+1","Clash"],"picked":"SKIP","floor":38},{"not_picked":["Body Slam+1","Heavy Blade","Bloodletting"],"picked":"SKIP","floor":39},{"not_picked":["Offering","Double Tap","Hemogenesis"],"picked":"SKIP","floor":40},{"not_picked":["Reckless Charge+1","Entrench+1","Sword Boomerang+1"],"picked":"SKIP","floor":40},{"not_picked":["Twin Strike+1","Heavy Blade+1","ReplayTheSpireMod:Stacked+1"],"picked":"SKIP","floor":44},{"not_picked":["Double Tap","Fiend Fire","Replay:Many Hands"],"picked":"SKIP","floor":45},{"not_picked":["Hemokinesis+1","Feel No Pain+1","Corruption"],"picked":"SKIP","floor":45},{"not_picked":["Sword Boomerang+1","Rupture+1","conspire:Charge+1"],"picked":"SKIP","floor":46},{"not_picked":["Sword Boomerang+1","Clothesline+1","Rampage"],"picked":"SKIP","floor":47},{"not_picked":["Carnage+1","Twin Strike","Intimidate"],"picked":"SKIP","floor":48},{"not_picked":["Berserk","Juggernaut"],"picked":"Barricade","floor":54},{"not_picked":["Warcry+1","Searing Blow+1"],"picked":"Inflame","floor":54}],"player_experience":1240281,"relics_obtained":[{"floor":4.0,"key":"ReplayTheSpireMod:Lightbulb"},{"floor":6.0,"key":"testmod-ArcanaOfDestiny"},{"floor":9.0,"key":"Bag of Preparation"},{"floor":10.0,"key":"testmod-ThousandKnives"},{"floor":16.0,"key":"vexMod:HeadHunter"},{"floor":22.0,"key":"Potion Belt"},{"floor":24.0,"key":"ReplayTheSpireMod:Spearhead"},{"floor":26.0,"key":"Onion Ring"},{"floor":26.0,"key":"Garlic"},{"floor":28.0,"key":"Boot"},{"floor":30.0,"key":"Blue Doll"},{"floor":33,"key":"Pondfish Scales"},{"floor":38,"key":"Centennial Puzzle"},{"floor":39,"key":"AnarchistCookbook"},{"floor":40,"key":"Pen Nib"},{"floor":43,"key":"SalivaCoin"},{"floor":43,"key":"Ancient Tea Set"},{"floor":45,"key":"PreservedInsect"},{"floor":54,"key":"PillsDrop"}],"event_choices":[{"damage_healed":0.0,"max_hp_gain":0.0,"max_hp_loss":0.0,"gold_gain":0.0,"event_name":"conspire:LoneGhost","player_choice":"Disagree","floor":2.0,"gold_loss":0.0,"damage_taken":0.0},{"damage_healed":0.0,"max_hp_gain":0.0,"max_hp_loss":0.0,"gold_gain":0.0,"event_name":"给自己的盒子","player_choice":"Swap Relic","floor":13.0,"relics_lost":["NeowsBlessing"],"gold_loss":0.0,"damage_taken":0.0,"relics_obtained":["testmod-TestBox"]},{"damage_healed":0.0,"max_hp_gain":0.0,"max_hp_loss":0.0,"gold_gain":0.0,"event_name":"NoteForYourself","player_choice":"Ignored","floor":20.0,"gold_loss":0.0,"damage_taken":0.0},{"damage_healed":0,"gold_gain":0,"player_choice":"Max HP","damage_taken":0,"max_hp_gain":0,"max_hp_loss":6,"event_name":"Winding Halls","floor":36,"gold_loss":0}],"is_beta":false,"boss_relics":[{"not_picked":["testmod-StringDisintegrator","Electric Blood"],"picked":"testmod-NegativeEmotionEnhancer"},{"not_picked":[]},{"not_picked":["Velvet Choker","Pandora\u0027s Box"],"picked":"MagicMushroom"},{"not_picked":[]}],"items_purged_floors":[8,11,17,32,34,41,42,49],"is_endless":false,"potions_floor_spawned":[5,16,19,28,37,39,44,46,48],"ascension_level":-20}}