{"host":"gsmj583br51y3r1c","time":1609739118,"event":{"mods":["A Magickal Journey","AchievementEnabler","BaseMod","Better Note","Colored Map","Dio Mod","Downfall","Hermit","Highlight Path","Hubris","Infinite Spire","Marisa????????","Minty Spire (QoL Compilation)","Permanent Neow","Quick Restart","StSLib","The Alterego","The Bug Knight","The Cursed","The Disciple","The Elementalist","The Marked","The Mystic","The Runesmith","The Servant 0.9.4","Unceasing Turn Reminder","everything is the same but u backflip on backflip"],"gold_per_floor":[214,214,228,248,263,263,263,263,263,263,296,313,346,362,362,458,458,444,277,295,312,312,312],"floor_reached":22,"playtime":2417,"items_purged":["theMarked:Strike"],"score":198,"play_id":"3c5b7e76-9d05-4d7b-bd9a-dea94e553e52","local_time":"20210104074518","is_ascension_mode":false,"campfire_choices":[{"floor":6,"key":"RECALL"},{"data":"theMarked:MysticalArsenal","floor":15,"key":"SMITH"}],"circlet_count":0,"master_deck":["theMarked:Strike","theMarked:Strike","theMarked:Strike","theMarked:Defend","theMarked:Defend","theMarked:Defend","theMarked:Defend","theMarked:SoldierOfQuellstein","theMarked:Aftermath","theMarked:HeritageOfTheMarked","theMarked:GodGivenPower","theMarked:TakeCover","theMarked:MysticalArsenal+1","theMarked:HeritageOfTheMarked","theMarked:Electrocute","theMarked:SuspiciousRaven","theMarked:Polarize+1","theMarked:WardOff"],"relics":["theMarked:ArtifactOfAir","theMarked:NailFile","hubris:DeckOfHolding","The Courier","hubris:Backtick","Membership Card","hubris:TenFootPole","Regal Pillow"],"acts_visited":["Exordium","TheCity"],"potions_floor_usage":[5,12,20,20,22],"damage_taken":[{"damage":4,"enemies":"Jaw Worm","floor":1,"turns":4},{"damage":1,"enemies":"Cultist","floor":3,"turns":4},{"damage":2,"enemies":"2 Louse","floor":4,"turns":3},{"damage":0,"enemies":"Looter","floor":5,"turns":3},{"damage":21,"enemies":"3 Sentries","floor":11,"turns":7},{"damage":15,"enemies":"Red Slaver","floor":12,"turns":4},{"damage":15,"enemies":"HollowMod:MossKnight","floor":13,"turns":5},{"damage":20,"enemies":"Lots of Slimes","floor":14,"turns":5},{"damage":50,"enemies":"The Guardian","floor":16,"turns":9},{"damage":20,"enemies":"2 Thieves","floor":18,"turns":4},{"damage":19,"enemies":"Shell Parasite","floor":20,"turns":4},{"damage":29,"enemies":"Snake Plant","floor":21,"turns":4},{"damage":2,"enemies":"Snecko","floor":22,"turns":2}],"seed_played":"-457660121688727987","potions_obtained":[{"floor":4,"key":"ColorlessPotion"},{"floor":11,"key":"PowerPotion"},{"floor":16,"key":"SteroidPotion"},{"floor":18,"key":"SteroidPotion"},{"floor":21,"key":"GamblersBrew"}],"is_trial":false,"path_per_floor":["M","?","M","M","M","R","?","?","T","T","E","M","E","M","R","B",null,"M","$","M","M","M"],"character_chosen":"THE_DEFAULT","items_purchased":["hubris:TenFootPole","theMarked:WardOff","Regal Pillow"],"campfire_rested":0,"item_purchase_floors":[19,19,19],"current_hp_per_floor":[66,66,65,63,63,63,63,63,63,63,52,37,32,52,52,12,70,50,50,31,2,0,0],"gold":312,"neow_bonus":"HUNDRED_GOLD","is_daily":false,"chose_seed":false,"campfire_upgraded":1,"win_rate":0.0,"timestamp":1609739118,"path_taken":["M","?","M","?","M","R","?","?","T","?","E","?","E","M","R","BOSS","M","$","M","M","?"],"items_purchased_type":["Relic","Card","Relic"],"build_version":"2020-12-22","purchased_purges":1,"victory":false,"max_hp_per_floor":[70,70,70,70,70,70,70,70,70,70,70,70,70,70,70,70,70,70,70,70,70,70,70],"card_choices":[{"not_picked":["theMarked:SwordAndMagic","theMarked:Parkour"],"picked":"theMarked:Aftermath","floor":1},{"not_picked":["theMarked:BanishingStrike","theMarked:BanishingWave"],"picked":"theMarked:HeritageOfTheMarked","floor":3},{"not_picked":["theMarked:Aftermath","theMarked:EnhanceMovement"],"picked":"theMarked:GodGivenPower","floor":4},{"not_picked":["theMarked:HeightenedSenses","theMarked:Static"],"picked":"theMarked:TakeCover","floor":5},{"not_picked":["theMarked:Static","theMarked:EnhanceMovement"],"picked":"theMarked:MysticalArsenal","floor":11},{"not_picked":["theMarked:Static","theMarked:ChainLightning"],"picked":"theMarked:HeritageOfTheMarked","floor":12},{"not_picked":["theMarked:Parkour","theMarked:EnhanceMovement"],"picked":"theMarked:Electrocute","floor":13},{"not_picked":["theMarked:ShockingTouch","theMarked:Improvise","theMarked:TwofoldDefense"],"picked":"SKIP","floor":14},{"not_picked":["theMarked:MagicAdept","theMarked:ThrowWeapon"],"picked":"theMarked:SuspiciousRaven","floor":16},{"not_picked":["theMarked:WastefulDefense","theMarked:ElectricStrings"],"picked":"theMarked:Polarize+1","floor":18},{"not_picked":["theMarked:ElectricStrings","theMarked:ChainLightning+1","theMarked:Improvise"],"picked":"SKIP","floor":20},{"not_picked":["theMarked:ChainLightning","theMarked:HeightenedSenses","theMarked:DispelDoubt"],"picked":"SKIP","floor":21}],"player_experience":307775,"relics_obtained":[{"floor":10,"key":"hubris:DeckOfHolding"},{"floor":13,"key":"The Courier"}],"event_choices":[{"cards_removed":["theMarked:Strike"],"damage_healed":0,"gold_gain":0,"player_choice":"Purged","damage_taken":0,"max_hp_gain":0,"max_hp_loss":0,"event_name":"Purifier","floor":2,"gold_loss":0},{"damage_healed":0,"gold_gain":0,"player_choice":"Box","damage_taken":0,"relics_obtained":["theMarked:NailFile"],"max_hp_gain":0,"max_hp_loss":0,"event_name":"Big Fish","floor":7,"gold_loss":0,"cards_obtained":["Regret"]}],"is_beta":false,"boss_relics":[{"not_picked":["infinitespire:Cupcake","Empty Cage"],"picked":"hubris:Backtick"}],"items_purged_floors":[19],"is_endless":false,"potions_floor_spawned":[4,11,16,18,21],"killed_by":"Snecko","ascension_level":0}}