{"host":"0vlubjftylzdr3ny","time":1609754018,"event":{"mods":["Always Whale","BaseMod","GifTheSpireLib","Minty Spire (QoL Compilation)","Relic Filter","StSLib","Stuff the Spire"],"gold_per_floor":[119,138,12,25,42,42,67,79,91,114,26,80,80,92,92,92,92],"floor_reached":16,"playtime":506,"items_purged":["Strike_R","Strike_R"],"score":204,"play_id":"80f9fe2c-2ae7-4327-bde0-096b81063dba","local_time":"20210104105338","is_ascension_mode":true,"campfire_choices":[{"data":"Iron Wave","floor":6,"key":"SMITH"},{"data":"Cleave","floor":8,"key":"SMITH"},{"data":"Juggernaut","floor":13,"key":"SMITH"},{"data":"Shrug It Off","floor":15,"key":"SMITH"}],"circlet_count":0,"master_deck":["AscendersBane","Strike_R","Strike_R","Strike_R","Defend_R","Defend_R","Defend_R","Defend_R","Bash","Cleave+1","Shrug It Off+1","Iron Wave+1","Sword Boomerang","Juggernaut+1"],"relics":["Burning Blood","Orichalcum","MawBank","StuffTheSpire:SapphireSignet","Blood Vial"],"acts_visited":["Exordium"],"potions_floor_usage":[7,7,14,16],"damage_taken":[{"damage":0,"enemies":"Cultist","floor":1,"turns":3},{"damage":13,"enemies":"Jaw Worm","floor":2,"turns":4},{"damage":3,"enemies":"2 Louse","floor":4,"turns":3},{"damage":8,"enemies":"Looter","floor":5,"turns":3},{"damage":18,"enemies":"Lagavulin","floor":7,"turns":7},{"damage":3,"enemies":"2 Fungi Beasts","floor":10,"turns":3},{"damage":10,"enemies":"Gremlin Gang","floor":14,"turns":4},{"damage":65,"enemies":"Hexaghost","floor":16,"turns":10}],"seed_played":"6471876300212653047","potions_obtained":[{"floor":1,"key":"Fire Potion"},{"floor":4,"key":"DuplicationPotion"},{"floor":10,"key":"Block Potion"},{"floor":14,"key":"AttackPotion"}],"is_trial":false,"path_per_floor":["M","M","$","M","M","R","E","R","T","M","$","T","R","M","R","B"],"character_chosen":"IRONCLAD","items_purchased":["Shrug It Off"],"campfire_rested":0,"item_purchase_floors":[3],"current_hp_per_floor":[74,67,67,70,68,68,56,56,56,59,59,59,59,63,63,0,0],"gold":92,"neow_bonus":"RANDOM_COMMON_RELIC","is_daily":false,"chose_seed":false,"campfire_upgraded":4,"win_rate":0.0,"timestamp":1609754018,"path_taken":["M","M","$","M","M","R","E","R","T","M","?","?","R","M","R","BOSS"],"items_purchased_type":["Card"],"build_version":"2020-12-22","purchased_purges":2,"victory":false,"max_hp_per_floor":[75,75,75,75,75,75,75,75,75,75,75,75,75,75,75,75,75],"card_choices":[{"not_picked":["Entrench","Clothesline"],"picked":"Cleave","floor":1},{"not_picked":["Entrench","StuffTheSpire:Slingshot","Pommel Strike"],"picked":"SKIP","floor":2},{"not_picked":["StuffTheSpire:RockThrow","Clothesline","Intimidate"],"picked":"SKIP","floor":4},{"not_picked":["Thunderclap","Rage"],"picked":"Iron Wave","floor":5},{"not_picked":["Intimidate","StuffTheSpire:Slingshot"],"picked":"Sword Boomerang","floor":7},{"not_picked":["Wild Strike","StuffTheSpire:Slingshot"],"picked":"Juggernaut","floor":10},{"not_picked":["Evolve","Perfected Strike","Seeing Red"],"picked":"SKIP","floor":14}],"player_experience":799081,"relics_obtained":[{"floor":7,"key":"MawBank"},{"floor":9,"key":"StuffTheSpire:SapphireSignet"},{"floor":12,"key":"Blood Vial"}],"event_choices":[],"is_beta":false,"boss_relics":[],"items_purged_floors":[3,11],"is_endless":false,"potions_floor_spawned":[1,4,10,14],"killed_by":"Hexaghost","ascension_level":20}}