{"host":"7gewg82ormp6yt4e","time":1609771300,"event":{"mods":["BaseMod","Block Reminder","Colored Map","Colored Powertips","DeckTracker","Highlight Path","Minty Spire (QoL Compilation)","Relic Stats","StSLib","ojb\u0027s Info Mod"],"gold_per_floor":[109,109,109,127,83,83,123,139,214,214,233,233,253,287,287,376,376,396,396,409,1,25,25,63,63,63,63,63,63,78,99,99,198,198,218,239,239,81,102,138,151,151,200,100,135,135,158,158,158,158,158,158,158,44,44,44],"floor_reached":55,"playtime":4806,"items_purged":["Strike_B","Parasite"],"score":1960,"play_id":"37053f75-0229-46e9-b1bb-abb7a558d375","local_time":"20210104234140","is_ascension_mode":true,"campfire_choices":[{"data":"Doom and Gloom","floor":6.0,"key":"SMITH"},{"data":"Consume","floor":10.0,"key":"SMITH"},{"data":"Zap","floor":12.0,"key":"SMITH"},{"floor":15.0,"key":"REST"},{"data":"Coolheaded","floor":23.0,"key":"SMITH"},{"data":"Skim","floor":25.0,"key":"SMITH"},{"data":"Defragment","floor":28.0,"key":"SMITH"},{"floor":32.0,"key":"REST"},{"floor":42.0,"key":"RECALL"},{"data":"Defragment","floor":49.0,"key":"SMITH"},{"floor":53.0,"key":"REST"}],"circlet_count":0,"master_deck":["AscendersBane","Defend_B","Defend_B","Defend_B","Defend_B","Zap+1","Dualcast","Doom and Gloom+1","Melter+1","Consume+1","Cold Snap+1","Glacier","All For One","Echo Form","Skim+1","All For One","Coolheaded+1","Defragment+1","Blizzard","Creative AI","Force Field+1","Undo+1","BootSequence+1","Cold Snap+1","Apotheosis","Hologram","Skim+1","Doubt","Defragment+1"],"relics":["Cracked Core","Anchor","Golden Idol","NlothsMask","MealTicket","Boot","Snecko Eye","Potion Belt","DollysMirror","Happy Flower","Singing Bowl","Astrolabe","ClockworkSouvenir","Whetstone","Gremlin Horn","Meat on the Bone"],"acts_visited":["Exordium","TheCity","TheBeyond","TheEnding"],"potions_floor_usage":[55],"damage_taken":[{"damage":7.0,"enemies":"Small Slimes","floor":1.0,"turns":4.0},{"damage":1.0,"enemies":"Cultist","floor":4.0,"turns":4.0},{"damage":10.0,"enemies":"3 Sentries","floor":7.0,"turns":6.0},{"damage":2.0,"enemies":"Jaw Worm","floor":8.0,"turns":3.0},{"damage":6.0,"enemies":"Looter","floor":11.0,"turns":3.0},{"damage":15.0,"enemies":"Exordium Thugs","floor":13.0,"turns":4.0},{"damage":0.0,"enemies":"Lagavulin","floor":14.0,"turns":7.0},{"damage":29.0,"enemies":"The Guardian","floor":16.0,"turns":13.0},{"damage":0.0,"enemies":"Chosen","floor":18.0,"turns":3.0},{"damage":0.0,"enemies":"Spheric Guardian","floor":20.0,"turns":4.0},{"damage":26.0,"enemies":"Centurion and Healer","floor":22.0,"turns":5.0},{"damage":21.0,"enemies":"Gremlin Leader","floor":24.0,"turns":4.0},{"damage":0.0,"enemies":"Snecko","floor":30.0,"turns":4.0},{"damage":19.0,"enemies":"Cultist and Chosen","floor":31.0,"turns":4.0},{"damage":20.0,"enemies":"Collector","floor":33.0,"turns":11.0},{"damage":14.0,"enemies":"3 Darklings","floor":35.0,"turns":6.0},{"damage":1.0,"enemies":"3 Shapes","floor":36.0,"turns":5.0},{"damage":0.0,"enemies":"Maw","floor":39.0,"turns":10.0},{"damage":0.0,"enemies":"Giant Head","floor":40.0,"turns":11.0},{"damage":13.0,"enemies":"Writhing Mass","floor":41.0,"turns":12.0},{"damage":35.0,"enemies":"Reptomancer","floor":45.0,"turns":6.0},{"damage":1.0,"enemies":"Spire Growth","floor":47.0,"turns":9.0},{"damage":58.0,"enemies":"Donu and Deca","floor":50.0,"turns":17.0},{"damage":5.0,"enemies":"Awakened One","floor":51.0,"turns":24.0},{"damage":92,"enemies":"Shield and Spear","floor":55,"turns":11}],"seed_played":"5226749777350048762","potions_obtained":[{"floor":4.0,"key":"DistilledChaos"},{"floor":11.0,"key":"Dexterity Potion"},{"floor":16.0,"key":"Regen Potion"},{"floor":20.0,"key":"Explosive Potion"},{"floor":22.0,"key":"Regen Potion"},{"floor":33.0,"key":"LiquidBronze"},{"floor":35.0,"key":"SmokeBomb"},{"floor":39.0,"key":"ColorlessPotion"},{"floor":41.0,"key":"EssenceOfSteel"}],"is_trial":false,"path_per_floor":["M","?","?","M","$","R","E","M","T","R","M","R","M","E","R","B",null,"M","?","M","$","M","R","E","R","T","?","R","?","M","M","R","B",null,"M","M","?","$","M","E","M","R","T","$","E","?","M","T","R","B","B",null,"R","$","E"],"character_chosen":"DEFECT","items_purchased":["Melter","Potion Belt","DollysMirror","ClockworkSouvenir","Strength Potion","FocusPotion"],"campfire_rested":3,"item_purchase_floors":[5,21,21,38,54,54],"current_hp_per_floor":[57,57,57,56,56,56,46,44,44,44,38,38,23,23,42,13,51,60,60,60,64,38,38,29,29,29,29,29,29,29,12,31,11,52,38,39,33,48,50,50,39,39,39,54,19,73,72,72,72,26,33,63,73,73,0,0],"gold":44,"neow_bonus":"RANDOM_COMMON_RELIC","is_daily":false,"chose_seed":false,"campfire_upgraded":7,"win_rate":0.0,"timestamp":1609771300,"path_taken":["M","?","?","?","$","R","E","M","T","R","M","R","M","E","R","BOSS","M","?","?","$","M","R","E","R","T","?","R","?","?","M","R","BOSS","M","M","?","$","M","E","M","R","T","$","E","?","M","?","R","BOSS","BOSS","R","$","E"],"items_purchased_type":["Card","Relic","Relic","Relic","Potion","Potion"],"build_version":"2020-12-22","purchased_purges":2,"victory":false,"max_hp_per_floor":[71,64,64,64,64,64,64,64,64,64,64,64,64,64,64,64,64,64,64,64,64,64,64,64,64,64,64,64,64,64,66,66,66,66,66,68,72,72,74,74,76,76,76,73,73,73,73,73,73,73,73,73,73,73,73,73],"relic_stats":{"Happy Flower":[43],"Singing Bowl":12,"Gremlin Horn":[3,4],"counters":[25,188],"Golden Idol":167,"Astrolabe":["Force Field","Undo","BootSequence"],"Snecko Eye":[234,292,247,274],"MealTicket":34,"Whetstone":["Melter","Cold Snap"],"Boot":[22],"obtain_stats":[{"Potion Belt":21,"Happy Flower":24,"Singing Bowl":26,"Gremlin Horn":45,"Golden Idol":2,"Astrolabe":34,"Whetstone":40,"Boot":14,"ClockworkSouvenir":38,"Anchor":0,"DollysMirror":21,"Snecko Eye":17,"MealTicket":7,"Cracked Core":0,"NlothsMask":3,"Meat on the Bone":48},{"Potion Belt":10,"Happy Flower":12,"Singing Bowl":12,"Gremlin Horn":21,"Golden Idol":1,"Astrolabe":15,"Whetstone":19,"Boot":7,"ClockworkSouvenir":17,"Anchor":0,"DollysMirror":10,"Snecko Eye":8,"MealTicket":3,"Cracked Core":0,"NlothsMask":1,"Meat on the Bone":22},{"Potion Belt":51,"Happy Flower":60,"Singing Bowl":60,"Gremlin Horn":128,"Golden Idol":4,"Astrolabe":79,"Whetstone":110,"Boot":31,"ClockworkSouvenir":90,"Anchor":0,"DollysMirror":51,"Snecko Eye":44,"MealTicket":14,"Cracked Core":0,"NlothsMask":4,"Meat on the Bone":137}],"Meat on the Bone":24},"card_choices":[{"not_picked":["Hologram","Beam Cell","Go for the Eyes"],"picked":"SKIP","floor":1.0},{"not_picked":["Gash","Turbo"],"picked":"Doom and Gloom","floor":4.0},{"not_picked":["Steam","Go for the Eyes","Rebound"],"picked":"SKIP","floor":7.0},{"not_picked":["Blizzard","Gash"],"picked":"Consume","floor":8.0},{"not_picked":["Beam Cell","Turbo"],"picked":"Cold Snap","floor":11.0},{"not_picked":["Coolheaded","Ball Lightning"],"picked":"Glacier","floor":13.0},{"not_picked":["Chaos","Reprogram"],"picked":"All For One","floor":14.0},{"not_picked":["Rainbow","Reboot"],"picked":"Echo Form","floor":16.0},{"not_picked":["FTL","Leap","Consume"],"picked":"SKIP","floor":18.0},{"not_picked":["Auto Shields","Streamline","Steam"],"picked":"SKIP","floor":20.0},{"not_picked":["Conserve Battery","Compile Driver"],"picked":"Coolheaded","floor":22.0},{"not_picked":["Stack+1","Reprogram","Loop"],"picked":"SKIP","floor":24.0},{"not_picked":["Steam Power","Rip and Tear"],"picked":"Blizzard","floor":30.0},{"not_picked":["Beam Cell","Go for the Eyes","Redo"],"picked":"Singing Bowl","floor":31.0},{"not_picked":["Reboot","Rainbow"],"picked":"Creative AI","floor":33.0},{"not_picked":["Force Field","Rebound"],"picked":"Cold Snap+1","floor":35.0},{"not_picked":["Conserve Battery","Double Energy","Go for the Eyes"],"picked":"Singing Bowl","floor":36.0},{"not_picked":["Swift Strike","Magnetism"],"picked":"Apotheosis","floor":37.0},{"not_picked":["Dramatic Entrance","Forethought","Purity"],"picked":"Singing Bowl","floor":37.0},{"not_picked":["Trip","Secret Technique","Purity"],"picked":"Singing Bowl","floor":37.0},{"not_picked":["Redo+1","Conserve Battery","Streamline"],"picked":"Singing Bowl","floor":39.0},{"not_picked":["Compile Driver","Steam+1"],"picked":"Hologram","floor":40.0},{"not_picked":["Coolheaded","Fusion+1","Tempest"],"picked":"Singing Bowl","floor":41.0},{"not_picked":["Go for the Eyes+1","Self Repair"],"picked":"Skim+1","floor":45.0},{"not_picked":["Electrodynamics","Coolheaded"],"picked":"Defragment","floor":47.0}],"player_experience":2460300,"relics_obtained":[{"floor":7.0,"key":"MealTicket"},{"floor":14.0,"key":"Boot"},{"floor":24.0,"key":"Happy Flower"},{"floor":26.0,"key":"Singing Bowl"},{"floor":40.0,"key":"Whetstone"},{"floor":45.0,"key":"Gremlin Horn"},{"floor":48.0,"key":"Meat on the Bone"}],"event_choices":[{"damage_healed":0.0,"max_hp_gain":0.0,"max_hp_loss":7.0,"gold_gain":0.0,"event_name":"Golden Idol","player_choice":"Lose Max HP","floor":2.0,"gold_loss":0.0,"damage_taken":0.0,"relics_obtained":["Golden Idol"]},{"damage_healed":0.0,"max_hp_gain":0.0,"max_hp_loss":0.0,"gold_gain":0.0,"event_name":"FaceTrader","player_choice":"Trade","floor":3.0,"gold_loss":0.0,"damage_taken":0.0,"relics_obtained":["NlothsMask"]},{"damage_healed":0.0,"max_hp_gain":0.0,"max_hp_loss":0.0,"gold_gain":0.0,"event_name":"Match and Keep!","player_choice":"1 cards matched","floor":19.0,"gold_loss":0.0,"damage_taken":0.0,"cards_obtained":["Skim"]},{"damage_healed":0.0,"max_hp_gain":0.0,"max_hp_loss":0.0,"gold_gain":0.0,"event_name":"The Library","player_choice":"Read","floor":27.0,"gold_loss":0.0,"damage_taken":0.0,"cards_obtained":["Defragment"]},{"damage_healed":0.0,"max_hp_gain":0.0,"max_hp_loss":0.0,"gold_gain":0.0,"event_name":"Ghosts","player_choice":"Ignored","floor":29.0,"gold_loss":0.0,"damage_taken":0.0},{"damage_healed":0.0,"max_hp_gain":0.0,"max_hp_loss":0.0,"gold_gain":0.0,"event_name":"SensoryStone","player_choice":"Memory 3","floor":37.0,"gold_loss":0.0,"damage_taken":10.0},{"damage_healed":54.0,"max_hp_gain":0.0,"max_hp_loss":0.0,"gold_gain":0.0,"event_name":"MindBloom","player_choice":"Heal","floor":46.0,"gold_loss":0.0,"damage_taken":0.0,"cards_obtained":["Doubt"]}],"is_beta":false,"boss_relics":[{"not_picked":["Velvet Choker","Runic Pyramid"],"picked":"Snecko Eye"},{"not_picked":["Black Star","Empty Cage"],"picked":"Astrolabe"}],"items_purged_floors":[21,44],"is_endless":false,"potions_floor_spawned":[4,11,16,20,22,33,35,39,41],"killed_by":"Shield and Spear","ascension_level":20}}