{"host":"hjw1ay65n7jm40lc","time":1609768709,"event":{"mods":["AchievementEnabler","BaseMod","Block Reminder","Colored Map","Colored Powertips","Curses Come First","Downfall","Googly Eyes","Hermit","Highlight Path","Jorbs\u0027s Wanderer Trilogy","Minty Spire (QoL Compilation)","Quick Restart","Relic Stats","StSLib"],"gold_per_floor":[110,110,122,122,133,167,167,195,195,205,205,10,28,28,28,132,132,149,149,177,92,92,92,18,43,43,43,43],"floor_reached":27,"playtime":2454,"items_purged":[],"score":284,"play_id":"4871dc3b-1ef8-4fa0-89ac-e27387b8430b","local_time":"20210104085829","is_ascension_mode":true,"campfire_choices":[{"data":"hermit:Maintenance","floor":7.0,"key":"SMITH"},{"data":"hermit:Quickdraw","floor":11.0,"key":"SMITH"},{"data":"hermit:BlackWind","floor":15.0,"key":"SMITH"},{"floor":23.0,"key":"RECALL"}],"circlet_count":0,"master_deck":["hermit:Strike_Hermit","hermit:Strike_Hermit","hermit:Defend_Hermit","hermit:Defend_Hermit","hermit:Defend_Hermit","hermit:Snapshot","hermit:Quickdraw+1","hermit:BlackWind+1","hermit:Maintenance+1","hermit:DeadMansHand+1","hermit:Roulette+1"],"relics":["hermit:Momento","Regal Pillow","hermit:Spyglass","Chemical X","Busted Crown","Red Mask","Lantern","Bottled Flame","Ornamental Fan"],"acts_visited":["Exordium","TheCity"],"potions_floor_usage":[25,25],"damage_taken":[{"damage":4.0,"enemies":"Small Slimes","floor":1.0,"turns":3.0},{"damage":0.0,"enemies":"2 Louse","floor":3.0,"turns":2.0},{"damage":0.0,"enemies":"Cultist","floor":5.0,"turns":3.0},{"damage":11.0,"enemies":"Lagavulin","floor":6.0,"turns":10.0},{"damage":19.0,"enemies":"3 Sentries","floor":8.0,"turns":8.0},{"damage":3.0,"enemies":"Looter","floor":10.0,"turns":2.0},{"damage":1.0,"enemies":"Blue Slaver","floor":13.0,"turns":3.0},{"damage":6.0,"enemies":"The Guardian","floor":16.0,"turns":12.0},{"damage":1.0,"enemies":"Shell Parasite","floor":18.0,"turns":7.0},{"damage":4.0,"enemies":"Masked Bandits","floor":20.0,"turns":5.0},{"damage":28,"enemies":"Slavers","floor":25,"turns":9},{"damage":23,"enemies":"Book of Stabbing","floor":27,"turns":4}],"seed_played":"-4444587177399914940","potions_obtained":[{"floor":1.0,"key":"Regen Potion"},{"floor":5.0,"key":"Strength Potion"},{"floor":8.0,"key":"Fire Potion"},{"floor":13.0,"key":"FearPotion"},{"floor":20.0,"key":"DuplicationPotion"}],"is_trial":false,"path_per_floor":["M","?","M","?","M","E","R","E","T","M","R","$","M","$","R","B",null,"M","?","?","?","?","R","$","E","T","E"],"character_chosen":"HERMIT","items_purchased":["Chemical X","Swift Potion","DistilledChaos"],"campfire_rested":0,"item_purchase_floors":[12,12,24],"current_hp_per_floor":[64,64,64,64,64,62,62,43,43,40,40,40,39,39,39,33,68,67,67,63,63,51,51,51,23,23,0,0],"gold":43,"neow_bonus":"REMOVE_TWO","is_daily":false,"chose_seed":false,"campfire_upgraded":3,"win_rate":0.0,"timestamp":1609768709,"path_taken":["M","?","M","?","M","E","R","E","T","M","R","$","?","$","R","BOSS","M","?","?","?","?","R","?","E","T","E"],"items_purchased_type":["Relic","Potion","Potion"],"build_version":"2020-12-22","purchased_purges":0,"victory":false,"max_hp_per_floor":[68,68,68,68,68,68,68,68,68,68,68,68,68,68,68,68,68,68,68,68,68,73,73,73,73,73,73,73],"relic_stats":{"Regal Pillow":0,"Busted Crown":6,"counters":[12,68],"Ornamental Fan":[4],"Chemical X":[1],"obtain_stats":[{"Regal Pillow":6,"Lantern":21,"Bottled Flame":25,"Busted Crown":17,"Ornamental Fan":26,"Red Mask":20,"Chemical X":12,"hermit:Momento":0,"hermit:Spyglass":8},{"Regal Pillow":4,"Lantern":10,"Bottled Flame":11,"Busted Crown":8,"Ornamental Fan":11,"Red Mask":10,"Chemical X":6,"hermit:Momento":0,"hermit:Spyglass":5},{"Regal Pillow":18,"Lantern":55,"Bottled Flame":64,"Busted Crown":43,"Ornamental Fan":64,"Red Mask":55,"Chemical X":28,"hermit:Momento":0,"hermit:Spyglass":26}]},"card_choices":[{"not_picked":["hermit:CursedWeapon","hermit:ItchyTrigger"],"picked":"hermit:Quickdraw","floor":1.0},{"not_picked":["hermit:Enervate","hermit:Headshot"],"picked":"hermit:Maintenance","floor":3.0},{"not_picked":["hermit:LowProfile","hermit:BodyArmor","hermit:Deadeye"],"picked":"SKIP","floor":5.0},{"not_picked":["hermit:Determination","hermit:FromBeyond","hermit:Combo"],"picked":"SKIP","floor":6.0},{"not_picked":["hermit:Feint","hermit:Desperado","hermit:ItchyTrigger"],"picked":"SKIP","floor":8.0},{"not_picked":["hermit:Roulette","hermit:Vantage","hermit:ItchyTrigger"],"picked":"SKIP","floor":10.0},{"not_picked":["hermit:ItchyTrigger","hermit:Desperado","hermit:Snipe"],"picked":"SKIP","floor":13.0},{"not_picked":["hermit:LowProfile+1"],"picked":"SKIP","floor":18.0},{"not_picked":[],"picked":"hermit:DeadMansHand+1","floor":20.0},{"not_picked":[],"picked":"hermit:Roulette+1","floor":25}],"player_experience":798740,"relics_obtained":[{"floor":6.0,"key":"Regal Pillow"},{"floor":8.0,"key":"hermit:Spyglass"},{"floor":20.0,"key":"Red Mask"},{"floor":25,"key":"Bottled Flame"},{"floor":26,"key":"Ornamental Fan"}],"event_choices":[{"damage_healed":0.0,"max_hp_gain":0.0,"max_hp_loss":0.0,"gold_gain":0.0,"cards_transformed":["hermit:Strike_Hermit"],"event_name":"Living Wall","player_choice":"Change","floor":2.0,"gold_loss":0.0,"damage_taken":0.0,"cards_obtained":["hermit:BlackWind"]},{"cards_removed":["hermit:Covet"],"damage_healed":0.0,"max_hp_gain":0.0,"max_hp_loss":0.0,"gold_gain":0.0,"event_name":"Bonfire Elementals","player_choice":"Offered Basic","floor":4.0,"gold_loss":0.0,"damage_taken":0.0},{"damage_healed":0.0,"max_hp_gain":0.0,"max_hp_loss":0.0,"gold_gain":0.0,"event_name":"Cursed Tome","player_choice":"Ignored","floor":19.0,"gold_loss":0.0,"damage_taken":0.0},{"damage_healed":0.0,"max_hp_gain":0.0,"max_hp_loss":0.0,"gold_gain":0.0,"event_name":"Masked Bandits","player_choice":"Fought Bandits","floor":20.0,"gold_loss":0.0,"damage_taken":0.0},{"damage_healed":0.0,"max_hp_gain":0.0,"max_hp_loss":0.0,"gold_gain":0.0,"event_name":"Addict","player_choice":"Obtained Relic","floor":21.0,"gold_loss":85.0,"damage_taken":0.0,"relics_obtained":["Lantern"]},{"damage_healed":0.0,"max_hp_gain":5.0,"max_hp_loss":0.0,"gold_gain":0.0,"event_name":"Forgotten Altar","player_choice":"Shed Blood","floor":22.0,"gold_loss":0.0,"damage_taken":17.0}],"is_beta":false,"boss_relics":[{"not_picked":["Runic Pyramid","hermit:BartenderGlass"],"picked":"Busted Crown"}],"items_purged_floors":[],"is_endless":false,"potions_floor_spawned":[1,5,8,13,20],"killed_by":"Book of Stabbing","ascension_level":4}}