{"host":"k4et7hlhlqy8fuoz","time":1609756041,"event":{"mods":["2.2 Compatiblity","AchievementEnabler","BaseMod","Colored Map","DeckTracker","Highlight Path","Minty Spire (QoL Compilation)","Random Character Button","Rare Cards Sparkle"],"gold_per_floor":[110,121,121,138,153,60,75,86,86,86,86,86,97,108,108,208,208,221,24,24,24,24,31,31,48,48,67,67,67,84,37,37,37,37],"floor_reached":33,"playtime":2199,"items_purged":[],"score":266,"play_id":"04be8cf8-a81b-4df2-8ca7-f643fa7d3ff1","local_time":"20210104112721","is_ascension_mode":false,"campfire_choices":[{"data":"Glass Knife","floor":10,"key":"SMITH"},{"data":"Slice","floor":12,"key":"SMITH"},{"floor":15,"key":"REST"},{"floor":24,"key":"REST"},{"floor":32,"key":"REST"}],"circlet_count":0,"master_deck":["Strike_G+1","Strike_G+1","Strike_G+1","Strike_G+1","Strike_G+1","Defend_G+1","Defend_G+1","Defend_G+1","Defend_G+1","Defend_G+1","Survivor","Neutralize+1","Deadly Poison","Poisoned Stab","Backflip","Glass Knife+1","PiercingWail","Blur","Sucker Punch","Slice+1","Crippling Poison","Blade Dance","Glass Knife","Leg Sweep+1","Deflect","Envenom","Terror","Quick Slash","Caltrops","Bane"],"relics":["Ring of the Serpent","Ice Cream","Tiny Chest","FossilizedHelix","MutagenicStrength","Potion Belt"],"acts_visited":["Exordium","TheCity"],"potions_floor_usage":[16,33,33],"damage_taken":[{"damage":0,"enemies":"2 Louse","floor":1,"turns":3},{"damage":0,"enemies":"Small Slimes","floor":2,"turns":6},{"damage":0,"enemies":"Cultist","floor":4,"turns":3},{"damage":2,"enemies":"Exordium Thugs","floor":5,"turns":6},{"damage":0,"enemies":"Looter","floor":7,"turns":3},{"damage":0,"enemies":"3 Louse","floor":8,"turns":4},{"damage":2,"enemies":"Large Slime","floor":13,"turns":4},{"damage":6,"enemies":"Exordium Thugs","floor":14,"turns":5},{"damage":14,"enemies":"The Guardian","floor":16,"turns":12},{"damage":29,"enemies":"Spheric Guardian","floor":18,"turns":6},{"damage":8,"enemies":"2 Thieves","floor":23,"turns":4},{"damage":3,"enemies":"Snecko","floor":25,"turns":4},{"damage":4,"enemies":"Shelled Parasite and Fungi","floor":27,"turns":6},{"damage":9,"enemies":"Snake Plant","floor":30,"turns":5},{"damage":63,"enemies":"Automaton","floor":33,"turns":7}],"seed_played":"-2877891318417744249","potions_obtained":[{"floor":1,"key":"BlessingOfTheForge"},{"floor":5,"key":"Fruit Juice"},{"floor":8,"key":"Ancient Potion"},{"floor":16,"key":"Poison Potion"},{"floor":30,"key":"SteroidPotion"}],"is_trial":false,"path_per_floor":["M","M","?","M","M","$","M","M","T","R","?","R","M","M","R","B",null,"M","$","?","$","?","M","R","M","T","M","?","T","M","$","R","B"],"character_chosen":"THE_SILENT","items_purchased":["PiercingWail","Blur","Tiny Chest","Deflect","Bane"],"campfire_rested":3,"item_purchase_floors":[6,6,19,19,31],"current_hp_per_floor":[70,70,75,75,73,73,73,73,73,73,73,73,71,65,75,66,80,51,51,51,51,36,28,53,50,50,46,46,46,37,37,62,0,0],"gold":37,"neow_bonus":"UPGRADE_CARD","is_daily":false,"chose_seed":false,"campfire_upgraded":2,"win_rate":0.0,"timestamp":1609756041,"path_taken":["M","M","?","M","M","$","M","M","T","R","?","R","?","M","R","BOSS","M","$","?","$","?","M","R","M","T","M","?","?","M","$","R","BOSS"],"items_purchased_type":["Card","Card","Relic","Card","Card"],"build_version":"2020-12-22","purchased_purges":0,"victory":false,"max_hp_per_floor":[70,70,75,75,75,75,75,75,75,75,75,75,75,75,75,80,80,80,80,80,80,85,85,85,85,85,85,85,85,85,85,85,85,85],"card_choices":[{"not_picked":["Underhanded Strike","Flying Knee"],"picked":"Deadly Poison","floor":1},{"not_picked":["Prepared","Underhanded Strike"],"picked":"Poisoned Stab","floor":2},{"not_picked":["All Out Attack","Prepared"],"picked":"Backflip","floor":4},{"not_picked":["Outmaneuver","Underhanded Strike"],"picked":"Glass Knife","floor":5},{"not_picked":["Prepared","Backflip"],"picked":"Sucker Punch","floor":7},{"not_picked":["Catalyst","PiercingWail"],"picked":"Slice","floor":8},{"not_picked":["Slice","Expertise"],"picked":"Crippling Poison","floor":13},{"not_picked":["Underhanded Strike","Sucker Punch"],"picked":"Blade Dance","floor":14},{"not_picked":["Phantasmal Killer","Malaise"],"picked":"Glass Knife","floor":16},{"not_picked":["Deadly Poison+1","Bane"],"picked":"Leg Sweep+1","floor":18},{"not_picked":["Blade Dance","Backstab"],"picked":"Envenom","floor":23},{"not_picked":["Underhanded Strike","Eviscerate"],"picked":"Terror","floor":25},{"not_picked":["Backflip","Escape Plan"],"picked":"Quick Slash","floor":27},{"not_picked":["Deflect","Quick Slash"],"picked":"Caltrops","floor":30}],"player_experience":56174,"relics_obtained":[{"floor":9,"key":"Ice Cream"},{"floor":26,"key":"FossilizedHelix"},{"floor":29,"key":"Potion Belt"}],"event_choices":[{"damage_healed":0,"gold_gain":0,"player_choice":"Donut","damage_taken":0,"max_hp_gain":5,"max_hp_loss":0,"event_name":"Big Fish","floor":3,"gold_loss":0},{"damage_healed":0,"gold_gain":0,"player_choice":"Ignored","damage_taken":0,"max_hp_gain":0,"max_hp_loss":0,"event_name":"Purifier","floor":11,"gold_loss":0},{"damage_healed":0,"gold_gain":0,"player_choice":"Simplicity","damage_taken":0,"max_hp_gain":0,"max_hp_loss":0,"event_name":"Back to Basics","floor":20,"gold_loss":0,"cards_upgraded":["Strike_G","Strike_G","Strike_G","Strike_G","Strike_G","Defend_G","Defend_G","Defend_G","Defend_G","Defend_G"]},{"damage_healed":0,"gold_gain":0,"player_choice":"Shed Blood","damage_taken":20,"max_hp_gain":5,"max_hp_loss":0,"event_name":"Forgotten Altar","floor":22,"gold_loss":0},{"damage_healed":0,"gold_gain":0,"player_choice":"Inject Mutagens","damage_taken":0,"relics_obtained":["MutagenicStrength"],"max_hp_gain":0,"max_hp_loss":0,"event_name":"Drug Dealer","floor":28,"gold_loss":0}],"is_beta":false,"boss_relics":[{"not_picked":["Ectoplasm","Runic Pyramid"],"picked":"Ring of the Serpent"}],"items_purged_floors":[],"is_endless":false,"potions_floor_spawned":[1,5,8,16,23,25,30],"killed_by":"Automaton","ascension_level":0}}