{"host":"8srk5r1dwtmjotwd","time":1609732965,"event":{"mods":["AchievementEnabler","Act Like it!","BaseMod","Bestiary","Better Note","Better Third Choice","Colored Map","Colored Powertips","Friendly Minions","GifTheSpireLib","Halation","Hallownest","Hermit","Hubris","Minty Spire (QoL Compilation)","Quick Restart","Rare Cards Sparkle","Replay The Spire","Robot Space Explorer","Shop Mod","StSLib","SuperFastMode","Synergy Search","The Bug Knight","The Construct","The Jungle","TheArtist","Thieving Mod","Yohane!","everything is the same but u backflip on backflip","slay the spire mod where everything is the same but ironclad has a cowboy hat"],"gold_per_floor":[112,128,144,37,47,47,82,82,107,121,121,121,139,154,154,253,253,269,279,17,29,48,77,91,101,124,124,124,124,42,58,58,162,162,182,182,40,53,53,53,53,70,70,70,85,85,85],"floor_reached":46,"playtime":3431,"items_purged":[],"score":521,"play_id":"4beb490a-725f-4516-b835-0ab1634b6523","local_time":"20210103230245","is_ascension_mode":false,"campfire_choices":[{"data":"Immolate","floor":6.0,"key":"SMITH"},{"data":"hubris:CleavingFinish","floor":12.0,"key":"SMITH"},{"data":"Entrench","floor":15.0,"key":"SMITH"},{"floor":28.0,"key":"REST"},{"data":"Metamorphosis","floor":32.0,"key":"SMITH"},{"floor":40,"key":"REST"},{"data":"Bludgeon","floor":44,"key":"SMITH"}],"circlet_count":0,"master_deck":["Strike_R+1","Strike_R","Strike_R","Strike_R","Strike_R","Defend_R","Defend_R","Defend_R","Defend_R","Bash","Immolate+1","Metallicize","Iron Wave","Thunderclap","Flex+1","Entrench+1","Brutality","Combust","hubris:CleavingFinish+1","Thunderclap","ReplayTheSpireMod:Limb From Limb","Feed","Body Slam","Anger","Rage","Metamorphosis+1","Anger","Offering","hubris:ReadiedAction+1","Fire Breathing","Shrug It Off+1","Bludgeon+1","Bandage Up","Second Wind","Offering","Replay:Undeath\u0027s Touch+1","Good Instincts","Enlightenment","hubris:EnhanceAbility","hubris:SharpeningStone","Life Link+1","Specialist","ReplayTheSpireMod:LeadingStrike","Heavy Blade","Parasite","Defy Death"],"relics":["Burning Blood","Gambling Chip","Honey Jar","Dream Catcher","MealTicket","MerchantsRug","hubris:BottledRain"],"acts_visited":["Exordium","TheCity","TheBeyond"],"potions_floor_usage":[33,33,45,45,45],"damage_taken":[{"damage":6.0,"enemies":"2 Louse","floor":1.0,"turns":2.0},{"damage":7.0,"enemies":"Small Slimes","floor":2.0,"turns":2.0},{"damage":0.0,"enemies":"Cultist","floor":3.0,"turns":2.0},{"damage":11.0,"enemies":"Exordium Wildlife","floor":5.0,"turns":3.0},{"damage":20.0,"enemies":"Lagavulin","floor":7.0,"turns":5.0},{"damage":13.0,"enemies":"Large Slime","floor":10.0,"turns":5.0},{"damage":0.0,"enemies":"Lots of Slimes","floor":13.0,"turns":1.0},{"damage":0.0,"enemies":"Looter","floor":14.0,"turns":1.0},{"damage":68.0,"enemies":"Hexaghost","floor":16.0,"turns":12.0},{"damage":10.0,"enemies":"Spheric Guardian","floor":18.0,"turns":3.0},{"damage":15.0,"enemies":"3 Byrds","floor":19.0,"turns":2.0},{"damage":24.0,"enemies":"Centurion and Healer","floor":21.0,"turns":5.0},{"damage":0.0,"enemies":"Snecko","floor":22.0,"turns":2.0},{"damage":6.0,"enemies":"Gremlin Leader","floor":23.0,"turns":3.0},{"damage":27.0,"enemies":"Snake Plant","floor":24.0,"turns":2.0},{"damage":19.0,"enemies":"Centurion and Healer","floor":25.0,"turns":2.0},{"damage":32.0,"enemies":"Sentry and Sphere","floor":31.0,"turns":6.0},{"damage":78,"enemies":"Automaton","floor":33,"turns":10},{"damage":19,"enemies":"Orb Walker","floor":35,"turns":2},{"damage":17,"enemies":"3 Shapes","floor":38,"turns":2},{"damage":10,"enemies":"Sphere and 2 Shapes","floor":42,"turns":3},{"damage":48,"enemies":"Writhing Mass","floor":45,"turns":5},{"damage":70,"enemies":"4 Shapes","floor":46,"turns":5}],"seed_played":"-5461830330075678897","potions_obtained":[{"floor":2.0,"key":"SpeedPotion"},{"floor":3.0,"key":"Strength Potion"},{"floor":5.0,"key":"Doom Potion"},{"floor":10.0,"key":"Elixir"},{"floor":16.0,"key":"Cursed Concoction"},{"floor":18.0,"key":"Fire Potion"},{"floor":22.0,"key":"Energy Potion"},{"floor":25.0,"key":"SneckoOil"},{"floor":38,"key":"Explosive Potion"},{"floor":42,"key":"SneckoOil"}],"is_trial":false,"path_per_floor":["M","M","M","$","M","R","E","?","T","M","?","R","M","M","R","B",null,"M","M","$","M","M","E","M","M","T","?","R","?","$","M","R","B",null,"M","?","$","M","?","R","$","M","T","R","M","M"],"character_chosen":"IRONCLAD","items_purchased":["Flex+1","Entrench","Rage","Metamorphosis","Bandage Up","MerchantsRug","LifebloodPotion","hubris:SharpeningStone"],"campfire_rested":2,"item_purchase_floors":[4,4,20,20,30,37,37,37],"current_hp_per_floor":[80,79,80,80,75,75,61,61,68,61,61,61,67,73,73,11,87,86,77,77,62,71,71,50,37,37,37,65,96,96,77,77,12,102,96,86,101,90,90,105,105,101,101,101,66,0,0],"gold":85,"neow_bonus":"ONE_RANDOM_RARE_CARD","is_daily":false,"chose_seed":false,"campfire_upgraded":5,"win_rate":0.0,"timestamp":1609732965,"path_taken":["M","M","M","$","M","R","E","?","T","M","?","R","M","M","R","BOSS","M","M","$","M","M","E","M","M","T","?","R","?","$","?","R","BOSS","M","?","$","M","?","R","$","M","T","R","?","M"],"items_purchased_type":["Card","Card","Card","Card","Card","Relic","Potion","Card"],"build_version":"2020-12-22","purchased_purges":0,"victory":false,"max_hp_per_floor":[80,80,80,80,80,80,80,80,87,87,87,87,87,87,87,87,87,90,90,90,93,96,96,96,96,96,96,96,96,96,99,99,102,102,105,105,105,105,105,105,105,105,105,105,108,108,108],"card_choices":[{"not_picked":["hubris:ReadiedAction","Combust"],"picked":"Metallicize","floor":1.0},{"not_picked":["Dual Wield","hubris:SharpeningStone"],"picked":"Iron Wave","floor":2.0},{"not_picked":["Perfected Strike","Run Through"],"picked":"Thunderclap","floor":3.0},{"not_picked":["Sword Boomerang","Armaments"],"picked":"Brutality","floor":5.0},{"not_picked":["Shockwave","Replay:Undeath\u0027s Touch"],"picked":"Combust","floor":7.0},{"not_picked":["Feel No Pain","Replay:Undeath\u0027s Touch"],"picked":"hubris:CleavingFinish","floor":10.0},{"not_picked":["Twin Strike","Perfected Strike"],"picked":"Thunderclap","floor":13.0},{"not_picked":["Body Slam","Power Through"],"picked":"ReplayTheSpireMod:Limb From Limb","floor":14.0},{"not_picked":["Immolate","hubris:StunningStrike"],"picked":"Feed","floor":16.0},{"not_picked":["Run Through","Sword Boomerang+1","Armaments"],"picked":"Body Slam","floor":18.0},{"not_picked":["Clothesline+1","Dark Embrace","Defy Death"],"picked":"Anger","floor":19.0},{"not_picked":["Sword Boomerang","Whirlwind","Burning Pact+1"],"picked":"Anger","floor":21.0},{"not_picked":["True Grit","Clash","Headbutt+1"],"picked":"Offering","floor":22.0},{"not_picked":["Perfected Strike","hubris:StunningStrike","Headbutt"],"picked":"hubris:ReadiedAction+1","floor":23.0},{"not_picked":["Cleave","ReplayTheSpireMod:Strike From Hell","Power Through"],"picked":"Fire Breathing","floor":24.0},{"not_picked":["Clothesline+1","Sword Boomerang","Flex"],"picked":"Shrug It Off+1","floor":25.0},{"not_picked":["Headbutt","Warcry","Dark Embrace+1"],"picked":"Bludgeon","floor":28.0},{"not_picked":["ReplayTheSpireMod:Corrosion Curse","Headbutt","Battle Trance"],"picked":"Second Wind","floor":31.0},{"not_picked":["Demonic Infusion","Juggernaut","Impervious"],"picked":"Offering","floor":33},{"not_picked":["Shockwave","Shrug It Off+1","Clash"],"picked":"Replay:Undeath\u0027s Touch+1","floor":35},{"not_picked":["Secret Technique","Violence","Purity"],"picked":"Good Instincts","floor":36},{"not_picked":["HandOfGreed","Forethought","Replay:Sssssssssshield"],"picked":"Enlightenment","floor":36},{"not_picked":["Secret Weapon","Forethought","Master of Strategy"],"picked":"hubris:EnhanceAbility","floor":36},{"not_picked":["Uppercut","hubris:ReadiedAction","Run Through"],"picked":"Life Link+1","floor":38},{"not_picked":["Rupture+1","Thunderclap","Sword Boomerang+1"],"picked":"ReplayTheSpireMod:LeadingStrike","floor":40},{"not_picked":["Rupture+1","Twin Strike+1","Dual Wield"],"picked":"Heavy Blade","floor":42},{"not_picked":["Armaments+1","Shockwave+1","Pummel"],"picked":"Defy Death","floor":45}],"player_experience":44507,"relics_obtained":[{"floor":7.0,"key":"Gambling Chip"},{"floor":9.0,"key":"Strawberry"},{"floor":23.0,"key":"Dream Catcher"},{"floor":26.0,"key":"MealTicket"},{"floor":43,"key":"hubris:BottledRain"}],"event_choices":[{"damage_healed":0.0,"max_hp_gain":0.0,"max_hp_loss":0.0,"gold_gain":0.0,"event_name":"The Cleric","player_choice":"Leave","floor":11.0,"gold_loss":0.0,"damage_taken":0.0},{"cards_removed":["Metamorphosis"],"damage_healed":0.0,"max_hp_gain":0.0,"max_hp_loss":0.0,"gold_gain":0.0,"event_name":"betterNote:BetterNote","player_choice":"Give","floor":27.0,"gold_loss":0.0,"damage_taken":0.0,"cards_obtained":["None"]},{"damage_healed":32.0,"max_hp_gain":0.0,"max_hp_loss":0.0,"gold_gain":0.0,"event_name":"The Library","player_choice":"Heal","floor":29.0,"gold_loss":0.0,"damage_taken":0.0},{"damage_healed":0,"gold_gain":0,"player_choice":"Memory 3","damage_taken":10,"max_hp_gain":0,"max_hp_loss":0,"event_name":"SensoryStone","floor":36,"gold_loss":0},{"damage_healed":0,"gold_gain":0,"player_choice":"1 cards matched","damage_taken":0,"max_hp_gain":0,"max_hp_loss":0,"event_name":"Match and Keep!","floor":39,"gold_loss":0,"cards_obtained":["Specialist"]}],"is_beta":false,"boss_relics":[{"not_picked":["Electric Blood","Replay:Grab Bag"],"picked":"Honey Jar"},{"not_picked":["halation:MonkeysPaw","hubris:CrackedHourglass"],"picked":"halation:LoveArrow"}],"items_purged_floors":[],"is_endless":false,"potions_floor_spawned":[2,3,5,10,16,18,22,25,38,42],"killed_by":"4 Shapes","ascension_level":0}}