{"host":"Bilverbakes","time":1609724939,"event":{"mods":["2.2 Compatiblity","AchievementEnabler","BaseMod","Bestiary","Colored Map","Minty Spire (QoL Compilation)","Relic Stats","StSLib","ojb\u0027s Info Mod"],"gold_per_floor":[359,376,28,28,38,71,71,102,102,128,128,158,158,189,189,263,263,277,277,296,159,174,174,200,233,233,333,166,166,185,220,220,299,299,314,1313,1313,1324,1344,1344,603,615,615,615,615,647,667,339,339,339,339,339,59,92,92,92],"floor_reached":55,"playtime":5650,"items_purged":["Strike_B","Gash","Normality"],"score":1522,"play_id":"d4aa9813-ca5b-441b-bfa5-46813e833ae6","local_time":"20210103194859","is_ascension_mode":true,"campfire_choices":[{"data":"Rip and Tear","floor":7.0,"key":"SMITH"},{"floor":11.0,"key":"REST"},{"data":"Hologram","floor":13.0,"key":"SMITH"},{"data":"Doom and Gloom","floor":15.0,"key":"SMITH"},{"data":"Electrodynamics","floor":23.0,"key":"SMITH"},{"floor":29.0,"key":"REST"},{"floor":32.0,"key":"REST"},{"floor":40.0,"key":"REST"},{"floor":45.0,"key":"REST"},{"floor":49,"key":"RECALL"},{"data":"Defragment","floor":52,"key":"SMITH"}],"circlet_count":0,"master_deck":["AscendersBane","Defend_B","Defend_B","Defend_B","Defend_B","Dualcast","Compile Driver","Ball Lightning","Leap","Undo","Hologram+1","Doom and Gloom+1","Biased Cognition","Machine Learning+1","Reinforced Body+1","Glacier","Electrodynamics+1","Defragment+1","Skim+1","Biased Cognition+1","Defragment+1","Steam+1","Capacitor+1","Glacier","Glacier","Decay","Loop+1","Compile Driver"],"relics":["Cracked Core","Anchor","Akabeko","WingedGreaves","Shuriken","Bottled Flame","CaptainsWheel","Letter Opener","Astrolabe","Blood Vial","Red Mask","Frozen Egg 2","Emotion Chip","White Beast Statue","DollysMirror","Nunchaku","Cursed Key","Spirit Poop","Potion Belt","Strawberry","Cauldron","Singing Bowl","Membership Card","Lizard Tail","Medical Kit","Ice Cream","Happy Flower"],"acts_visited":["Exordium","TheCity","TheBeyond","TheEnding"],"potions_floor_usage":[50,54,55,55,55,55],"damage_taken":[{"damage":0.0,"enemies":"2 Louse","floor":1.0,"turns":3.0},{"damage":7.0,"enemies":"Jaw Worm","floor":2.0,"turns":4.0},{"damage":0.0,"enemies":"Small Slimes","floor":5.0,"turns":2.0},{"damage":21.0,"enemies":"Gremlin Nob","floor":6.0,"turns":4.0},{"damage":7.0,"enemies":"Lagavulin","floor":8.0,"turns":5.0},{"damage":0.0,"enemies":"3 Sentries","floor":10.0,"turns":4.0},{"damage":6.0,"enemies":"Lagavulin","floor":12.0,"turns":4.0},{"damage":5.0,"enemies":"Gremlin Nob","floor":14.0,"turns":3.0},{"damage":23.0,"enemies":"Hexaghost","floor":16.0,"turns":9.0},{"damage":9.0,"enemies":"2 Thieves","floor":18.0,"turns":3.0},{"damage":4.0,"enemies":"Shell Parasite","floor":20.0,"turns":4.0},{"damage":3.0,"enemies":"Chosen and Byrds","floor":22.0,"turns":5.0},{"damage":8.0,"enemies":"Gremlin Leader","floor":24.0,"turns":4.0},{"damage":2.0,"enemies":"Masked Bandits","floor":25.0,"turns":2.0},{"damage":9.0,"enemies":"Colosseum Slavers","floor":27.0,"turns":2.0},{"damage":23.0,"enemies":"Colosseum Nobs","floor":27.0,"turns":5.0},{"damage":0.0,"enemies":"Snake Plant","floor":30.0,"turns":3.0},{"damage":16.0,"enemies":"Slavers","floor":31.0,"turns":4.0},{"damage":46.0,"enemies":"Champ","floor":33.0,"turns":14.0},{"damage":0.0,"enemies":"Orb Walker","floor":35.0,"turns":4.0},{"damage":12.0,"enemies":"3 Darklings","floor":38.0,"turns":3.0},{"damage":37.0,"enemies":"Spire Growth","floor":39.0,"turns":4.0},{"damage":16.0,"enemies":"Jaw Worm Horde","floor":42.0,"turns":4.0},{"damage":0.0,"enemies":"Reptomancer","floor":46.0,"turns":8.0},{"damage":0,"enemies":"Writhing Mass","floor":47,"turns":7},{"damage":3,"enemies":"Donu and Deca","floor":50,"turns":11},{"damage":13,"enemies":"Shield and Spear","floor":54,"turns":7},{"damage":108,"enemies":"The Heart","floor":55,"turns":12}],"seed_played":"-1222256829911810090","potions_obtained":[{"floor":5.0,"key":"EntropicBrew"},{"floor":6.0,"key":"FearPotion"},{"floor":8.0,"key":"DistilledChaos"},{"floor":10.0,"key":"SkillPotion"},{"floor":18.0,"key":"FearPotion"},{"floor":20.0,"key":"BlessingOfTheForge"},{"floor":22.0,"key":"Regen Potion"},{"floor":30.0,"key":"Regen Potion"},{"floor":33.0,"key":"Block Potion"},{"floor":35.0,"key":"Explosive Potion"},{"floor":38.0,"key":"ColorlessPotion"},{"floor":39.0,"key":"SkillPotion"},{"floor":41.0,"key":"EssenceOfDarkness"},{"floor":41.0,"key":"DuplicationPotion"},{"floor":41.0,"key":"SneckoOil"},{"floor":42.0,"key":"AttackPotion"},{"floor":46,"key":"Energy Potion"},{"floor":47,"key":"LiquidMemories"},{"floor":54,"key":"Strength Potion"}],"is_trial":false,"path_per_floor":["M","M","$","?","M","E","R","E","T","E","R","E","R","E","R","B",null,"M","?","M","$","M","R","E","?","T","?","$","R","M","E","R","B",null,"M","?","?","M","M","R","$","M","T","?","R","E","M","$","R","B",null,"R","$","E","B"],"character_chosen":"DEFECT","items_purchased":["Anchor","Ball Lightning","Leap","Defragment","DollysMirror","Potion Belt","Strawberry","Cauldron","Capacitor+1","Glacier","Membership Card","Lizard Tail","Medical Kit","Ice Cream","Weak Potion"],"campfire_rested":5,"item_purchase_floors":[3,3,3,21,28,41,41,41,41,41,48,48,53,53,53],"current_hp_per_floor":[64,57,57,62,62,41,41,34,34,34,54,48,48,43,43,20,57,48,48,44,44,41,41,45,45,45,17,17,37,39,25,45,16,56,58,58,58,48,13,33,40,26,26,26,48,52,54,54,54,53,72,72,72,61,0,0],"gold":92,"neow_bonus":"TWO_FIFTY_GOLD","is_daily":false,"chose_seed":false,"campfire_upgraded":5,"win_rate":0.0,"timestamp":1609724939,"path_taken":["M","M","$","?","M","E","R","E","T","E","R","E","R","E","R","BOSS","M","?","M","$","M","R","E","?","T","?","?","R","M","E","R","BOSS","M","?","?","M","M","R","$","?","T","?","R","E","M","$","R","BOSS","R","$","E","BOSS"],"items_purchased_type":["Relic","Card","Card","Card","Relic","Relic","Relic","Relic","Card","Card","Relic","Relic","Relic","Relic","Potion"],"build_version":"2020-12-18","purchased_purges":3,"victory":false,"max_hp_per_floor":[64,64,64,69,69,69,69,69,69,69,69,69,69,69,69,69,69,69,69,69,69,69,69,69,69,69,69,69,69,69,69,69,69,69,69,69,69,69,69,69,76,76,76,76,76,78,78,78,78,78,78,78,78,78,78,78],"relic_stats":{"Singing Bowl":2,"Happy Flower":[4],"counters":[28,144],"Astrolabe":["Machine Learning","Hello World","Reinforced Body"],"Letter Opener":[105],"Cursed Key":1,"Medical Kit":[5],"Blood Vial":30,"Emotion Chip":[49,23,15,11,0],"Nunchaku":[4],"Lizard Tail":39,"Shuriken":[5],"obtain_stats":[{"Ice Cream":53,"Singing Bowl":46,"Spirit Poop":37,"Cursed Key":34,"Blood Vial":24,"Emotion Chip":27,"Nunchaku":31,"Lizard Tail":48,"DollysMirror":28,"Strawberry":41,"WingedGreaves":8,"Red Mask":25,"Cracked Core":0,"Potion Belt":41,"Happy Flower":54,"Astrolabe":17,"Letter Opener":14,"Frozen Egg 2":26,"Medical Kit":53,"Akabeko":6,"White Beast Statue":27,"Cauldron":41,"Anchor":3,"Bottled Flame":10,"CaptainsWheel":12,"Shuriken":9,"Membership Card":48},{"Ice Cream":26,"Singing Bowl":24,"Spirit Poop":20,"Cursed Key":19,"Blood Vial":13,"Emotion Chip":16,"Nunchaku":18,"Lizard Tail":25,"DollysMirror":16,"Strawberry":22,"WingedGreaves":5,"Red Mask":14,"Cracked Core":0,"Potion Belt":22,"Happy Flower":27,"Astrolabe":9,"Letter Opener":8,"Frozen Egg 2":14,"Medical Kit":26,"Akabeko":4,"White Beast Statue":16,"Cauldron":22,"Anchor":2,"Bottled Flame":6,"CaptainsWheel":7,"Shuriken":5,"Membership Card":25},{"Ice Cream":125,"Singing Bowl":107,"Spirit Poop":88,"Cursed Key":84,"Blood Vial":54,"Emotion Chip":63,"Nunchaku":70,"Lizard Tail":114,"DollysMirror":63,"Strawberry":95,"WingedGreaves":18,"Red Mask":56,"Cracked Core":0,"Potion Belt":95,"Happy Flower":132,"Astrolabe":38,"Letter Opener":29,"Frozen Egg 2":56,"Medical Kit":125,"Akabeko":13,"White Beast Statue":63,"Cauldron":95,"Anchor":7,"Bottled Flame":22,"CaptainsWheel":26,"Shuriken":18,"Membership Card":114}]},"card_choices":[{"not_picked":["Coolheaded","Turbo"],"picked":"Compile Driver","floor":1.0},{"not_picked":["Self Repair","Sweeping Beam"],"picked":"Rip and Tear","floor":2.0},{"not_picked":["Scrape","Conserve Battery"],"picked":"Undo","floor":5.0},{"not_picked":["Sweeping Beam","Rebound"],"picked":"Hologram","floor":6.0},{"not_picked":["Beam Cell","Tempest"],"picked":"Doom and Gloom","floor":8.0},{"not_picked":["Thunder Strike","Beam Cell","Blizzard"],"picked":"SKIP","floor":10.0},{"not_picked":["Ball Lightning","Aggregate","Stack"],"picked":"SKIP","floor":12.0},{"not_picked":["Rip and Tear","Beam Cell","Ball Lightning"],"picked":"SKIP","floor":14.0},{"not_picked":["Creative AI","Multi-Cast"],"picked":"Biased Cognition","floor":16.0},{"not_picked":["Hologram","Sweeping Beam"],"picked":"Glacier","floor":18.0},{"not_picked":["Coolheaded","Sunder","Steam Power"],"picked":"SKIP","floor":20.0},{"not_picked":["Steam Power+1","Cold Snap","Barrage"],"picked":"SKIP","floor":22.0},{"not_picked":["Steam Power+1","Cold Snap","Barrage"],"picked":"SKIP","floor":22.0},{"not_picked":["Steam Power+1","Cold Snap","Barrage"],"picked":"SKIP","floor":22.0},{"not_picked":["Conserve Battery","Ball Lightning","Leap"],"picked":"SKIP","floor":24.0},{"not_picked":["Barrage","Tempest"],"picked":"Skim+1","floor":27.0},{"not_picked":["Gash+1","All For One"],"picked":"Defragment+1","floor":30.0},{"not_picked":["Sweeping Beam","Cold Snap","Tempest"],"picked":"SKIP","floor":31.0},{"not_picked":["Darkness","Coolheaded","Steam"],"picked":"SKIP","floor":35.0},{"not_picked":["Leap","Gash"],"picked":"Steam+1","floor":38.0},{"not_picked":["Stack+1","Barrage","Redo+1"],"picked":"SKIP","floor":39.0},{"not_picked":["Melter","Rip and Tear"],"picked":"Glacier","floor":42.0},{"not_picked":["Redo","Static Discharge+1","Cold Snap"],"picked":"Singing Bowl","floor":46},{"not_picked":["Reboot","Melter"],"picked":"Loop+1","floor":47},{"not_picked":["Redo","Glacier"],"picked":"Compile Driver","floor":54}],"player_experience":559789,"relics_obtained":[{"floor":6.0,"key":"Akabeko"},{"floor":8.0,"key":"WingedGreaves"},{"floor":9.0,"key":"Shuriken"},{"floor":10.0,"key":"Bottled Flame"},{"floor":12.0,"key":"CaptainsWheel"},{"floor":14.0,"key":"Letter Opener"},{"floor":24.0,"key":"Blood Vial"},{"floor":25.0,"key":"Red Mask"},{"floor":26.0,"key":"Frozen Egg 2"},{"floor":27.0,"key":"Emotion Chip"},{"floor":27.0,"key":"White Beast Statue"},{"floor":31.0,"key":"Nunchaku"},{"floor":46,"key":"Singing Bowl"},{"floor":54,"key":"Happy Flower"}],"event_choices":[{"damage_healed":0.0,"max_hp_gain":5.0,"max_hp_loss":0.0,"gold_gain":0.0,"event_name":"Big Fish","player_choice":"Donut","floor":4.0,"gold_loss":0.0,"damage_taken":0.0},{"damage_healed":0.0,"max_hp_gain":0.0,"max_hp_loss":0.0,"gold_gain":0.0,"cards_transformed":["Hello World","Zap"],"event_name":"Drug Dealer","player_choice":"Became Test Subject","floor":19.0,"gold_loss":0.0,"damage_taken":0.0,"cards_obtained":["Electrodynamics","Gash"]},{"damage_healed":0.0,"max_hp_gain":0.0,"max_hp_loss":0.0,"gold_gain":0.0,"event_name":"Masked Bandits","player_choice":"Fought Bandits","floor":25.0,"gold_loss":0.0,"damage_taken":0.0},{"damage_healed":0.0,"max_hp_gain":0.0,"max_hp_loss":0.0,"gold_gain":0.0,"event_name":"Colosseum","player_choice":"Fight","floor":27.0,"gold_loss":0.0,"damage_taken":0.0},{"damage_healed":0.0,"max_hp_gain":0.0,"max_hp_loss":0.0,"gold_gain":0.0,"event_name":"Colosseum","player_choice":"Fought Nobs","floor":27.0,"gold_loss":0.0,"damage_taken":0.0},{"damage_healed":0.0,"max_hp_gain":0.0,"max_hp_loss":0.0,"gold_gain":999.0,"event_name":"MindBloom","player_choice":"Gold","floor":36.0,"gold_loss":0.0,"damage_taken":0.0,"cards_obtained":["Normality","Normality"]},{"cards_removed":["Normality"],"damage_healed":0.0,"max_hp_gain":0.0,"max_hp_loss":0.0,"gold_gain":0.0,"event_name":"Bonfire Elementals","player_choice":"Offered Curse","floor":37.0,"gold_loss":0.0,"damage_taken":0.0,"relics_obtained":["Spirit Poop"]},{"cards_removed":["Rip and Tear"],"damage_healed":0.0,"max_hp_gain":0.0,"max_hp_loss":0.0,"gold_gain":0.0,"event_name":"Falling","player_choice":"Removed Attack","floor":44.0,"gold_loss":0.0,"damage_taken":0.0}],"is_beta":true,"boss_relics":[{"not_picked":["Philosopher\u0027s Stone","Calling Bell"],"picked":"Astrolabe"},{"not_picked":["Busted Crown","Black Star"],"picked":"Cursed Key"}],"items_purged_floors":[3,21,41],"is_endless":false,"potions_floor_spawned":[5,6,8,10,14,18,20,22,30,31,33,35,38,39,42,46,47,54],"killed_by":"The Heart","ascension_level":17}}