{"host":"x1qj4d8ympd5jdqh","time":1609743419,"event":{"mods":["AchievementEnabler","AlwaysNeverKeys","BaseMod","Colored Map","Custom Start","DeckTracker","Highlight Path","Minty Spire (QoL Compilation)","StSLib","SuperFastMode"],"gold_per_floor":[118,118,118,118,11,11,44,44,70,95,113,123,137,164,164,239,539,550,578,595,604,99,136,136,176,227,227,227,227,227],"floor_reached":29,"playtime":587,"items_purged":["Decay"],"score":708,"play_id":"16cc19bd-2e06-4f71-a865-e7061b6174db","local_time":"20210104155659","is_ascension_mode":true,"campfire_choices":[{"data":"Anger","floor":6.0,"key":"SMITH"},{"data":"Fire Breathing","floor":8.0,"key":"SMITH"},{"data":"Immolate","floor":15.0,"key":"SMITH"},{"floor":24.0,"key":"REST"},{"data":"Offering","floor":27.0,"key":"SMITH"}],"circlet_count":0,"master_deck":["AscendersBane","Strike_R+1","Strike_R+1","Strike_R","Defend_R","Defend_R","Defend_R","Defend_R","Bash","Anger+1","Shrug It Off","Fire Breathing+1","Pommel Strike","Carnage","Immolate+1","Offering+1","CurseOfTheBell","Disarm","Power Through","Armaments+1","Body Slam","Sever Soul","Burning Pact"],"relics":["Burning Blood","NeowsBlessing","Lantern","Vajra","Pear","Unceasing Top","Calling Bell","CeramicFish","Mummified Hand","Old Coin","Orrery","Happy Flower","Dead Branch","Toy Ornithopter","Tiny Chest"],"acts_visited":["Exordium","TheCity"],"potions_floor_usage":[29],"damage_taken":[{"damage":0.0,"enemies":"Small Slimes","floor":1.0,"turns":1.0},{"damage":0.0,"enemies":"Lagavulin","floor":7.0,"turns":1.0},{"damage":0.0,"enemies":"3 Sentries","floor":10.0,"turns":1.0},{"damage":7.0,"enemies":"2 Louse","floor":11.0,"turns":3.0},{"damage":6.0,"enemies":"Cultist","floor":12.0,"turns":3.0},{"damage":15.0,"enemies":"3 Louse","floor":13.0,"turns":2.0},{"damage":32.0,"enemies":"Gremlin Nob","floor":14.0,"turns":4.0},{"damage":14.0,"enemies":"Slime Boss","floor":16.0,"turns":5.0},{"damage":6.0,"enemies":"Chosen","floor":18.0,"turns":2.0},{"damage":32.0,"enemies":"Shell Parasite","floor":19.0,"turns":5.0},{"damage":28.0,"enemies":"Centurion and Healer","floor":20.0,"turns":5.0},{"damage":0.0,"enemies":"Slavers","floor":23.0,"turns":1.0},{"damage":12.0,"enemies":"Gremlin Leader","floor":25.0,"turns":5.0},{"damage":42,"enemies":"Slavers","floor":29,"turns":3}],"seed_played":"-8250320702629033468","potions_obtained":[{"floor":11.0,"key":"Fire Potion"},{"floor":14.0,"key":"PowerPotion"},{"floor":18.0,"key":"BlessingOfTheForge"},{"floor":25.0,"key":"HeartOfIron"}],"is_trial":false,"path_per_floor":["M","?","?","?","$","R","E","R","T","E","M","M","M","E","R","B",null,"M","M","M","?","$","E","R","E","T","R","?","E"],"character_chosen":"IRONCLAD","items_purchased":["Shrug It Off","Strength Potion","Power Through","Orrery","Happy Flower","LiquidMemories"],"campfire_rested":1,"item_purchase_floors":[5,5,22,22,22,22],"current_hp_per_floor":[74,51,51,51,51,51,57,57,57,73,72,72,63,37,37,29,71,71,45,23,23,23,29,54,48,48,48,48,11,11],"gold":227,"neow_bonus":"THREE_ENEMY_KILL","is_daily":false,"chose_seed":false,"campfire_upgraded":4,"win_rate":0.0,"timestamp":1609743419,"path_taken":["M","?","?","?","$","R","E","R","T","E","?","M","M","E","R","BOSS","M","M","M","?","$","E","R","E","T","R","?","E"],"items_purchased_type":["Card","Potion","Card","Relic","Relic","Potion"],"build_version":"2020-12-22","purchased_purges":1,"victory":false,"max_hp_per_floor":[75,75,75,75,75,75,75,75,75,85,85,85,85,85,85,85,85,85,85,85,85,85,85,85,85,85,85,85,85,85],"card_choices":[{"not_picked":["Inflame","Clash"],"picked":"Anger","floor":1.0},{"not_picked":["Twin Strike","Searing Blow"],"picked":"Fire Breathing","floor":7.0},{"not_picked":["Clash","Shrug It Off"],"picked":"Pommel Strike","floor":10.0},{"not_picked":["Thunderclap","Shrug It Off","Havoc"],"picked":"SKIP","floor":11.0},{"not_picked":["Anger","Pommel Strike"],"picked":"Carnage","floor":12.0},{"not_picked":["Perfected Strike","Evolve"],"picked":"Immolate","floor":13.0},{"not_picked":["Uppercut","Sentinel","Pommel Strike"],"picked":"SKIP","floor":14.0},{"not_picked":["Barricade","Demon Form"],"picked":"Offering","floor":16.0},{"not_picked":["Perfected Strike","True Grit","Metallicize+1"],"picked":"SKIP","floor":18.0},{"not_picked":["Anger","Headbutt"],"picked":"Disarm","floor":19.0},{"not_picked":["Dual Wield","Pommel Strike","Iron Wave"],"picked":"SKIP","floor":20.0},{"not_picked":["Iron Wave","Reaper"],"picked":"Armaments+1","floor":22.0},{"not_picked":["Seeing Red","Armaments"],"picked":"Body Slam","floor":22.0},{"not_picked":["Limit Break","Iron Wave"],"picked":"Sever Soul","floor":23.0},{"not_picked":["Clash+1","Disarm"],"picked":"Burning Pact","floor":25.0}],"player_experience":1312933,"relics_obtained":[{"floor":7.0,"key":"Lantern"},{"floor":9.0,"key":"Vajra"},{"floor":10.0,"key":"Pear"},{"floor":14.0,"key":"Unceasing Top"},{"floor":17.0,"key":"CeramicFish"},{"floor":17.0,"key":"Mummified Hand"},{"floor":17.0,"key":"Old Coin"},{"floor":23.0,"key":"Dead Branch"},{"floor":25.0,"key":"Toy Ornithopter"},{"floor":26.0,"key":"Tiny Chest"}],"event_choices":[{"damage_healed":0.0,"max_hp_gain":0.0,"max_hp_loss":0.0,"gold_gain":0.0,"event_name":"Shining Light","player_choice":"Entered Light","floor":2.0,"gold_loss":0.0,"damage_taken":23.0,"cards_upgraded":["Strike_R","Strike_R"]},{"damage_healed":0.0,"max_hp_gain":0.0,"max_hp_loss":0.0,"gold_gain":0.0,"event_name":"The Cleric","player_choice":"Leave","floor":3.0,"gold_loss":0.0,"damage_taken":0.0},{"cards_removed":["Strike_R"],"damage_healed":0.0,"max_hp_gain":0.0,"max_hp_loss":0.0,"gold_gain":0.0,"event_name":"Purifier","player_choice":"Purged","floor":4.0,"gold_loss":0.0,"damage_taken":0.0},{"damage_healed":0.0,"max_hp_gain":0.0,"max_hp_loss":0.0,"gold_gain":0.0,"event_name":"Forgotten Altar","player_choice":"Smashed Altar","floor":21.0,"gold_loss":0.0,"damage_taken":0.0,"cards_obtained":["Decay"]},{"cards_removed":["Strike_R"],"damage_healed":0.0,"max_hp_gain":0.0,"max_hp_loss":0.0,"gold_gain":0.0,"event_name":"Back to Basics","player_choice":"Elegance","floor":28.0,"gold_loss":0.0,"damage_taken":0.0}],"is_beta":false,"boss_relics":[{"not_picked":["Fusion Hammer","SacredBark"],"picked":"Calling Bell"}],"items_purged_floors":[22],"is_endless":false,"potions_floor_spawned":[11,12,13,14,18,25],"killed_by":"Slavers","ascension_level":20}}