{"host":"8g198xe1n7br41jb","time":1609718860,"event":{"mods":["BaseMod","Downfall","Minty Spire (QoL Compilation)","StSLib","SuperFastMode"],"gold_per_floor":[349,366,384,384,400,400,400,453,478,928,240,240,340,355,374,479,479,479,489,339,339,339,70,70,86,117,117,117],"floor_reached":27,"playtime":2221,"items_purged":["Slimebound:Icky","Slimebound:Icky"],"score":280,"play_id":"82d3ba98-8d22-4f4b-a64a-cad8da5278b3","local_time":"20210104010740","is_ascension_mode":true,"campfire_choices":[{"data":"sneckomod:TailWhip","floor":1.0,"key":"SMITH"},{"data":"sneckomod:Unknown3Cost","floor":6.0,"key":"SMITH"},{"floor":12.0,"key":"REST"},{"data":"sneckomod:UnknownRarePower","floor":18,"key":"SMITH"}],"circlet_count":0,"master_deck":["sneckomod:Strike+1","sneckomod:Strike+1","sneckomod:Strike","sneckomod:Defend","sneckomod:Defend","sneckomod:TailWhip+1","sneckomod:SnekBite","sneckomod:Unknown","sneckomod:Unknown","sneckomod:CheapStock","sneckomod:UnknownUncommonPower","sneckomod:Unknown3Cost+1","sneckomod:UnknownVulnerable","sneckomod:IronFang+1","sneckomod:WideSting","sneckomod:UnknownRarePower+1","sneckomod:Unknown3Cost+1","sneckomod:UnknownWeak","sneckomod:UnknownDexterity","Ghostly"],"relics":["sneckomod:SneckoSoul","Whetstone","Lantern","Odd Mushroom","Oddly Smooth Stone","DollysMirror","Potion Belt","Busted Crown","ClockworkSouvenir","Bottled Flame","Question Card"],"acts_visited":["Exordium","TheCity"],"potions_floor_usage":[19,26],"damage_taken":[{"damage":1.0,"enemies":"2 Louse","floor":2.0,"turns":2.0},{"damage":0.0,"enemies":"Cultist","floor":3.0,"turns":4.0},{"damage":0.0,"enemies":"Small Slimes","floor":5.0,"turns":4.0},{"damage":28.0,"enemies":"The Mushroom Lair","floor":9.0,"turns":5.0},{"damage":10.0,"enemies":"downfall:FleeingMerchant","floor":11.0,"turns":4.0},{"damage":12.0,"enemies":"Blue Slaver","floor":14.0,"turns":3.0},{"damage":9.0,"enemies":"3 Louse","floor":15.0,"turns":4.0},{"damage":41.0,"enemies":"downfall:Watcher","floor":16.0,"turns":14.0},{"damage":16,"enemies":"3 Byrds","floor":19,"turns":5},{"damage":0,"enemies":"downfall:FleeingMerchant","floor":23,"turns":4},{"damage":1,"enemies":"Shell Parasite","floor":25,"turns":4},{"damage":68,"enemies":"Gremlin Leader","floor":26,"turns":8},{"damage":20,"enemies":"Snake Plant","floor":27,"turns":3}],"seed_played":"5887011656370774543","potions_obtained":[{"floor":2.0,"key":"Fruit Juice"},{"floor":9.0,"key":"Fruit Juice"},{"floor":14.0,"key":"Block Potion"},{"floor":16.0,"key":"DuplicationPotion"},{"floor":25,"key":"DuplicationPotion"}],"is_trial":false,"path_per_floor":["R","M","M","?","M","R","T","T","?","?","$","R","?","M","M","B",null,"R","M","?","?","?","$","T","M","E","M"],"character_chosen":"THE_SNECKO","items_purchased":["Oddly Smooth Stone","sneckomod:UnknownRarePower","DollysMirror","Potion Belt","ClockworkSouvenir"],"campfire_rested":1,"item_purchase_floors":[11,11,11,11,23],"current_hp_per_floor":[63,67,68,69,70,70,70,70,47,47,39,70,70,59,51,14,107,107,91,91,91,83,83,83,82,18,0,0],"gold":117,"neow_bonus":"TWO_FIFTY_GOLD","is_daily":false,"chose_seed":false,"campfire_upgraded":3,"win_rate":0.0,"timestamp":1609718860,"path_taken":["R","M","M","?","?","R","T","?","?","?","$","R","?","M","M","BOSS","R","M","?","?","?","$","T","M","E","M"],"items_purchased_type":["Relic","Card","Relic","Relic","Relic"],"build_version":"2020-12-22","purchased_purges":2,"victory":false,"max_hp_per_floor":[90,95,96,97,98,98,98,98,103,103,105,105,105,106,107,107,107,107,107,107,107,107,107,107,107,107,107,107],"card_choices":[{"not_picked":["sneckomod:RainOfDice","sneckomod:SoulRoll"],"picked":"sneckomod:CheapStock","floor":2.0},{"not_picked":["sneckomod:UnknownVulnerable","sneckomod:Unknown0Cost"],"picked":"sneckomod:UnknownUncommonPower","floor":3.0},{"not_picked":["sneckomod:UnknownUncommonAttack","sneckomod:Unknown1Cost"],"picked":"sneckomod:UnknownVulnerable","floor":5.0},{"not_picked":["sneckomod:Unknown1Cost","sneckomod:UnknownStrike"],"picked":"sneckomod:IronFang","floor":9.0},{"not_picked":["sneckomod:UnknownCommonAttack","sneckomod:UnknownUncommonSkill"],"picked":"sneckomod:WideSting","floor":11.0},{"not_picked":["sneckomod:UnknownColorless","sneckomod:QuickBite"],"picked":"sneckomod:UnknownWeak","floor":14.0},{"not_picked":["sneckomod:QuickBite","sneckomod:UnknownCommonAttack"],"picked":"sneckomod:UnknownDexterity","floor":15.0},{"not_picked":["sneckomod:Unknown1Cost"],"picked":"SKIP","floor":19},{"not_picked":["sneckomod:UnknownWeak"],"picked":"SKIP","floor":23},{"not_picked":["sneckomod:QuickMove"],"picked":"SKIP","floor":25},{"not_picked":["sneckomod:DiceBlock+1"],"picked":"SKIP","floor":26}],"player_experience":1204816,"relics_obtained":[{"floor":7.0,"key":"Whetstone"},{"floor":8.0,"key":"Lantern"},{"floor":9.0,"key":"Odd Mushroom"},{"floor":24,"key":"Bottled Flame"},{"floor":26,"key":"Question Card"}],"event_choices":[{"damage_healed":0.0,"max_hp_gain":0.0,"max_hp_loss":0.0,"gold_gain":0.0,"cards_transformed":["sneckomod:Defend"],"event_name":"Transmorgrifier","player_choice":"Transformed","floor":4.0,"gold_loss":0.0,"damage_taken":0.0,"cards_obtained":["sneckomod:Unknown3Cost"]},{"damage_healed":0.0,"max_hp_gain":0.0,"max_hp_loss":0.0,"gold_gain":0.0,"event_name":"Mushrooms","player_choice":"Fought Mushrooms","floor":9.0,"gold_loss":0.0,"damage_taken":0.0}],"is_beta":false,"boss_relics":[{"not_picked":["Coffee Dripper","Runic Dome"],"picked":"Busted Crown"}],"items_purged_floors":[11,23],"is_endless":false,"potions_floor_spawned":[2,9,14,16,25],"killed_by":"Snake Plant","ascension_level":1}}