{"host":"wg29woj1pduqw9vg","time":1609750430,"event":{"mods":["BaseMod","Bestiary","Better Third Choice","Colored Map","Highlight Path","Minty Spire (QoL Compilation)","Quick Restart","Slay-I","StSLib"],"gold_per_floor":[117,117,117,136,155,155,173,173,173,173,27,27,42,59,59,159,159,169,169,79,79,61,92,92,19,19,19,54,66,78,90,102,219,231,255,277,289,314,326,338,363,375,387,399,411,12,43,61,61,61],"floor_reached":51,"playtime":2633,"items_purged":["Strike_G","Strike_G"],"score":726,"play_id":"a1c5c361-426d-499f-a1a5-ae58669dc135","local_time":"20210104005350","is_ascension_mode":false,"campfire_choices":[{"data":"Masterful Stab","floor":6,"key":"SMITH"},{"data":"Neutralize","floor":8,"key":"SMITH"},{"data":"Bouncing Flask","floor":10,"key":"SMITH"},{"data":"Noxious Fumes","floor":15,"key":"SMITH"},{"data":"Leg Sweep","floor":24,"key":"SMITH"},{"floor":27,"key":"REST"},{"floor":29,"key":"REST"},{"floor":32,"key":"REST"},{"data":"Venomology","floor":40,"key":"SMITH"},{"data":"Iron Wave","floor":44,"key":"SMITH"},{"data":"Defend_G","floor":49,"key":"SMITH"}],"circlet_count":0,"master_deck":["Strike_G+1","Strike_G","Strike_G","Defend_G","Defend_G","Defend_G","Defend_G","Defend_G+1","Survivor","Neutralize+1","Footwork+1","Bouncing Flask+1","Masterful Stab+1","Noxious Fumes+1","Leg Sweep+1","Die Die Die","Impatience","Venomology+1","Footwork+1","Iron Wave+1","PanicButton"],"relics":["Ring of the Snake","Frozen Egg 2","SlaversCollar","MutagenicStrength","Torii","Oddly Smooth Stone","MawBank","Coffee Dripper","White Beast Statue","Snake Skull","HandDrill"],"acts_visited":["Exordium","TheCity","TheBeyond"],"potions_floor_usage":[16,28,30,36,41,47,48,48,50,50,50,50],"damage_taken":[{"damage":0,"enemies":"2 Louse","floor":1,"turns":4},{"damage":2,"enemies":"Small Slimes","floor":4,"turns":3},{"damage":0,"enemies":"Jaw Worm","floor":5,"turns":5},{"damage":0,"enemies":"Red Slaver","floor":7,"turns":4},{"damage":0,"enemies":"Looter","floor":13,"turns":4},{"damage":0,"enemies":"Large Slime","floor":14,"turns":5},{"damage":4,"enemies":"The Guardian","floor":16,"turns":9},{"damage":7,"enemies":"Spheric Guardian","floor":18,"turns":5},{"damage":4,"enemies":"2 Thieves","floor":22,"turns":5},{"damage":24,"enemies":"Slavers","floor":23,"turns":7},{"damage":27,"enemies":"Gremlin Leader","floor":28,"turns":8},{"damage":30,"enemies":"Colosseum Slavers","floor":30,"turns":6},{"damage":10,"enemies":"Automaton","floor":33,"turns":11},{"damage":9,"enemies":"3 Darklings","floor":35,"turns":6},{"damage":1,"enemies":"Orb Walker","floor":36,"turns":4},{"damage":0,"enemies":"Sphere and 2 Shapes","floor":38,"turns":9},{"damage":0,"enemies":"Writhing Mass","floor":41,"turns":10},{"damage":0,"enemies":"Giant Head","floor":47,"turns":9},{"damage":1,"enemies":"3 Darklings","floor":48,"turns":6},{"damage":9,"enemies":"Time Eater","floor":50,"turns":13}],"seed_played":"3615308202736849899","potions_obtained":[{"floor":5,"key":"Energy Potion"},{"floor":13,"key":"Explosive Potion"},{"floor":23,"key":"Weak Potion"},{"floor":33,"key":"Poison Potion"},{"floor":38,"key":"Strength Potion"},{"floor":41,"key":"LiquidMemories"},{"floor":47,"key":"Fruit Juice"},{"floor":48,"key":"DistilledChaos"}],"is_trial":false,"path_per_floor":["M","?","?","M","M","R","M","R","T","R","$","?","M","M","R","B",null,"M","?","$","?","M","E","R","$","T","R","E","R","?","$","R","B",null,"M","M","?","M","$","R","M","?","T","R","?","$","E","M","R","B",null],"character_chosen":"THE_SILENT","items_purchased":["Leg Sweep","Impatience","Footwork+1","Snake Skull","HandDrill"],"campfire_rested":3,"item_purchase_floors":[11,20,25,46,46],"current_hp_per_floor":[77,62,62,60,60,60,60,60,60,60,60,60,60,60,60,56,77,70,70,70,70,66,42,42,42,42,65,38,61,31,31,54,44,77,68,67,67,67,67,67,67,67,67,67,67,67,67,71,71,62],"gold":61,"neow_bonus":"TEN_PERCENT_HP_BONUS","is_daily":false,"chose_seed":false,"campfire_upgraded":8,"win_rate":0.0,"timestamp":1609750430,"path_taken":["M","?","?","M","M","R","?","R","T","R","?","?","M","M","R","BOSS","M","?","$","?","M","E","R","$","T","R","E","R","?","$","R","BOSS","M","M","?","M","?","R","M","?","T","R","?","$","E","M","R","BOSS"],"items_purchased_type":["Card","Card","Card","Relic","Relic"],"build_version":"2020-12-22","purchased_purges":2,"victory":true,"max_hp_per_floor":[77,77,77,77,77,77,77,77,77,77,77,77,77,77,77,77,77,77,77,77,77,77,77,77,77,77,77,77,77,77,77,77,77,77,77,77,77,77,77,77,77,77,77,77,77,77,77,82,82,82],"card_choices":[{"not_picked":["Dagger Spray","Escape Plan"],"picked":"Footwork","floor":1},{"not_picked":["Crippling Poison","Skewer"],"picked":"Bouncing Flask","floor":4},{"not_picked":["Dodge and Roll","Acrobatics"],"picked":"Masterful Stab","floor":5},{"not_picked":["PiercingWail","Infinite Blades"],"picked":"Noxious Fumes","floor":7},{"not_picked":["Quick Slash","Skewer","Backflip"],"picked":"SKIP","floor":13},{"not_picked":["Dagger Spray","Prepared","Deadly Poison"],"picked":"SKIP","floor":14},{"not_picked":["A Thousand Cuts+1","Venomology"],"picked":"Die Die Die","floor":16},{"not_picked":["Sucker Punch","Dagger Throw","Quick Slash"],"picked":"SKIP","floor":18},{"not_picked":["PiercingWail","Finisher","Blade Dance"],"picked":"SKIP","floor":22},{"not_picked":["Sucker Punch+1","Wraith Form v2+1","Dagger Throw"],"picked":"SKIP","floor":23},{"not_picked":["Tactician+1","Predator","Slice+1"],"picked":"SKIP","floor":28},{"not_picked":["Tools of the Trade+1","Wraith Form v2+1"],"picked":"Venomology","floor":33},{"not_picked":["Underhanded Strike","Dodge and Roll"],"picked":"Footwork+1","floor":35},{"not_picked":["Backflip+1","Backstab+1","Quick Slash"],"picked":"SKIP","floor":36},{"not_picked":["Riddle With Holes","Prepared","Acrobatics+1"],"picked":"SKIP","floor":38},{"not_picked":["Noxious Fumes+1","Crippling Poison","Dagger Spray+1"],"picked":"SKIP","floor":41},{"not_picked":["Mind Blast","Purity"],"picked":"PanicButton","floor":45},{"not_picked":["Sucker Punch","Reflex","Finisher"],"picked":"SKIP","floor":47},{"not_picked":["Dagger Throw","Masterful Stab","Caltrops+1"],"picked":"SKIP","floor":48}],"player_experience":0,"relics_obtained":[{"floor":9,"key":"Frozen Egg 2"},{"floor":23,"key":"Torii"},{"floor":26,"key":"Oddly Smooth Stone"},{"floor":28,"key":"MawBank"},{"floor":43,"key":"White Beast Statue"}],"event_choices":[{"damage_healed":77,"gold_gain":0,"player_choice":"Upgrade","damage_taken":15,"max_hp_gain":0,"max_hp_loss":77,"event_name":"betterThird:BetterShining","floor":2,"gold_loss":0,"cards_upgraded":["Footwork","Strike_G"]},{"damage_healed":0,"gold_gain":0,"player_choice":"Ignored","damage_taken":0,"max_hp_gain":0,"max_hp_loss":0,"event_name":"Golden Wing","floor":3,"gold_loss":0},{"damage_healed":0,"gold_gain":0,"player_choice":"Ignored","damage_taken":0,"max_hp_gain":0,"max_hp_loss":0,"event_name":"Transmorgrifier","floor":12,"gold_loss":0},{"damage_healed":0,"gold_gain":0,"player_choice":"Inject Mutagens","damage_taken":0,"relics_obtained":["MutagenicStrength"],"max_hp_gain":0,"max_hp_loss":0,"event_name":"Drug Dealer","floor":19,"gold_loss":0},{"damage_healed":0,"gold_gain":0,"player_choice":"Fight","damage_taken":0,"max_hp_gain":0,"max_hp_loss":0,"event_name":"Colosseum","floor":30,"gold_loss":0},{"damage_healed":0,"gold_gain":0,"player_choice":"Fled From Nobs","damage_taken":0,"max_hp_gain":0,"max_hp_loss":0,"event_name":"Colosseum","floor":30,"gold_loss":0},{"damage_healed":0,"gold_gain":0,"player_choice":"Random: Yellow","damage_taken":0,"max_hp_gain":0,"max_hp_loss":0,"event_name":"betterThird:BetterPortal","floor":37,"gold_loss":0},{"cards_removed":["Footwork"],"damage_healed":0,"gold_gain":0,"player_choice":"Took Card","damage_taken":0,"max_hp_gain":0,"max_hp_loss":0,"event_name":"NoteForYourself","floor":37,"gold_loss":0,"cards_obtained":["Iron Wave"]},{"damage_healed":0,"gold_gain":0,"player_choice":"Ignored","damage_taken":0,"max_hp_gain":0,"max_hp_loss":0,"event_name":"Mysterious Sphere","floor":42,"gold_loss":0},{"damage_healed":0,"gold_gain":0,"player_choice":"Memory 1","damage_taken":0,"max_hp_gain":0,"max_hp_loss":0,"event_name":"SensoryStone","floor":45,"gold_loss":0}],"is_beta":false,"boss_relics":[{"not_picked":["Runic Pyramid","Busted Crown"],"picked":"SlaversCollar"},{"not_picked":["Astrolabe","Sozu"],"picked":"Coffee Dripper"}],"items_purged_floors":[11,46],"is_endless":false,"potions_floor_spawned":[5,13,23,30,33,38,41,47,48],"ascension_level":0}}