{"host":"ixqzyafodex1tsi5","time":1609768885,"event":{"mods":["ATMod(°¢èªMod)","AchievementEnabler","Act Like it!","BaseMod","Gensokyo","GifTheSpireLib","Lobotomy","LobotomyExtend","Luminous","Minty Spire (QoL Compilation)","Relic Stats","Replay The Spire","RumiaBox-Â¶Ã×æ«µÄÉñÃØºÐ×Ó","Shop Mod","Spicy Shops","StSLib","The Cursed","[IsaacMod]ÒÔÈö¼âËþ","¡¾¹¦ÄÜMod¡¿»ìãçÖ®»·ÐÞ¸´²¹¶¡","¡¾ÒÅÎï¿¨ÅÆ¡¿REMEMod"],"gold_per_floor":[109,120,135,135,154,168,195,49,49,66,66,66,66,66,66,161,161,175,175,192,206,206,225,225,225,225,225,245,245,259,39,39,137,137,150,170,188,202,217,252,252,265,265,315,341,398,398,398,398,472,472,472,472,16,61,71],"floor_reached":57,"playtime":2243,"items_purged":["Strike_R","Funeral","Twilight+1"],"score":1463,"play_id":"69c5c68e-4e2d-498f-bcbe-85e83cfed50c","local_time":"20210104220125","is_ascension_mode":false,"campfire_choices":[{"data":"AT_OneInchPunch","floor":15.0,"key":"SMITH"},{"data":"RitualDagger","floor":25.0,"key":"SMITH"},{"floor":27.0,"key":"REST"},{"floor":32.0,"key":"DIG"},{"floor":41,"key":"RECALL"},{"floor":53,"key":"REST"}],"circlet_count":0,"master_deck":["AT_OneInchPunch+1","Burning Pact","RitualDagger+1","FieryBird","CrumblingArmor"],"relics":["Burning Blood","REME_ComplimentaryCards","HushsDoor","AT_ATBox","SatanicBible","CogitoBucket","RabbitCall","LetterFromLob","HornCleat","Akabeko","TheBattery","Torii","AdjustmentMirror","EasyGame_NEW","ChangeAnything","Ccalipers","Letter Opener","Replay:Rubber Ducky","Ring of Chaos","HonorFeather","LuminousBracelet","AtMidnight","PunchingBag","AT_LudenTempest","Replay:Bandana","Kunai","EdensBlessing","NineVolt","Nunchaku","AT_SunfireAegis"],"acts_visited":["Exordium","TheCity","TheBeyond","TheEnding"],"potions_floor_usage":[35,35,45,50,50,56],"damage_taken":[{"damage":0.0,"enemies":"Cultist","floor":1.0,"turns":2.0},{"damage":0.0,"enemies":"Small Slimes","floor":2.0,"turns":1.0},{"damage":1.0,"enemies":"Jaw Worm","floor":3.0,"turns":2.0},{"damage":0.0,"enemies":"Blue Slaver","floor":5.0,"turns":1.0},{"damage":1.0,"enemies":"Exordium Wildlife","floor":6.0,"turns":4.0},{"damage":0.0,"enemies":"3 Sentries","floor":7.0,"turns":2.0},{"damage":17.0,"enemies":"Large Slime","floor":10.0,"turns":4.0},{"damage":1.0,"enemies":"The Guardian","floor":16.0,"turns":4.0},{"damage":0.0,"enemies":"Chosen","floor":18.0,"turns":2.0},{"damage":12.0,"enemies":"Shell Parasite","floor":20.0,"turns":4.0},{"damage":20.0,"enemies":"Snake Plant","floor":21.0,"turns":2.0},{"damage":32.0,"enemies":"Cultist and Chosen","floor":22.0,"turns":5.0},{"damage":9.0,"enemies":"Centurion and Healer","floor":23.0,"turns":2.0},{"damage":0.0,"enemies":"Snake Plant","floor":28.0,"turns":2.0},{"damage":20.0,"enemies":"Sentry and Sphere","floor":30.0,"turns":4.0},{"damage":0,"enemies":"Collector","floor":33,"turns":4},{"damage":128,"enemies":"Orb Walker","floor":35,"turns":26},{"damage":0,"enemies":"3 Darklings","floor":37,"turns":2},{"damage":17,"enemies":"Writhing Mass","floor":38,"turns":2},{"damage":1,"enemies":"Spire Growth","floor":39,"turns":2},{"damage":31,"enemies":"Nemesis","floor":40,"turns":3},{"damage":20,"enemies":"Jaw Worm Horde","floor":42,"turns":2},{"damage":7,"enemies":"Hiden Room Battle","floor":44,"turns":2},{"damage":0,"enemies":"Sphere and 2 Shapes","floor":45,"turns":3},{"damage":7,"enemies":"2 Orb Walkers","floor":46,"turns":3},{"damage":152,"enemies":"Donu and Deca","floor":50,"turns":23},{"damage":19,"enemies":"Shield and Spear","floor":55,"turns":3},{"damage":124,"enemies":"The Heart","floor":56,"turns":7}],"seed_played":"4093014465641998812","potions_obtained":[{"floor":3.0,"key":"ColorlessPotion"},{"floor":18.0,"key":"Explosive Potion"},{"floor":21.0,"key":"Block Potion"},{"floor":23.0,"key":"Block Potion"},{"floor":30.0,"key":"Block Potion"},{"floor":37,"key":"Adrenaline Potion"},{"floor":38,"key":"Fruit Juice"},{"floor":40,"key":"REME_GoldPotion"},{"floor":45,"key":"REME_GoldPotion"}],"is_trial":false,"path_per_floor":["M","M","M","T","M","M","E","$","T","M","$","?","$","?","R","B",null,"M","M","M","M","M","M","?","R","T","R","M","?","M","$","R","B",null,"M","?","M","M","M","E","R","M","T","?","M","?","?","?","R","B",null,null,"R","$","E","B",null],"character_chosen":"IRONCLAD","items_purchased":["TheBattery","Letter Opener","NineVolt","Nunchaku","Elixir"],"campfire_rested":2,"item_purchase_floors":[8,31,54,54,54],"current_hp_per_floor":[80,80,80,80,80,80,80,80,80,69,69,53,53,53,53,61,80,80,80,75,63,42,41,35,35,35,59,66,51,39,39,39,45,85,80,60,66,55,60,36,80,66,66,50,61,60,60,60,81,71,71,71,71,71,60,33],"gold":71,"neow_bonus":"","is_daily":false,"chose_seed":false,"campfire_upgraded":2,"win_rate":0.0,"timestamp":1609768885,"path_taken":["M","?","?","?","M","M","E","$","T","M","?","?","$","?","R","BOSS","M","M","M","M","M","M","?","R","T","R","M","?","M","$","R","BOSS","M","?","?","M","M","E","R","M","T","?","M","?","?","?","R","BOSS","R","$","E","BOSS"],"items_purchased_type":["Relic","Relic","Relic","Relic","Potion"],"build_version":"2020-12-22","purchased_purges":3,"victory":true,"max_hp_per_floor":[80,80,80,80,80,80,80,80,80,80,80,80,80,80,80,80,80,80,80,80,80,80,80,80,80,80,80,80,85,85,85,85,85,85,80,80,80,80,80,80,80,80,80,80,85,85,85,81,81,71,71,71,71,71,71,71],"relic_stats":{"Nunchaku":[1],"Torii":193,"counters":[32,127],"Letter Opener":[21],"Kunai":[0],"obtain_stats":[{"RabbitCall":0,"HonorFeather":35,"AT_ATBox":0,"Torii":9,"NineVolt":54,"LuminousBracelet":35,"TheBattery":8,"AdjustmentMirror":10,"Burning Blood":0,"SatanicBible":0,"Replay:Rubber Ducky":32,"CogitoBucket":0,"Replay:Bandana":44,"Nunchaku":54,"HornCleat":4,"Ccalipers":26,"Kunai":44,"KeepersGift":0,"PunchingBag":36,"Ring of Chaos":34,"Letter Opener":31,"Akabeko":7,"AT_LudenTempest":40,"AtMidnight":35,"LetterFromLob":1,"ChangeAnything":22,"EdensBlessing":46,"AT_SunfireAegis":55,"HushsDoor":0,"EasyGame_NEW":17,"REME_ComplimentaryCards":0},{"RabbitCall":0,"HonorFeather":20,"AT_ATBox":0,"Torii":6,"NineVolt":30,"LuminousBracelet":20,"TheBattery":6,"AdjustmentMirror":8,"Burning Blood":0,"SatanicBible":0,"Replay:Rubber Ducky":17,"CogitoBucket":0,"Replay:Bandana":26,"Nunchaku":30,"HornCleat":3,"Ccalipers":15,"Kunai":26,"KeepersGift":0,"PunchingBag":20,"Ring of Chaos":18,"Letter Opener":17,"Akabeko":6,"AT_LudenTempest":24,"AtMidnight":20,"LetterFromLob":1,"ChangeAnything":14,"EdensBlessing":28,"AT_SunfireAegis":31,"HushsDoor":0,"EasyGame_NEW":9,"REME_ComplimentaryCards":0},{"RabbitCall":0,"HonorFeather":51,"AT_ATBox":0,"Torii":12,"NineVolt":117,"LuminousBracelet":74,"TheBattery":12,"AdjustmentMirror":17,"Burning Blood":0,"SatanicBible":0,"Replay:Rubber Ducky":43,"CogitoBucket":0,"Replay:Bandana":87,"Nunchaku":117,"HornCleat":5,"Ccalipers":37,"Kunai":87,"KeepersGift":0,"PunchingBag":74,"Ring of Chaos":47,"Letter Opener":43,"Akabeko":12,"AT_LudenTempest":83,"AtMidnight":74,"LetterFromLob":2,"ChangeAnything":35,"EdensBlessing":93,"AT_SunfireAegis":120,"HushsDoor":0,"EasyGame_NEW":21,"REME_ComplimentaryCards":0}],"Burning Blood":117},"card_choices":[{"not_picked":["Murderer","MeatLantern","LongBird"],"picked":"Singing Bowl","floor":1.0},{"not_picked":["Run Through","Sword Boomerang"],"picked":"Bomb","floor":1.0},{"not_picked":["UniverseFragment","QueenOfHatred","OSAHOGD"],"picked":"Singing Bowl","floor":2.0},{"not_picked":["ReplayTheSpireMod:Limb From Limb","Armaments","Combust"],"picked":"SKIP","floor":2.0},{"not_picked":["MHz","ShyLook","Bloodbath"],"picked":"Singing Bowl","floor":3.0},{"not_picked":["Clothesline","Heavy Blade","Replay:Undeath\u0027s Touch"],"picked":"SKIP","floor":3.0},{"not_picked":["Murderer","QueenOfHatred","OSAHOGD"],"picked":"Singing Bowl","floor":5.0},{"not_picked":["Armaments","AT_IchimonjiDouble","Abandon"],"picked":"SKIP","floor":5.0},{"not_picked":["Scorched","Wellcheers","OldLady"],"picked":"Singing Bowl","floor":6.0},{"not_picked":["True Grit","Power Through","Thunderclap"],"picked":"SKIP","floor":6.0},{"not_picked":["LongBird","MeatLantern","MHz"],"picked":"Singing Bowl","floor":7.0},{"not_picked":["Uppercut","Berserk","Wild Strike"],"picked":"SKIP","floor":7.0},{"not_picked":["Yin","ShyLook"],"picked":"Funeral","floor":10.0},{"not_picked":["Pommel Strike","Wild Strike","Dark Embrace"],"picked":"SKIP","floor":10.0},{"not_picked":["SpiderBud","Freischutz","Murderer"],"picked":"Singing Bowl","floor":16.0},{"not_picked":["VoidDream","RedShoes","SpiderBud"],"picked":"Singing Bowl","floor":18.0},{"not_picked":["Flex+1","Sever Soul"],"picked":"Burning Pact","floor":18.0},{"not_picked":["Yin","Laetitia","RedShoes"],"picked":"Singing Bowl","floor":20.0},{"not_picked":["Body Slam","Clash","Havoc"],"picked":"SKIP","floor":20.0},{"not_picked":["BeautyBeast","HeroicMonk","Porccubus"],"picked":"Singing Bowl","floor":21.0},{"not_picked":["Massacre+1","Uppercut","Perfected Strike+1"],"picked":"SKIP","floor":21.0},{"not_picked":["DespairKnight","MHz","Woodsman"],"picked":"Singing Bowl","floor":22.0},{"not_picked":["Replay:Undeath\u0027s Touch+1","Seeing Red","Power Through"],"picked":"SKIP","floor":22.0},{"not_picked":["LongBird","MHz","QueenBee"],"picked":"Singing Bowl","floor":23.0},{"not_picked":["Clash+1","Heavy Blade","REME_Scribble"],"picked":"SKIP","floor":23.0},{"not_picked":["VoidDream","Bloodbath","UniverseFragment"],"picked":"Singing Bowl","floor":28.0},{"not_picked":["Havoc","Cleave","Sword Boomerang+1"],"picked":"SKIP","floor":28.0},{"not_picked":["CrumblingArmor","Rudolta","OSAHOGD"],"picked":"Singing Bowl","floor":30.0},{"not_picked":["Clothesline","Anger","Havoc"],"picked":"SKIP","floor":30.0},{"not_picked":["Yin","BlackSwan","ShyLook"],"picked":"Singing Bowl","floor":33},{"not_picked":["SnowQueen","Scorched"],"picked":"FieryBird","floor":33},{"not_picked":["Murderer","VoidDream"],"picked":"CrumblingArmor","floor":35},{"not_picked":["Twin Strike+1","Infernal Blade","Exhume"],"picked":"SKIP","floor":35},{"not_picked":["LaLuna","NothingThere","UniverseFragment"],"picked":"Singing Bowl","floor":37},{"not_picked":["Anger","Double Tap","Havoc+1"],"picked":"SKIP","floor":37},{"not_picked":["MeltingLove","DreamingCurrent","Freischutz"],"picked":"Singing Bowl","floor":38},{"not_picked":["AT_ManFootWork","ReplayTheSpireMod:Muscle Training","AT_DiedThrough+1"],"picked":"SKIP","floor":38},{"not_picked":["Scarecrow","LongBird","BodiesMountain"],"picked":"Singing Bowl","floor":39},{"not_picked":["Armaments","Headbutt+1","REME_Cut+1"],"picked":"SKIP","floor":39},{"not_picked":["GalaxyChild","Porccubus","Woodsman"],"picked":"Singing Bowl","floor":40},{"not_picked":["Sever Soul","Searing Blow","Headbutt"],"picked":"SKIP","floor":40},{"not_picked":["ShyLook","NakedNest","QueenBee"],"picked":"Singing Bowl","floor":42},{"not_picked":["Seeing Red+1","AT_DiedThrough","Rage+1"],"picked":"SKIP","floor":42},{"not_picked":["LongBird","LaLuna","Variant"],"picked":"Singing Bowl","floor":44},{"not_picked":["WhiteNight","BigBadWolf","HeroicMonk"],"picked":"Singing Bowl","floor":45},{"not_picked":["Run Through+1","Wild Strike+1","REME_Scribble"],"picked":"SKIP","floor":45},{"not_picked":["Porccubus","BodiesMountain","LongBird"],"picked":"Singing Bowl","floor":46},{"not_picked":["NakedNest","Rudolta","SilentOrchestra"],"picked":"Singing Bowl","floor":55},{"not_picked":["Offering","Headbutt","ReplayReversal+1"],"picked":"SKIP","floor":55}],"player_experience":230500,"relics_obtained":[{"floor":1.0,"key":"LetterFromLob"},{"floor":4.0,"key":"HornCleat"},{"floor":7.0,"key":"Akabeko"},{"floor":9.0,"key":"Torii"},{"floor":26.0,"key":"Ccalipers"},{"floor":32.0,"key":"Replay:Rubber Ducky"},{"floor":35,"key":"AtMidnight"},{"floor":36,"key":"PunchingBag"},{"floor":40,"key":"AT_LudenTempest"},{"floor":44,"key":"Replay:Bandana"},{"floor":44,"key":"Kunai"},{"floor":46,"key":"EdensBlessing"},{"floor":55,"key":"AT_SunfireAegis"}],"event_choices":[{"damage_healed":0.0,"max_hp_gain":0.0,"max_hp_loss":0.0,"gold_gain":0.0,"event_name":"Shining Light","player_choice":"Entered Light","floor":12.0,"gold_loss":0.0,"damage_taken":16.0,"cards_upgraded":["Twilight","Bash"]},{"damage_healed":0.0,"max_hp_gain":0.0,"max_hp_loss":0.0,"gold_gain":0.0,"event_name":"Nest","player_choice":"Joined the Cult","floor":24.0,"gold_loss":0.0,"damage_taken":6.0,"cards_obtained":["RitualDagger"]},{"damage_healed":0.0,"max_hp_gain":5.0,"max_hp_loss":0.0,"gold_gain":0.0,"event_name":"Forgotten Altar","player_choice":"Shed Blood","floor":29.0,"gold_loss":0.0,"damage_taken":20.0},{"damage_healed":0,"gold_gain":0,"player_choice":"Fight","damage_taken":0,"max_hp_gain":0,"max_hp_loss":0,"event_name":"HidenRoomEvent","floor":44,"gold_loss":0},{"damage_healed":0,"gold_gain":0,"player_choice":"Fight","damage_taken":0,"max_hp_gain":0,"max_hp_loss":0,"event_name":"Mysterious Sphere","floor":46,"gold_loss":0},{"damage_healed":0,"gold_gain":0,"player_choice":"Max HP","damage_taken":0,"max_hp_gain":0,"max_hp_loss":4,"event_name":"Winding Halls","floor":48,"gold_loss":0},{"damage_healed":0,"gold_gain":0,"player_choice":"Memory 1","damage_taken":0,"max_hp_gain":0,"max_hp_loss":0,"event_name":"SensoryStone","floor":49,"gold_loss":0}],"is_beta":false,"boss_relics":[{"not_picked":["Runic Pyramid","REME_LowDesire"],"picked":"EasyGame_NEW"},{"not_picked":[]},{"not_picked":["Empty Cage","Replay:Bronze Core"],"picked":"Ring of Chaos"},{"not_picked":[]}],"items_purged_floors":[8,31,54],"is_endless":false,"potions_floor_spawned":[2,3,18,21,23,30,37,38,40,42,45],"ascension_level":0}}