{"host":"xs2umar4czbsv0xl","time":1609731037,"event":{"mods":["AchievementEnabler","Act Like it!","BaseMod","Gensokyo","Marisa????????","Minty Spire (QoL Compilation)","Reimu??????","Remilia??????","Replay The Spire","StSLib","The Hierophant","The Wild Card","Youmu??????","Yuyuko"],"gold_per_floor":[113,125,143,143,143,171,243,243,243,243,259,259,276,26,26,130,130,149,149,62,92,12,12,12,45,70,70,107,124,142,142,142,260,260,274,274,274,274,291,342,342,356,356,391,391,431,431,485,485,485,485],"floor_reached":50,"playtime":7052,"items_purged":[],"score":570,"play_id":"562b54bb-4abd-4b75-a794-17679fbc8713","local_time":"20210103213037","is_ascension_mode":false,"campfire_choices":[{"floor":8,"key":"REST"},{"floor":10,"key":"RECALL"},{"floor":15,"key":"REST"},{"floor":27,"key":"REST"},{"floor":32,"key":"DIG"},{"data":"HeartBreak","floor":41,"key":"SMITH"},{"data":"BombardNight","floor":47,"key":"SMITH"},{"floor":49,"key":"REST"}],"circlet_count":0,"master_deck":["Strike_RM","Strike_RM","Strike_RM","Strike_RM","Defend_RM","Defend_RM","Defend_RM","RedMoon","ScarletShoot","UnstableMagic+1","VampirishNight+1","BombardNight","ScarletDevil","UnstableMagic","VampireKiss","ScarletImprint","BombardNight+1","Ultimatum","HeartBreak+1","FavorOfDestiny+1","DiffusionOfMisfortune","Septette","BloodHunter","UnderTheZenith+1","Stigmanizer+1","ScarletDream","BlasphemousPunishment+1","StarOfDavid","TwelveNightmare+1","Dash","Gensokyo:ShootingStar","ForecastOfChange","VampireSweep+1","Gensokyo:MorningStar","EndlessAdversity+1","EndlessAdversity+1","VampireSweep+1","ScarletNetherworld","Stigmanizer"],"relics":["ScarletHat","NeowsBlessing","RedBat","Bronze Scales","Guide Book","Black Star","ReplayTheSpireMod:TigerMarble","Gensokyo:SongOfSouls","Gensokyo:RedStar","Iron Hammer","Replay:Baseball","Strawberry","StrikeDummy","Ginger","RedLine:ReiMu","Toy Ornithopter","Bag of Marbles","Replay:Ringing Soul","Mummified Hand","Gungnir","Darkstone Periapt"],"acts_visited":["Exordium","Gensokyo:Gensokyo","Gensokyo:Gensokyoer"],"potions_floor_usage":[16,16,25,29,33,33,38,40,50,50,50,50],"damage_taken":[{"damage":0,"enemies":"Gensokyo:3_Fairies","floor":1,"turns":1},{"damage":0,"enemies":"Gensokyo:2_Kodama","floor":2,"turns":1},{"damage":0,"enemies":"Gensokyo:Gryphon","floor":3,"turns":1},{"damage":30,"enemies":"Gensokyo:Cirno","floor":6,"turns":9},{"damage":2,"enemies":"Gensokyo:3_Kodama","floor":11,"turns":2},{"damage":15,"enemies":"Gensokyo:CorruptedTreant","floor":13,"turns":3},{"damage":26,"enemies":"Gensokyo:Yukari","floor":16,"turns":10},{"damage":27,"enemies":"Gensokyo:3_Dogs","floor":18,"turns":4},{"damage":14,"enemies":"Gensokyo:Chomper","floor":21,"turns":4},{"damage":47,"enemies":"Gensokyo:Koishi","floor":25,"turns":7},{"damage":4,"enemies":"Gensokyo:Monolith_and_Dog","floor":28,"turns":5},{"damage":20,"enemies":"Gensokyo:Slime_Group","floor":29,"turns":5},{"damage":10,"enemies":"Gensokyo:Swordslinger","floor":30,"turns":4},{"damage":46,"enemies":"Gensokyo:Kaguya","floor":33,"turns":8},{"damage":21,"enemies":"Gensokyo:AncientGuardian","floor":35,"turns":8},{"damage":58,"enemies":"Gensokyo:AncientGuardian","floor":38,"turns":10},{"damage":0,"enemies":"Gensokyo:3_Boulders","floor":39,"turns":3},{"damage":12,"enemies":"Gensokyo:Doremy","floor":40,"turns":6},{"damage":10,"enemies":"Gensokyo:Dusk_and_Dawn","floor":42,"turns":3},{"damage":10,"enemies":"Gensokyo:AtlasGolem","floor":44,"turns":4},{"damage":11,"enemies":"Gensokyo:Sharpion","floor":46,"turns":5},{"damage":70,"enemies":"Gensokyo:Kasen","floor":48,"turns":8},{"damage":129,"enemies":"Gensokyo:Scarlet_Devils","floor":50,"turns":6}],"seed_played":"8121274375025902559","potions_obtained":[{"floor":1,"key":"LiquidBronze"},{"floor":6,"key":"MagicPotion:ReiMu"},{"floor":7,"key":"DestinyDice"},{"floor":7,"key":"FearPotion"},{"floor":16,"key":"Toxic Potion"},{"floor":21,"key":"SneckoOil"},{"floor":39,"key":"GrandPatriotsElixir:ReiMu"},{"floor":46,"key":"BlessingOfTheForge"},{"floor":48,"key":"ColorlessPotion"}],"is_trial":false,"path_per_floor":["M","M","M","$","?","E","?","R","T","R","M","?","M","$","R","B",null,"M","?","$","M","COS","?","?","E","T","R","M","M","M","?","R","B",null,"M","?","?","?","M","E","R","M","T","M","T","M","R","E","R","B"],"character_chosen":"REMILIA","items_purchased":["BombardNight","Guide Book","Ultimatum","DiffusionOfMisfortune","Septette"],"campfire_rested":4,"item_purchase_floors":[14,14,14,20,20],"current_hp_per_floor":[75,75,75,75,75,51,21,43,43,43,50,50,38,38,60,51,75,58,58,58,55,55,55,55,28,35,57,59,52,53,53,53,50,76,65,65,65,65,65,76,76,74,74,79,79,71,71,18,43,0,0],"gold":485,"neow_bonus":"THREE_ENEMY_KILL","is_daily":false,"chose_seed":false,"campfire_upgraded":2,"win_rate":0.0,"timestamp":1609731037,"path_taken":["M","M","M","$","?","E","?","R","T","R","M","?","?","?","R","BOSS","M","?","$","M","COS","?","?","E","T","R","M","M","?","?","R","BOSS","M","?","?","?","M","E","R","M","T","?","?","?","R","E","R","BOSS"],"items_purchased_type":["Card","Relic","Card","Card","Card"],"build_version":"2020-12-22","purchased_purges":0,"victory":false,"max_hp_per_floor":[75,75,75,75,75,75,75,75,75,75,75,75,75,75,75,75,75,75,69,69,69,69,69,69,69,76,76,76,76,76,76,76,76,76,76,76,76,76,76,76,76,76,76,79,79,82,82,85,85,85,85],"card_choices":[{"not_picked":["AfternoonTea","VampireClaw"],"picked":"UnstableMagic","floor":1},{"not_picked":["NightLord","DiffusionOfMisfortune"],"picked":"VampirishNight","floor":2},{"not_picked":["VampireFantasy","RedRainbow"],"picked":"BombardNight","floor":3},{"not_picked":["UnderTheZenith","FavorOfDestiny"],"picked":"ScarletDevil","floor":6},{"not_picked":["RedRainbow","NightDance"],"picked":"UnstableMagic","floor":7},{"not_picked":["ScarletGensokyo","BadLadyScramble"],"picked":"VampireKiss","floor":11},{"not_picked":["ChainGang","BloodyTrap"],"picked":"ScarletImprint","floor":13},{"not_picked":["TransientEternity","ScarletMeister"],"picked":"HeartBreak","floor":16},{"not_picked":["UltimateOffering","VampireSweep"],"picked":"FavorOfDestiny+1","floor":18},{"not_picked":["RedMagic","VampireKiss"],"picked":"BloodHunter","floor":21},{"not_picked":["LeisurelyOfLord","ScarletDevil"],"picked":"UnderTheZenith+1","floor":25},{"not_picked":["EndlessAdversity","Maim"],"picked":"Stigmanizer+1","floor":28},{"not_picked":["BloodHunter","CharismaGuard"],"picked":"ScarletDream","floor":28},{"not_picked":["ChainGang","ScarletDevil+1"],"picked":"BlasphemousPunishment+1","floor":29},{"not_picked":["EternalNight","ReincarnationDial"],"picked":"StarOfDavid","floor":29},{"not_picked":["UnderTheZenith+1","BloodHunter"],"picked":"TwelveNightmare+1","floor":30},{"not_picked":[],"picked":"Gensokyo:ShootingStar","floor":33},{"not_picked":["BloodyCatastrophe","BloodRain"],"picked":"ForecastOfChange","floor":33},{"not_picked":["BombardNight","UnstableMagic"],"picked":"VampireSweep+1","floor":35},{"not_picked":["Gensokyo:Dawn","Gensokyo:LifeSpringInfinity"],"picked":"Gensokyo:MorningStar","floor":38},{"not_picked":["BloodHunter","NightLord+1"],"picked":"DiffusionOfMisfortune+1","floor":39},{"not_picked":["VampireFantasy+1","BloodyTrap"],"picked":"EndlessAdversity+1","floor":40},{"not_picked":["VampireKiss+1","UnderTheZenith+1"],"picked":"EndlessAdversity+1","floor":42},{"not_picked":["MastersStateliness+1","EndlessAdversity+1"],"picked":"VampireSweep+1","floor":44},{"not_picked":["BloodAndWine+1","VampireKiss"],"picked":"ScarletNetherworld","floor":46},{"not_picked":["StarOfDavid+1","HeartBreak"],"picked":"Stigmanizer","floor":48}],"player_experience":129880,"relics_obtained":[{"floor":6,"key":"RedBat"},{"floor":7,"key":"Bronze Scales"},{"floor":25,"key":"Iron Hammer"},{"floor":25,"key":"Replay:Baseball"},{"floor":26,"key":"Strawberry"},{"floor":32,"key":"StrikeDummy"},{"floor":40,"key":"Toy Ornithopter"},{"floor":40,"key":"Bag of Marbles"},{"floor":43,"key":"Replay:Ringing Soul"},{"floor":45,"key":"Mummified Hand"},{"floor":48,"key":"Gungnir"},{"floor":48,"key":"Darkstone Periapt"}],"event_choices":[],"is_beta":false,"boss_relics":[{"not_picked":["Painkiller Herb","Sozu"],"picked":"Black Star"},{"not_picked":["Busted Crown","Replay:Wanted Poster"],"picked":"RedLine:ReiMu"}],"items_purged_floors":[],"is_endless":false,"potions_floor_spawned":[1,6,16,21,30,39,46,48],"killed_by":"Gensokyo:Scarlet_Devils","ascension_level":0}}