{"host":"dhlnk6yox2l1s6up","time":1609727600,"event":{"mods":["BaseMod","Colored Map","Highlight Path","Minty Spire (QoL Compilation)","Relic Stats","StSLib"],"gold_per_floor":[212,212,14,89,89,89,119,119,188,207,236,236,266,286,286,383,383,396,306,321,13,29,29,43,62,62,72,86,121,45,79,79,181,181,195,195,206,216,34,34,62,62,62,78,113,113,28,59,59,59,59],"floor_reached":50,"playtime":6566,"items_purged":["Strike_G"],"score":858,"play_id":"27064976-dbfe-45ac-949a-1d2a5f4366a6","local_time":"20210103203320","is_ascension_mode":true,"campfire_choices":[{"data":"Predator","floor":6.0,"key":"SMITH"},{"data":"Blade Dance","floor":12.0,"key":"SMITH"},{"floor":15.0,"key":"REST"},{"data":"Envenom","floor":23,"key":"SMITH"},{"floor":32,"key":"REST"},{"floor":40,"key":"RECALL"},{"floor":46,"key":"REST"},{"data":"Footwork","floor":49,"key":"SMITH"}],"circlet_count":0,"master_deck":["Strike_G","Strike_G","Defend_G","Defend_G","Defend_G","Survivor","Neutralize","Dagger Throw+1","Cloak And Dagger","Blade Dance+1","Finisher","Tactician","Envenom+1","Backstab","Well Laid Plans","Backflip","Prepared","Acrobatics+1","Accuracy","Sucker Punch+1","Bullet Time","Escape Plan","Footwork+1","Tactician","Adrenaline","Crippling Poison+1","PiercingWail","Acrobatics","Backflip","PiercingWail+1","Blade Dance+1","Trip","Prepared+1"],"relics":["Ring of the Snake","Matryoshka","Strawberry","Question Card","Turnip","Bag of Marbles","HoveringKite","Pen Nib","MealTicket","HornCleat","Peace Pipe","WristBlade","Bag of Preparation","Ginger","Regal Pillow","Gremlin Horn","Calipers"],"acts_visited":["Exordium","TheCity","TheBeyond"],"potions_floor_usage":[25,28,33,38,50,50],"damage_taken":[{"damage":1.0,"enemies":"Cultist","floor":1.0,"turns":5.0},{"damage":18.0,"enemies":"Gremlin Nob","floor":7.0,"turns":4.0},{"damage":0.0,"enemies":"Jaw Worm","floor":10.0,"turns":3.0},{"damage":17.0,"enemies":"3 Sentries","floor":11.0,"turns":8.0},{"damage":17.0,"enemies":"Lagavulin","floor":13.0,"turns":5.0},{"damage":0.0,"enemies":"Small Slimes","floor":14.0,"turns":1.0},{"damage":21.0,"enemies":"Slime Boss","floor":16.0,"turns":8.0},{"damage":0.0,"enemies":"Spheric Guardian","floor":18.0,"turns":3.0},{"damage":2.0,"enemies":"Shell Parasite","floor":20.0,"turns":4.0},{"damage":1,"enemies":"Shelled Parasite and Fungi","floor":22,"turns":3},{"damage":0,"enemies":"Centurion and Healer","floor":24,"turns":2},{"damage":0,"enemies":"Snake Plant","floor":25,"turns":2},{"damage":7,"enemies":"Cultist and Chosen","floor":27,"turns":4},{"damage":0,"enemies":"Centurion and Healer","floor":28,"turns":1},{"damage":24,"enemies":"Book of Stabbing","floor":29,"turns":4},{"damage":24,"enemies":"Gremlin Leader","floor":31,"turns":6},{"damage":14,"enemies":"Collector","floor":33,"turns":9},{"damage":19,"enemies":"3 Darklings","floor":35,"turns":7},{"damage":0,"enemies":"3 Shapes","floor":37,"turns":2},{"damage":4,"enemies":"Transient","floor":38,"turns":5},{"damage":45,"enemies":"Nemesis","floor":41,"turns":7},{"damage":0,"enemies":"Writhing Mass","floor":44,"turns":4},{"damage":0,"enemies":"Giant Head","floor":45,"turns":5},{"damage":1,"enemies":"Nemesis","floor":48,"turns":5},{"damage":90,"enemies":"Time Eater","floor":50,"turns":10}],"seed_played":"7960126800214467911","potions_obtained":[{"floor":11.0,"key":"EntropicBrew"},{"floor":13.0,"key":"DuplicationPotion"},{"floor":18.0,"key":"PowerPotion"},{"floor":24,"key":"AttackPotion"},{"floor":25,"key":"Ancient Potion"},{"floor":28,"key":"LiquidBronze"},{"floor":31,"key":"SpeedPotion"},{"floor":35,"key":"AttackPotion"},{"floor":37,"key":"GhostInAJar"},{"floor":44,"key":"SpeedPotion"}],"is_trial":false,"path_per_floor":["M","?","$","?","?","R","E","?","T","M","E","R","E","M","R","B",null,"M","?","M","$","M","R","M","M","T","M","M","E","$","E","R","B",null,"M","?","M","M","$","R","E","?","T","M","E","R","$","E","R","B"],"character_chosen":"THE_SILENT","items_purchased":["Predator","Cloak And Dagger","Well Laid Plans","Pen Nib","Backflip","Explosive Potion","Footwork","Bag of Preparation","Backflip","Trip"],"campfire_rested":3,"item_purchase_floors":[3,3,21,21,21,21,30,39,39,47],"current_hp_per_floor":[62,67,67,56,49,49,31,31,38,38,21,21,4,4,28,7,63,63,63,61,61,60,60,60,60,60,53,53,29,44,20,44,30,69,50,50,50,46,61,61,16,16,16,16,16,55,70,69,69,0,0],"gold":59,"neow_bonus":"HUNDRED_GOLD","is_daily":false,"chose_seed":false,"campfire_upgraded":4,"win_rate":0.0,"timestamp":1609727600,"path_taken":["M","?","$","?","?","R","E","?","T","?","E","R","E","M","R","BOSS","M","?","M","$","M","R","M","M","T","M","?","E","?","E","R","BOSS","M","?","M","M","$","R","E","?","T","?","E","R","$","E","R","BOSS"],"items_purchased_type":["Card","Card","Card","Relic","Card","Potion","Card","Relic","Card","Card"],"build_version":"2020-12-22","purchased_purges":1,"victory":false,"max_hp_per_floor":[70,75,75,75,75,75,75,75,82,82,82,82,82,82,82,82,82,82,82,82,82,82,82,82,82,82,82,82,82,82,82,82,82,82,82,82,82,82,82,82,82,82,82,82,82,82,82,82,82,82,82],"relic_stats":{"Regal Pillow":15,"Gremlin Horn":[0,0],"counters":[25,117],"HoveringKite":[47],"Pen Nib":[23],"Bag of Preparation":[10],"Ginger":[7],"Question Card":22,"Peace Pipe":0,"MealTicket":45,"Turnip":[16],"obtain_stats":[{"Regal Pillow":43,"Calipers":48,"Gremlin Horn":45,"HoveringKite":17,"Pen Nib":21,"Bag of Preparation":39,"Ginger":41,"Question Card":9,"Peace Pipe":31,"Matryoshka":7,"HornCleat":29,"WristBlade":34,"Strawberry":9,"MealTicket":26,"Turnip":11,"Bag of Marbles":13,"Ring of the Snake":0},{"Regal Pillow":21,"Calipers":24,"Gremlin Horn":23,"HoveringKite":7,"Pen Nib":9,"Bag of Preparation":20,"Ginger":21,"Question Card":2,"Peace Pipe":16,"Matryoshka":2,"HornCleat":15,"WristBlade":17,"Strawberry":2,"MealTicket":12,"Turnip":4,"Bag of Marbles":5,"Ring of the Snake":0},{"Regal Pillow":93,"Calipers":107,"Gremlin Horn":102,"HoveringKite":34,"Pen Nib":41,"Bag of Preparation":86,"Ginger":93,"Question Card":9,"Peace Pipe":63,"Matryoshka":9,"HornCleat":57,"WristBlade":72,"Strawberry":9,"MealTicket":48,"Turnip":20,"Bag of Marbles":25,"Ring of the Snake":0}],"Ring of the Snake":[50]},"card_choices":[{"not_picked":["Deadly Poison","Quick Slash"],"picked":"Dagger Throw","floor":1.0},{"not_picked":["Slice","Dagger Throw","Cloak And Dagger"],"picked":"SKIP","floor":7.0},{"not_picked":["Quick Slash","Bane","Endless Agony"],"picked":"Blade Dance","floor":10.0},{"not_picked":["Catalyst","Masterful Stab","Grand Finale"],"picked":"Finisher","floor":11.0},{"not_picked":["Night Terror","Sucker Punch","Phantasmal Killer","Eviscerate"],"picked":"SKIP","floor":13.0},{"not_picked":["Poisoned Stab","Masterful Stab","Blade Dance"],"picked":"Tactician","floor":14.0},{"not_picked":["Phantasmal Killer","Doppelganger","Storm of Steel"],"picked":"Envenom","floor":16.0},{"not_picked":["Bane","Blade Dance","Underhanded Strike+1","Outmaneuver"],"picked":"SKIP","floor":18.0},{"not_picked":["Escape Plan","Flechettes","Concentrate"],"picked":"Backstab","floor":20.0},{"not_picked":["Deflect+1","Flechettes","Cloak And Dagger"],"picked":"Prepared","floor":22},{"not_picked":["Sucker Punch","Underhanded Strike","Caltrops"],"picked":"Acrobatics+1","floor":24},{"not_picked":["Flechettes","All Out Attack","Concentrate+1"],"picked":"Accuracy","floor":25},{"not_picked":["Quick Slash","Bouncing Flask","Dash"],"picked":"Sucker Punch+1","floor":27},{"not_picked":["Bane","Dodge and Roll","Backflip"],"picked":"Bullet Time","floor":28},{"not_picked":["Bane+1","Blur","Quick Slash+1"],"picked":"Escape Plan","floor":29},{"not_picked":["Heel Hook+1","Riddle With Holes","Prepared"],"picked":"Tactician","floor":31},{"not_picked":["Bullet Time","Unload","Glass Knife"],"picked":"Adrenaline","floor":33},{"not_picked":["Underhanded Strike","Expertise","Backflip"],"picked":"Crippling Poison+1","floor":35},{"not_picked":["Concentrate","Terror+1","Deadly Poison+1"],"picked":"PiercingWail","floor":37},{"not_picked":["Catalyst","Flying Knee","Flechettes+1"],"picked":"Acrobatics","floor":38},{"not_picked":["Deadly Poison","Distraction","Bullet Time","Choke"],"picked":"SKIP","floor":41},{"not_picked":["Deflect","Quick Slash","Infinite Blades"],"picked":"PiercingWail+1","floor":44},{"not_picked":["Deflect","Poisoned Stab+1","Noxious Fumes+1"],"picked":"Blade Dance+1","floor":45},{"not_picked":["Riddle With Holes+1","Sucker Punch+1","Heel Hook+1"],"picked":"Prepared+1","floor":48}],"player_experience":5730930,"relics_obtained":[{"floor":7.0,"key":"Matryoshka"},{"floor":9.0,"key":"Strawberry"},{"floor":9.0,"key":"Question Card"},{"floor":11.0,"key":"Turnip"},{"floor":13.0,"key":"Bag of Marbles"},{"floor":26,"key":"MealTicket"},{"floor":29,"key":"HornCleat"},{"floor":31,"key":"Peace Pipe"},{"floor":41,"key":"Ginger"},{"floor":43,"key":"Regal Pillow"},{"floor":45,"key":"Gremlin Horn"},{"floor":48,"key":"Calipers"}],"event_choices":[{"damage_healed":0.0,"max_hp_gain":5.0,"max_hp_loss":0.0,"gold_gain":0.0,"event_name":"Big Fish","player_choice":"Donut","floor":2.0,"gold_loss":0.0,"damage_taken":0.0},{"damage_healed":0.0,"max_hp_gain":0.0,"max_hp_loss":0.0,"gold_gain":75.0,"event_name":"World of Goop","player_choice":"Gather Gold","floor":4.0,"gold_loss":0.0,"damage_taken":11.0},{"cards_removed":["Defend_G"],"damage_healed":0.0,"max_hp_gain":0.0,"max_hp_loss":0.0,"gold_gain":0.0,"event_name":"Golden Wing","player_choice":"Card Removal","floor":5.0,"gold_loss":0.0,"damage_taken":7.0},{"cards_removed":["Defend_G"],"damage_healed":0.0,"max_hp_gain":0.0,"max_hp_loss":0.0,"gold_gain":0.0,"event_name":"Purifier","player_choice":"Purged","floor":8.0,"gold_loss":0.0,"damage_taken":0.0},{"cards_removed":["Strike_G"],"damage_healed":0.0,"max_hp_gain":0.0,"max_hp_loss":0.0,"gold_gain":0.0,"event_name":"Designer","player_choice":"Upgrade and Remove","floor":19.0,"gold_loss":90.0,"damage_taken":0.0,"cards_upgraded":["Dagger Throw"]},{"cards_removed":["Predator"],"damage_healed":0,"gold_gain":0,"player_choice":"Removed Attack","damage_taken":0,"max_hp_gain":0,"max_hp_loss":0,"event_name":"Falling","floor":36,"gold_loss":0},{"cards_removed":["Strike_G"],"damage_healed":0,"gold_gain":0,"player_choice":"Purged","damage_taken":0,"max_hp_gain":0,"max_hp_loss":0,"event_name":"Purifier","floor":42,"gold_loss":0}],"is_beta":false,"boss_relics":[{"not_picked":["Cursed Key","Pandora\u0027s Box"],"picked":"HoveringKite"},{"not_picked":["SacredBark","Velvet Choker"],"picked":"WristBlade"}],"items_purged_floors":[3],"is_endless":false,"potions_floor_spawned":[11,13,18,24,25,28,31,35,37,44],"killed_by":"Time Eater","ascension_level":8}}