{"host":"7pe9xwx78c6nlay8","time":1609774156,"event":{"mods":["BaseMod","Minty Spire (QoL Compilation)"],"gold_per_floor":[112,37,37,187,58,92,92,102,150,150,168,196,224,236,248,260,260],"floor_reached":16,"playtime":408,"items_purged":["Doubt"],"score":257,"play_id":"fa09669b-b9ee-4b29-a7f7-54a52ebda609","local_time":"20210104232916","is_ascension_mode":true,"campfire_choices":[{"data":"Vigilance","floor":7,"key":"SMITH"},{"data":"Worship","floor":10,"key":"SMITH"},{"floor":15,"key":"REST"}],"circlet_count":0,"master_deck":["AscendersBane","Strike_P","Strike_P","Strike_P","Strike_P","Defend_P","Defend_P","Defend_P","Eruption+1","Vigilance+1","Worship+1","Consecrate","Collect","JustLucky","JustLucky","TalkToTheHand","LikeWater"],"relics":["PureWater","NeowsBlessing","Toy Ornithopter","Vajra","MawBank"],"acts_visited":["Exordium"],"potions_floor_usage":[12,14],"damage_taken":[{"damage":0,"enemies":"Jaw Worm","floor":1,"turns":1},{"damage":0,"enemies":"3 Sentries","floor":6,"turns":1},{"damage":0,"enemies":"2 Louse","floor":8,"turns":1},{"damage":0,"enemies":"Small Slimes","floor":11,"turns":2},{"damage":38,"enemies":"Lagavulin","floor":12,"turns":7},{"damage":27,"enemies":"Exordium Wildlife","floor":13,"turns":6},{"damage":0,"enemies":"Gremlin Nob","floor":14,"turns":2},{"damage":29,"enemies":"The Guardian","floor":16,"turns":5}],"seed_played":"6320554545682128219","potions_obtained":[{"floor":8,"key":"SneckoOil"},{"floor":11,"key":"SmokeBomb"}],"is_trial":false,"path_per_floor":["M","?","?","?","$","E","R","M","T","R","M","E","M","E","R","B"],"character_chosen":"WATCHER","items_purchased":["Consecrate"],"campfire_rested":1,"item_purchase_floors":[5],"current_hp_per_floor":[61,61,61,61,61,61,61,61,61,61,61,28,1,6,26,0,0],"gold":260,"neow_bonus":"THREE_ENEMY_KILL","is_daily":false,"chose_seed":false,"campfire_upgraded":2,"win_rate":0.0,"timestamp":1609774156,"path_taken":["M","?","?","?","$","E","R","M","T","R","M","E","?","E","R","BOSS"],"items_purchased_type":["Card"],"build_version":"2020-12-22","purchased_purges":1,"victory":false,"max_hp_per_floor":[68,68,68,68,68,68,68,68,68,68,68,68,68,68,68,68,68],"card_choices":[{"not_picked":["FlyingSleeves","WreathOfFlame"],"picked":"Worship","floor":1},{"not_picked":["BowlingBash","Crescendo"],"picked":"Collect","floor":6},{"not_picked":["FlurryOfBlows","Prostrate"],"picked":"JustLucky","floor":8},{"not_picked":["Sanctity","FlyingSleeves"],"picked":"JustLucky","floor":11},{"not_picked":["FlyingSleeves","EmptyBody"],"picked":"TalkToTheHand","floor":12},{"not_picked":["FlyingSleeves","SashWhip"],"picked":"LikeWater","floor":13}],"player_experience":1603944,"relics_obtained":[{"floor":6,"key":"Toy Ornithopter"},{"floor":9,"key":"Vajra"},{"floor":12,"key":"MawBank"}],"event_choices":[{"cards_removed":["Defend_P"],"damage_healed":0,"gold_gain":0,"player_choice":"Card Removal","damage_taken":0,"max_hp_gain":0,"max_hp_loss":0,"event_name":"The Cleric","floor":2,"gold_loss":75},{"damage_healed":0,"gold_gain":0,"player_choice":"Grow","damage_taken":0,"max_hp_gain":0,"max_hp_loss":0,"event_name":"Living Wall","floor":3,"gold_loss":0,"cards_upgraded":["Eruption"]},{"damage_healed":0,"gold_gain":150,"player_choice":"AGREE","damage_taken":0,"max_hp_gain":0,"max_hp_loss":0,"event_name":"Liars Game","floor":4,"gold_loss":0,"cards_obtained":["Doubt"]}],"is_beta":false,"boss_relics":[],"items_purged_floors":[5],"is_endless":false,"potions_floor_spawned":[8,11,14],"killed_by":"The Guardian","ascension_level":16}}