{"host":"rolltorest","time":1609723028,"event":{"mods":["BaseMod","Minty Spire (QoL Compilation)","Relic Stats","Slay the Relics Exporter","StSLib","The Servant 0.9.4"],"gold_per_floor":[118,118,39,114,114,143,143,154,154,179,179,206,223,1,1,73,73,83,83,93,170,9,9,40,11,11,73,98,98,98],"floor_reached":29,"playtime":625,"items_purged":["Strike_S"],"score":604,"play_id":"d13a6c26-92b8-484b-9440-fdc071576a9d","local_time":"20210103171708","is_ascension_mode":true,"campfire_choices":[{"data":"PendulumOfEternity","floor":7,"key":"SMITH"},{"floor":11,"key":"REST"},{"data":"Sunlight","floor":15,"key":"SMITH"},{"data":"Deny","floor":23,"key":"SMITH"}],"circlet_count":0,"master_deck":["AscendersBane","Strike_S","Strike_S","Defend_S","Defend_S","Defend_S","Defend_S","KidneyShot","Exchange","TimeWarp","Potential","BottledTime","PendulumOfEternity+1","DualDimension","Moonlight","Unruled","Advance","Advance","ShatteredReality","Sunlight+1","Deny+1","ShiftingGears","Starlight","Moondial","TimeTheft","Embodiment","Advance+1","Hightail"],"relics":["SplendidAttire","NeowsBlessing","Tiny Chest","StrikeDummy","Ornamental Fan","Art of War","SsserpentHead","Vajra","Happy Flower","Pocketwatch","Darkstone Periapt"],"acts_visited":["Exordium","TheCity"],"potions_floor_usage":[10,16,20,24,27,28],"damage_taken":[{"damage":0,"enemies":"Jaw Worm","floor":1,"turns":1},{"damage":0,"enemies":"Gremlin Nob","floor":6,"turns":1},{"damage":0,"enemies":"Cultist","floor":8,"turns":1},{"damage":21,"enemies":"3 Sentries","floor":10,"turns":8},{"damage":13,"enemies":"Gremlin Nob","floor":12,"turns":4},{"damage":0,"enemies":"Small Slimes","floor":13,"turns":1},{"damage":8,"enemies":"The Guardian","floor":16,"turns":8},{"damage":0,"enemies":"Spheric Guardian","floor":18,"turns":3},{"damage":11,"enemies":"Shell Parasite","floor":20,"turns":2},{"damage":10,"enemies":"Book of Stabbing","floor":24,"turns":2},{"damage":1,"enemies":"Snecko","floor":27,"turns":5},{"damage":25,"enemies":"Slavers","floor":28,"turns":4},{"damage":0,"enemies":"Centurion and Healer","floor":29,"turns":1}],"seed_played":"4719722927110324085","potions_obtained":[{"floor":6,"key":"DistilledChaos"},{"floor":12,"key":"Strength Potion"},{"floor":13,"key":"DistilledChaos"},{"floor":16,"key":"LiquidMemories"},{"floor":18,"key":"Fire Potion"},{"floor":20,"key":"Explosive Potion"},{"floor":24,"key":"SkillPotion"},{"floor":27,"key":"Regen Potion"}],"is_trial":false,"path_per_floor":["M","?","$","?","?","E","R","M","T","E","R","E","M","$","R","B",null,"M","?","M","T","$","R","E","$","T","M","E","M"],"character_chosen":"THE_SERVANT","items_purchased":["Potential","BottledTime","ShatteredReality","Sunlight","Moondial","Embodiment"],"campfire_rested":1,"item_purchase_floors":[3,3,14,14,22,25],"current_hp_per_floor":[54,47,47,36,36,36,36,36,36,15,33,20,20,20,20,12,48,48,48,37,37,37,37,27,27,27,26,1,1,1],"gold":98,"neow_bonus":"THREE_ENEMY_KILL","is_daily":false,"chose_seed":false,"campfire_upgraded":3,"win_rate":0.0,"timestamp":1609723028,"path_taken":["M","?","$","?","?","E","R","?","T","E","R","E","M","?","R","BOSS","M","?","M","?","$","R","E","?","T","?","E","M"],"items_purchased_type":["Card","Card","Card","Card","Card","Card"],"build_version":"2020-12-18","purchased_purges":1,"victory":false,"max_hp_per_floor":[60,60,60,60,60,60,60,60,60,60,60,60,60,60,60,60,60,60,60,60,60,60,60,60,60,60,60,60,60,60],"relic_stats":{"Darkstone Periapt":0,"SsserpentHead":150,"Happy Flower":[3],"counters":[13,41],"Ornamental Fan":[48],"Tiny Chest":1,"Art of War":[2],"obtain_stats":[{"Darkstone Periapt":28,"SsserpentHead":19,"SplendidAttire":17,"NeowsBlessing":0,"Happy Flower":24,"Ornamental Fan":10,"Vajra":21,"Tiny Chest":6,"Uniform":0,"Art of War":12,"StrikeDummy":9,"Pocketwatch":26},{"Darkstone Periapt":12,"SsserpentHead":8,"SplendidAttire":7,"NeowsBlessing":0,"Happy Flower":10,"Ornamental Fan":4,"Vajra":9,"Tiny Chest":2,"Uniform":0,"Art of War":5,"StrikeDummy":3,"Pocketwatch":10},{"Darkstone Periapt":40,"SsserpentHead":27,"SplendidAttire":24,"NeowsBlessing":0,"Happy Flower":31,"Ornamental Fan":11,"Vajra":29,"Tiny Chest":2,"Uniform":0,"Art of War":15,"StrikeDummy":3,"Pocketwatch":31}],"Pocketwatch":[9]},"card_choices":[{"not_picked":["Alleviate","Potential"],"picked":"TimeWarp","floor":1},{"not_picked":["BottledTime","Potential"],"picked":"DualDimension","floor":6},{"not_picked":["BottledTime","Alleviate"],"picked":"Moonlight","floor":8},{"not_picked":["Advance","Collapse"],"picked":"Unruled","floor":10},{"not_picked":["Desolation","Duplication"],"picked":"Advance","floor":12},{"not_picked":["Revamp","FastForward"],"picked":"Advance","floor":13},{"not_picked":["MurderousAura","Embodiment"],"picked":"Deny","floor":16},{"not_picked":["Ricochet","Foresight"],"picked":"ShiftingGears","floor":18},{"not_picked":["BestPractice","Defy"],"picked":"Starlight","floor":20},{"not_picked":["FastForward","Deadline+1"],"picked":"TimeTheft","floor":24},{"not_picked":["Starlight","Deadline"],"picked":"Advance+1","floor":27},{"not_picked":["ShatteredReality+1","StarChef"],"picked":"Hightail","floor":28}],"player_experience":1914198,"relics_obtained":[{"floor":6,"key":"Tiny Chest"},{"floor":9,"key":"StrikeDummy"},{"floor":10,"key":"Ornamental Fan"},{"floor":12,"key":"Art of War"},{"floor":21,"key":"Vajra"},{"floor":24,"key":"Happy Flower"},{"floor":26,"key":"Pocketwatch"},{"floor":28,"key":"Darkstone Periapt"}],"event_choices":[{"cards_removed":["Strike_S"],"damage_healed":0,"gold_gain":0,"player_choice":"Card Removal","damage_taken":7,"max_hp_gain":0,"max_hp_loss":0,"event_name":"Golden Wing","floor":2,"gold_loss":0},{"damage_healed":0,"gold_gain":75,"player_choice":"Gather Gold","damage_taken":11,"max_hp_gain":0,"max_hp_loss":0,"event_name":"World of Goop","floor":4,"gold_loss":0},{"damage_healed":0,"gold_gain":0,"player_choice":"1 cards matched","damage_taken":0,"max_hp_gain":0,"max_hp_loss":0,"event_name":"Match and Keep!","floor":5,"gold_loss":0,"cards_obtained":["PendulumOfEternity"]},{"damage_healed":0,"gold_gain":0,"player_choice":"Trade","damage_taken":0,"relics_obtained":["SsserpentHead"],"max_hp_gain":0,"max_hp_loss":0,"event_name":"FaceTrader","floor":19,"gold_loss":0}],"is_beta":true,"boss_relics":[{"not_picked":["Ectoplasm","SacredBark"],"picked":"SplendidAttire"}],"items_purged_floors":[22],"is_endless":false,"potions_floor_spawned":[6,12,13,16,18,20,24,27],"killed_by":"Centurion and Healer","ascension_level":20}}