{"host":"qj91dvco5uhu9oti","time":1609754729,"event":{"mods":["BaseMod","Colored Map","Keyboard Shortcuts","Minty Spire (QoL Compilation)","Permanent Neow","Relic Stats","StSLib","SuperFastMode","everything is the same but u backflip on backflip"],"gold_per_floor":[110,129,204,36,36,36,62,62,116,116,133,148,178,190,190,288,288,273,273,285,384,49,49,77,39,39,39,70,82,92,92,92,190,190,205,255,255,4,23,23,23,23,77,130,148,148,167,178,178,178],"floor_reached":51,"playtime":2610,"items_purged":["Defend_B","Defend_B"],"score":1318,"play_id":"c0ced430-ca95-4cf5-a6e8-060d8d2d48a9","local_time":"20210104190529","is_ascension_mode":true,"campfire_choices":[{"data":"Chill","floor":6.0,"key":"SMITH"},{"floor":8.0,"key":"REST"},{"data":"Loop","floor":15.0,"key":"SMITH"},{"data":"Buffer","floor":23.0,"key":"SMITH"},{"data":"Biased Cognition","floor":27.0,"key":"SMITH"},{"data":"Capacitor","floor":32.0,"key":"SMITH"},{"data":"Hologram","floor":40.0,"key":"SMITH"},{"data":"Panacea","floor":42.0,"key":"SMITH"},{"data":"Chaos","floor":46.0,"key":"SMITH"},{"data":"Zap","floor":49.0,"key":"SMITH"}],"circlet_count":0,"master_deck":["AscendersBane","Zap+1","Dualcast","Rip and Tear","Hologram+1","Loop+1","Chill+1","Cold Snap","Turbo","Biased Cognition+1","Compile Driver","Coolheaded","Barrage","Buffer+1","Self Repair","Doom and Gloom","Coolheaded+1","Ball Lightning+1","Capacitor+1","Hologram+1","Biased Cognition","Cold Snap+1","Thinking Ahead","Panacea+1","Storm","Chaos+1"],"relics":["FrozenCore","Orrery","Lantern","Turnip","Juzu Bracelet","Symbiotic Virus","Empty Cage","Mummified Hand","CaptainsWheel","Matryoshka","Vajra","TungstenRod","Runic Capacitor","Bag of Preparation","Akabeko","Lizard Tail"],"acts_visited":["Exordium","TheCity","TheBeyond"],"potions_floor_usage":[50,50],"damage_taken":[{"damage":1.0,"enemies":"Cultist","floor":1.0,"turns":3.0},{"damage":9.0,"enemies":"Jaw Worm","floor":2.0,"turns":2.0},{"damage":12.0,"enemies":"Lagavulin","floor":7.0,"turns":6.0},{"damage":0.0,"enemies":"Small Slimes","floor":11.0,"turns":2.0},{"damage":0.0,"enemies":"2 Fungi Beasts","floor":12.0,"turns":2.0},{"damage":0.0,"enemies":"3 Sentries","floor":13.0,"turns":9.0},{"damage":1.0,"enemies":"Blue Slaver","floor":14.0,"turns":3.0},{"damage":0.0,"enemies":"The Guardian","floor":16.0,"turns":12.0},{"damage":21.0,"enemies":"2 Thieves","floor":18.0,"turns":4.0},{"damage":0.0,"enemies":"Spheric Guardian","floor":20.0,"turns":3.0},{"damage":9.0,"enemies":"Book of Stabbing","floor":24.0,"turns":5.0},{"damage":0.0,"enemies":"Gremlin Leader","floor":28.0,"turns":5.0},{"damage":0.0,"enemies":"Centurion and Healer","floor":29.0,"turns":5.0},{"damage":11.0,"enemies":"Snake Plant","floor":30.0,"turns":4.0},{"damage":7.0,"enemies":"Champ","floor":33.0,"turns":10.0},{"damage":0.0,"enemies":"3 Darklings","floor":35.0,"turns":6.0},{"damage":0.0,"enemies":"Mind Bloom Boss Battle","floor":36.0,"turns":6.0},{"damage":0.0,"enemies":"3 Shapes","floor":39.0,"turns":4.0},{"damage":0.0,"enemies":"2 Orb Walkers","floor":44.0,"turns":4.0},{"damage":0.0,"enemies":"Maw","floor":45.0,"turns":5.0},{"damage":0.0,"enemies":"Jaw Worm Horde","floor":47.0,"turns":4.0},{"damage":7.0,"enemies":"Transient","floor":48.0,"turns":5.0},{"damage":0,"enemies":"Donu and Deca","floor":50,"turns":5}],"seed_played":"-8160871958799893110","potions_obtained":[{"floor":2.0,"key":"LiquidBronze"},{"floor":12.0,"key":"SkillPotion"},{"floor":16.0,"key":"PotionOfCapacity"},{"floor":20.0,"key":"FocusPotion"},{"floor":24.0,"key":"DuplicationPotion"},{"floor":33.0,"key":"DistilledChaos"},{"floor":44.0,"key":"PotionOfCapacity"},{"floor":48.0,"key":"FocusPotion"}],"is_trial":false,"path_per_floor":["M","M","?","$","?","R","E","R","T","?","M","M","E","M","R","B",null,"M","?","M","?","$","R","E","$","T","R","E","M","M","?","R","B",null,"M","?","?","$","M","R","?","R","T","?","M","R","M","M","R","B",null],"character_chosen":"DEFECT","items_purchased":["Orrery","Compile Driver","Mummified Hand","Capacitor","Runic Capacitor"],"campfire_rested":1,"item_purchase_floors":[4,4,22,25,38],"current_hp_per_floor":[49,40,29,29,29,29,17,39,39,32,32,32,32,31,31,38,66,52,52,59,59,59,59,57,57,57,57,64,71,67,53,53,53,73,80,80,76,76,76,76,67,67,67,74,76,76,76,76,76,76],"gold":178,"neow_bonus":"TRANSFORM_TWO_CARDS","is_daily":false,"chose_seed":false,"campfire_upgraded":9,"win_rate":0.0,"timestamp":1609754729,"path_taken":["M","M","?","$","?","R","E","R","T","?","M","M","E","M","R","BOSS","M","?","M","?","$","R","E","$","T","R","E","M","M","?","R","BOSS","M","?","?","$","M","R","?","R","T","?","M","R","M","M","R","BOSS"],"items_purchased_type":["Relic","Card","Relic","Card","Relic"],"build_version":"2020-12-22","purchased_purges":2,"victory":true,"max_hp_per_floor":[75,75,75,75,75,75,75,75,75,75,75,75,75,75,75,75,75,75,75,75,75,75,75,75,75,75,75,75,75,75,80,80,80,80,80,80,76,76,76,76,76,76,76,76,76,76,76,76,76,76],"relic_stats":{"Lizard Tail":0,"counters":[23,114],"Mummified Hand":[79],"Turnip":[23],"Juzu Bracelet":2,"Bag of Preparation":[10],"obtain_stats":[{"Lantern":5,"Vajra":28,"Juzu Bracelet":9,"Runic Capacitor":38,"Bag of Preparation":43,"Empty Cage":17,"Akabeko":43,"FrozenCore":34,"CaptainsWheel":24,"Lizard Tail":44,"Matryoshka":26,"Mummified Hand":22,"Orrery":4,"Turnip":7,"Cracked Core":0,"Symbiotic Virus":13,"TungstenRod":36},{"Lantern":2,"Vajra":12,"Juzu Bracelet":3,"Runic Capacitor":17,"Bag of Preparation":18,"Empty Cage":8,"Akabeko":18,"FrozenCore":15,"CaptainsWheel":11,"Lizard Tail":19,"Matryoshka":11,"Mummified Hand":10,"Orrery":2,"Turnip":3,"Cracked Core":0,"Symbiotic Virus":6,"TungstenRod":17},{"Lantern":5,"Vajra":56,"Juzu Bracelet":11,"Runic Capacitor":87,"Bag of Preparation":91,"Empty Cage":39,"Akabeko":91,"FrozenCore":75,"CaptainsWheel":51,"Lizard Tail":95,"Matryoshka":51,"Mummified Hand":46,"Orrery":5,"Turnip":11,"Cracked Core":0,"Symbiotic Virus":24,"TungstenRod":87}],"TungstenRod":2,"FrozenCore":[16]},"card_choices":[{"not_picked":["Sweeping Beam","Coolheaded"],"picked":"Loop","floor":1.0},{"not_picked":["Loop","Leap"],"picked":"Chill","floor":2.0},{"not_picked":["Reinforced Body","Multi-Cast"],"picked":"Cold Snap","floor":4.0},{"not_picked":["Redo","Rebound"],"picked":"Turbo","floor":4.0},{"not_picked":["Leap","Doom and Gloom"],"picked":"Biased Cognition","floor":4.0},{"not_picked":["Steam","Streamline","Sweeping Beam"],"picked":"SKIP","floor":7.0},{"not_picked":["Rebound","Double Energy"],"picked":"Coolheaded","floor":11.0},{"not_picked":["Recycle","Hologram"],"picked":"Barrage","floor":12.0},{"not_picked":["Go for the Eyes","Double Energy"],"picked":"Buffer","floor":13.0},{"not_picked":["Beam Cell","Leap"],"picked":"Self Repair","floor":14.0},{"not_picked":["Stack","Compile Driver"],"picked":"Doom and Gloom","floor":18.0},{"not_picked":["Gash+1","Tempest"],"picked":"Coolheaded+1","floor":20.0},{"not_picked":["Gash","Recycle"],"picked":"Ball Lightning+1","floor":24.0},{"not_picked":["Rip and Tear","Sweeping Beam"],"picked":"Hologram+1","floor":28.0},{"not_picked":["Coolheaded","Hologram","Streamline"],"picked":"SKIP","floor":29.0},{"not_picked":["Auto Shields+1","Steam Power","Beam Cell"],"picked":"SKIP","floor":30.0},{"not_picked":["Thunder Strike","Buffer"],"picked":"Biased Cognition","floor":33.0},{"not_picked":["Redo","Skim"],"picked":"Cold Snap+1","floor":35.0},{"not_picked":["Hello World","Sunder+1","Leap+1"],"picked":"SKIP","floor":39.0},{"not_picked":["Sadistic Nature","Mind Blast"],"picked":"Thinking Ahead","floor":41.0},{"not_picked":["PanicButton","Sadistic Nature"],"picked":"Panacea","floor":41.0},{"not_picked":["Turbo+1","Auto Shields"],"picked":"Storm","floor":44.0},{"not_picked":["Go for the Eyes+1","Steam"],"picked":"Chaos","floor":45.0},{"not_picked":["Rebound+1","Turbo","Conserve Battery"],"picked":"SKIP","floor":47.0},{"not_picked":["Scrape","Steam Power+1","Conserve Battery"],"picked":"SKIP","floor":48.0}],"player_experience":336424,"relics_obtained":[{"floor":7.0,"key":"Turnip"},{"floor":9.0,"key":"Juzu Bracelet"},{"floor":13.0,"key":"Symbiotic Virus"},{"floor":24.0,"key":"CaptainsWheel"},{"floor":26.0,"key":"Matryoshka"},{"floor":28.0,"key":"Vajra"},{"floor":36.0,"key":"TungstenRod"},{"floor":43.0,"key":"Bag of Preparation"},{"floor":43.0,"key":"Akabeko"},{"floor":44.0,"key":"Lizard Tail"}],"event_choices":[{"damage_healed":0.0,"max_hp_gain":0.0,"max_hp_loss":0.0,"gold_gain":75.0,"event_name":"World of Goop","player_choice":"Gather Gold","floor":3.0,"gold_loss":0.0,"damage_taken":11.0},{"damage_healed":0.0,"max_hp_gain":0.0,"max_hp_loss":0.0,"gold_gain":0.0,"event_name":"WeMeetAgain","player_choice":"Gave Potion","floor":5.0,"gold_loss":0.0,"damage_taken":0.0,"relics_obtained":["Lantern"]},{"cards_removed":["Strike_B"],"damage_healed":0.0,"max_hp_gain":0.0,"max_hp_loss":0.0,"gold_gain":0.0,"event_name":"Golden Wing","player_choice":"Card Removal","floor":10.0,"gold_loss":0.0,"damage_taken":7.0},{"cards_removed":["Defend_B"],"damage_healed":0.0,"max_hp_gain":0.0,"max_hp_loss":0.0,"gold_gain":0.0,"event_name":"Back to Basics","player_choice":"Elegance","floor":19.0,"gold_loss":0.0,"damage_taken":0.0},{"damage_healed":0.0,"max_hp_gain":0.0,"max_hp_loss":0.0,"gold_gain":99.0,"event_name":"Nest","player_choice":"Stole From Cult","floor":21.0,"gold_loss":0.0,"damage_taken":0.0},{"damage_healed":0.0,"max_hp_gain":5.0,"max_hp_loss":0.0,"gold_gain":0.0,"event_name":"Forgotten Altar","player_choice":"Shed Blood","floor":31.0,"gold_loss":0.0,"damage_taken":19.0},{"damage_healed":0.0,"max_hp_gain":0.0,"max_hp_loss":0.0,"gold_gain":0.0,"event_name":"MindBloom","player_choice":"Fight","floor":36.0,"gold_loss":0.0,"damage_taken":0.0},{"damage_healed":0.0,"max_hp_gain":0.0,"max_hp_loss":4.0,"gold_gain":0.0,"event_name":"Winding Halls","player_choice":"Max HP","floor":37.0,"gold_loss":0.0,"damage_taken":0.0},{"damage_healed":0.0,"max_hp_gain":0.0,"max_hp_loss":0.0,"gold_gain":0.0,"event_name":"SensoryStone","player_choice":"Memory 3","floor":41.0,"gold_loss":0.0,"damage_taken":10.0},{"damage_healed":0.0,"max_hp_gain":0.0,"max_hp_loss":0.0,"gold_gain":0.0,"event_name":"Mysterious Sphere","player_choice":"Fight","floor":44.0,"gold_loss":0.0,"damage_taken":0.0}],"is_beta":false,"boss_relics":[{"not_picked":["Black Star","Runic Pyramid"],"picked":"Empty Cage"},{"not_picked":["Calling Bell","Tiny House"],"picked":"FrozenCore"}],"items_purged_floors":[22,38],"is_endless":false,"potions_floor_spawned":[2,12,16,20,24,30,33,44,45,47,48],"ascension_level":11}}