{"host":"m77rrhbqzv44va4v","time":1609789149,"event":{"mods":["AchievementEnabler","BaseMod","Colored Map","DeckTracker","Keyboard Shortcuts","Minty Spire (QoL Compilation)","StSLib","SuperFastMode","everything is the same but u backflip on backflip"],"gold_per_floor":[216,216,232,25,36,36,53,71,151,176,186,196,196,213,213,292,292,305,305,320,320,320],"floor_reached":21,"playtime":601,"items_purged":[],"score":370,"play_id":"62ddd165-c5c1-4a8d-8c50-c3d5ca21005a","local_time":"20210105043909","is_ascension_mode":true,"campfire_choices":[{"data":"Apotheosis","floor":6.0,"key":"SMITH"},{"data":"1","floor":13,"key":"LIFT"},{"floor":15,"key":"REST"}],"circlet_count":0,"master_deck":["AscendersBane","Strike_G","Strike_G","Strike_G","Strike_G","Strike_G","Defend_G","Defend_G","Defend_G","Defend_G","Survivor","Neutralize","Noxious Fumes","Infinite Blades","Crippling Poison","Apotheosis+1","Well Laid Plans","Dagger Spray","Bane","Flying Knee","Caltrops","Glass Knife","Calculated Gamble","Decay"],"relics":["Ring of the Snake","White Beast Statue","Girya","SacredBark"],"acts_visited":["Exordium","TheCity"],"potions_floor_usage":[10,11,12,16,20,21],"damage_taken":[{"damage":2.0,"enemies":"2 Louse","floor":1.0,"turns":4.0},{"damage":0.0,"enemies":"Cultist","floor":3.0,"turns":4.0},{"damage":12.0,"enemies":"Small Slimes","floor":5.0,"turns":4.0},{"damage":19.0,"enemies":"Exordium Thugs","floor":7.0,"turns":5.0},{"damage":6.0,"enemies":"2 Fungi Beasts","floor":8.0,"turns":4.0},{"damage":2,"enemies":"Lagavulin","floor":10,"turns":6},{"damage":0,"enemies":"Large Slime","floor":11,"turns":5},{"damage":0,"enemies":"3 Louse","floor":12,"turns":3},{"damage":17,"enemies":"Exordium Wildlife","floor":14,"turns":3},{"damage":37,"enemies":"The Guardian","floor":16,"turns":9},{"damage":22,"enemies":"Spheric Guardian","floor":18,"turns":5},{"damage":5,"enemies":"3 Byrds","floor":20,"turns":4},{"damage":7,"enemies":"Snake Plant","floor":21,"turns":2}],"seed_played":"3311161544572767156","potions_obtained":[{"floor":5.0,"key":"BlessingOfTheForge"},{"floor":7.0,"key":"GhostInAJar"},{"floor":10,"key":"Regen Potion"},{"floor":11,"key":"Dexterity Potion"},{"floor":12,"key":"Explosive Potion"},{"floor":14,"key":"Regen Potion"},{"floor":16,"key":"CunningPotion"},{"floor":18,"key":"SkillPotion"},{"floor":20,"key":"LiquidBronze"}],"is_trial":false,"path_per_floor":["M","?","M","$","M","R","M","M","T","E","M","M","R","M","R","B",null,"M","?","M","M"],"character_chosen":"THE_SILENT","items_purchased":["Apotheosis"],"campfire_rested":1,"item_purchase_floors":[4],"current_hp_per_floor":[57,57,57,57,45,45,26,20,20,18,33,33,33,16,35,13,53,31,31,26,19,19],"gold":320,"neow_bonus":"HUNDRED_GOLD","is_daily":false,"chose_seed":false,"campfire_upgraded":1,"win_rate":0.0,"timestamp":1609789149,"path_taken":["M","?","?","$","M","R","?","M","T","E","M","M","R","M","R","BOSS","M","?","?","M"],"items_purchased_type":["Card"],"build_version":"2020-12-22","purchased_purges":0,"victory":false,"max_hp_per_floor":[66,66,66,66,66,66,66,66,66,66,66,66,66,66,66,66,66,66,66,66,66,66],"card_choices":[{"not_picked":["Flying Knee","Leg Sweep"],"picked":"Noxious Fumes","floor":1.0},{"not_picked":["Acrobatics","Bane"],"picked":"Crippling Poison","floor":3.0},{"not_picked":["Eviscerate","Slice"],"picked":"Well Laid Plans","floor":5.0},{"not_picked":["Expertise","Endless Agony"],"picked":"Dagger Spray","floor":7.0},{"not_picked":["Deadly Poison","Quick Slash"],"picked":"Bane","floor":8.0},{"not_picked":["Poisoned Stab","Flying Knee","Night Terror"],"picked":"SKIP","floor":10},{"not_picked":["Choke","Prepared"],"picked":"Flying Knee","floor":11},{"not_picked":["Bane","Quick Slash","Unload"],"picked":"SKIP","floor":12},{"not_picked":["Deadly Poison","Finisher"],"picked":"Caltrops","floor":14},{"not_picked":["Doppelganger","Storm of Steel"],"picked":"Glass Knife","floor":16},{"not_picked":["Blade Dance","Escape Plan"],"picked":"Calculated Gamble","floor":18},{"not_picked":["Crippling Poison","Caltrops","Flying Knee"],"picked":"SKIP","floor":20}],"player_experience":889646,"relics_obtained":[{"floor":9.0,"key":"White Beast Statue"},{"floor":10,"key":"Girya"}],"event_choices":[{"damage_healed":0.0,"max_hp_gain":0.0,"max_hp_loss":0.0,"gold_gain":0.0,"cards_transformed":["Defend_G"],"event_name":"Transmorgrifier","player_choice":"Transformed","floor":2.0,"gold_loss":0.0,"damage_taken":0.0,"cards_obtained":["Infinite Blades"]},{"damage_healed":0,"gold_gain":0,"player_choice":"Cursed","damage_taken":0,"max_hp_gain":0,"max_hp_loss":0,"event_name":"Wheel of Change","floor":19,"gold_loss":0,"cards_obtained":["Decay"]}],"is_beta":false,"boss_relics":[{"not_picked":["SlaversCollar","Cursed Key"],"picked":"SacredBark"}],"items_purged_floors":[],"is_endless":false,"potions_floor_spawned":[5,7,10,11,12,14,16,18,20],"killed_by":"Snake Plant","ascension_level":20}}