{"host":"kg61lsvem4dxoat8","time":1609768708,"event":{"mods":["BaseMod","Colored Powertips","Minty Spire (QoL Compilation)","Rare Cards Sparkle","Relic Stats"],"gold_per_floor":[112,124,141,141,166,166,119,45,45,61,105,105,138,158,158,287,287,308,328,146,162,162,162],"floor_reached":22,"playtime":591,"items_purged":["Defend_P"],"score":223,"play_id":"898da31a-ba8e-4254-9355-391f74172cd1","local_time":"20210104215828","is_ascension_mode":false,"campfire_choices":[{"data":"Eruption","floor":6,"key":"SMITH"},{"data":"BattleHymn","floor":12,"key":"SMITH"},{"floor":15,"key":"REST"}],"circlet_count":0,"master_deck":["Strike_P","Strike_P","Strike_P","Strike_P","Defend_P","Defend_P","Defend_P","Eruption+1","Vigilance","FearNoEvil","EmptyBody","BattleHymn+1","Tantrum","EmptyMind","MasterReality","Protect+1"],"relics":["Philosopher\u0027s Stone","Golden Idol","Darkstone Periapt","Meat on the Bone","Bronze Scales","Fusion Hammer","Membership Card"],"acts_visited":["Exordium","TheCity"],"potions_floor_usage":[5,21,21,22],"damage_taken":[{"damage":4,"enemies":"Cultist","floor":1,"turns":3},{"damage":1,"enemies":"Small Slimes","floor":2,"turns":3},{"damage":0,"enemies":"Jaw Worm","floor":3,"turns":4},{"damage":0,"enemies":"Gremlin Gang","floor":5,"turns":2},{"damage":9,"enemies":"Large Slime","floor":10,"turns":5},{"damage":0,"enemies":"3 Sentries","floor":11,"turns":4},{"damage":11,"enemies":"Lagavulin","floor":13,"turns":3},{"damage":13,"enemies":"Blue Slaver","floor":14,"turns":3},{"damage":39,"enemies":"The Guardian","floor":16,"turns":9},{"damage":6,"enemies":"3 Byrds","floor":18,"turns":4},{"damage":0,"enemies":"Spheric Guardian","floor":19,"turns":2},{"damage":14,"enemies":"3 Cultists","floor":21,"turns":3},{"damage":58,"enemies":"Masked Bandits","floor":22,"turns":3}],"seed_played":"-2894098340186457745","potions_obtained":[{"floor":3,"key":"Explosive Potion"},{"floor":5,"key":"Explosive Potion"},{"floor":16,"key":"Energy Potion"},{"floor":19,"key":"LiquidBronze"},{"floor":21,"key":"FearPotion"}],"is_trial":false,"path_per_floor":["M","M","M","?","M","R","$","$","T","M","E","R","E","M","R","B",null,"M","M","$","M","?"],"character_chosen":"WATCHER","items_purchased":["EmptyBody","BattleHymn","Membership Card"],"campfire_rested":1,"item_purchase_floors":[7,8,20],"current_hp_per_floor":[68,67,67,67,67,67,67,67,67,58,58,58,47,34,54,27,67,61,61,61,47,0,0],"gold":162,"neow_bonus":"BOSS_RELIC","is_daily":false,"chose_seed":false,"campfire_upgraded":2,"win_rate":0.0,"timestamp":1609768708,"path_taken":["M","M","?","?","M","R","?","$","T","M","E","R","E","M","R","BOSS","M","M","$","?","?"],"items_purchased_type":["Card","Card","Relic"],"build_version":"2020-12-22","purchased_purges":1,"victory":false,"max_hp_per_floor":[72,72,72,67,67,67,67,67,67,67,67,67,67,67,67,67,67,67,67,67,67,67,67],"relic_stats":{"Darkstone Periapt":0,"counters":[13,48],"Golden Idol":73,"Bronze Scales":[69],"obtain_stats":[{"Darkstone Periapt":9,"Golden Idol":4,"Bronze Scales":13,"Philosopher\u0027s Stone":0,"Fusion Hammer":17,"Membership Card":20,"PureWater":0,"Meat on the Bone":11},{"Darkstone Periapt":4,"Golden Idol":3,"Bronze Scales":7,"Philosopher\u0027s Stone":0,"Fusion Hammer":9,"Membership Card":11,"PureWater":0,"Meat on the Bone":6},{"Darkstone Periapt":12,"Golden Idol":10,"Bronze Scales":24,"Philosopher\u0027s Stone":0,"Fusion Hammer":36,"Membership Card":42,"PureWater":0,"Meat on the Bone":21}],"Meat on the Bone":12},"card_choices":[{"not_picked":["Prostrate","SignatureMove","SashWhip"],"picked":"SKIP","floor":1},{"not_picked":["Prostrate","JustLucky","Perseverance"],"picked":"SKIP","floor":2},{"not_picked":["WheelKick","PathToVictory","CutThroughFate"],"picked":"SKIP","floor":3},{"not_picked":["SignatureMove","Swivel"],"picked":"FearNoEvil","floor":5},{"not_picked":["Nirvana","Brilliance"],"picked":"Tantrum","floor":10},{"not_picked":["Prostrate","SandsOfTime","Swivel"],"picked":"SKIP","floor":11},{"not_picked":["Protect","Meditate","CrushJoints"],"picked":"SKIP","floor":13},{"not_picked":["ThirdEye","FlyingSleeves"],"picked":"EmptyMind","floor":14},{"not_picked":["Blasphemy","Vault"],"picked":"MasterReality","floor":16},{"not_picked":["InnerPeace","ForeignInfluence","FollowUp"],"picked":"SKIP","floor":18},{"not_picked":["PathToVictory","Perseverance"],"picked":"Protect+1","floor":19},{"not_picked":["Consecrate","ReachHeaven+1","FollowUp"],"picked":"SKIP","floor":21}],"player_experience":1293964,"relics_obtained":[{"floor":9,"key":"Darkstone Periapt"},{"floor":11,"key":"Meat on the Bone"},{"floor":13,"key":"Bronze Scales"}],"event_choices":[{"damage_healed":0,"gold_gain":0,"player_choice":"Lose Max HP","damage_taken":0,"relics_obtained":["Golden Idol"],"max_hp_gain":0,"max_hp_loss":5,"event_name":"Golden Idol","floor":4,"gold_loss":0},{"damage_healed":0,"gold_gain":0,"player_choice":"Fought Bandits","damage_taken":0,"max_hp_gain":0,"max_hp_loss":0,"event_name":"Masked Bandits","floor":22,"gold_loss":0}],"is_beta":false,"boss_relics":[{"not_picked":["VioletLotus","Runic Dome"],"picked":"Fusion Hammer"}],"items_purged_floors":[20],"is_endless":false,"potions_floor_spawned":[3,5,16,19,21],"killed_by":"Masked Bandits","ascension_level":0}}