{"host":"m7puq4mk16tgc6yn","time":1609719774,"event":{"mods":["AchievementEnabler","BaseMod","Colored Map","Colored Powertips","Minty Spire (QoL Compilation)","Relic Stats"],"gold_per_floor":[116,127,146,71,81,81,108,108,108,142,142,170,170,226,226,226,226],"floor_reached":16,"playtime":722,"items_purged":["Strike_R"],"score":124,"play_id":"f28a8b70-b1fa-4ad8-b19d-948bb7c52183","local_time":"20210103162254","is_ascension_mode":true,"campfire_choices":[{"data":"Hemokinesis","floor":6,"key":"SMITH"},{"data":"Bash","floor":11,"key":"SMITH"},{"data":"Armaments","floor":15,"key":"SMITH"}],"circlet_count":0,"master_deck":["Strike_R+1","Strike_R","Strike_R+1","Strike_R","Defend_R+1","Defend_R","Defend_R+1","Defend_R","Bash+1","Hemokinesis+1","Armaments+1","Twin Strike","Immolate+1","Headbutt+1"],"relics":["Burning Blood","Toy Ornithopter","War Paint","Molten Egg 2","Omamori","Anchor","Odd Mushroom","Orichalcum"],"acts_visited":["Exordium"],"potions_floor_usage":[7,10,14],"damage_taken":[{"damage":6,"enemies":"Cultist","floor":1,"turns":4},{"damage":8,"enemies":"Jaw Worm","floor":2,"turns":5},{"damage":5,"enemies":"Small Slimes","floor":3,"turns":3},{"damage":2,"enemies":"2 Fungi Beasts","floor":5,"turns":3},{"damage":39,"enemies":"3 Sentries","floor":7,"turns":7},{"damage":24,"enemies":"Lagavulin","floor":10,"turns":4},{"damage":0,"enemies":"The Mushroom Lair","floor":12,"turns":1},{"damage":11,"enemies":"Lagavulin Event","floor":14,"turns":3},{"damage":20,"enemies":"The Guardian","floor":16,"turns":4}],"seed_played":"6570011369681662519","potions_obtained":[{"floor":1,"key":"FearPotion"},{"floor":2,"key":"FearPotion"},{"floor":3,"key":"Energy Potion"},{"floor":5,"key":"Energy Potion"}],"is_trial":false,"path_per_floor":["M","M","M","$","M","R","E","?","T","E","R","?","?","?","R","B"],"character_chosen":"IRONCLAD","items_purchased":[],"campfire_rested":0,"item_purchase_floors":[],"current_hp_per_floor":[80,78,79,79,80,80,47,40,40,27,27,33,17,17,17,0,0],"gold":226,"neow_bonus":"RANDOM_COMMON_RELIC","is_daily":false,"chose_seed":false,"campfire_upgraded":3,"win_rate":0.0,"timestamp":1609719774,"path_taken":["M","M","M","$","M","R","E","?","T","E","R","?","?","?","R","BOSS"],"items_purchased_type":[],"build_version":"2020-12-22","purchased_purges":1,"victory":false,"max_hp_per_floor":[80,80,80,80,80,80,80,80,80,80,80,80,80,80,80,80,80],"relic_stats":{"counters":[9,34],"War Paint":["Defend_R","Defend_R"],"Orichalcum":[0],"obtain_stats":[{"Anchor":10,"Molten Egg 2":8,"Omamori":9,"War Paint":7,"Odd Mushroom":12,"Orichalcum":14,"Burning Blood":0,"Toy Ornithopter":0},{"Anchor":6,"Molten Egg 2":5,"Omamori":5,"War Paint":5,"Odd Mushroom":7,"Orichalcum":8,"Burning Blood":0,"Toy Ornithopter":0},{"Anchor":26,"Molten Egg 2":22,"Omamori":22,"War Paint":22,"Odd Mushroom":27,"Orichalcum":30,"Burning Blood":0,"Toy Ornithopter":0}],"Burning Blood":45,"Toy Ornithopter":10},"card_choices":[{"not_picked":["Feel No Pain","Blood for Blood"],"picked":"Hemokinesis","floor":1},{"not_picked":["Pommel Strike","Combust"],"picked":"Armaments","floor":2},{"not_picked":["Perfected Strike","Blood for Blood"],"picked":"Twin Strike","floor":3},{"not_picked":["Evolve","Body Slam","Anger"],"picked":"SKIP","floor":5},{"not_picked":["Wild Strike","Searing Blow","Dual Wield"],"picked":"SKIP","floor":7},{"not_picked":["Rage","Seeing Red"],"picked":"Immolate+1","floor":10},{"not_picked":["Dark Embrace","Shockwave"],"picked":"Headbutt+1","floor":12}],"player_experience":83279,"relics_obtained":[{"floor":7,"key":"War Paint"},{"floor":9,"key":"Omamori"},{"floor":10,"key":"Anchor"},{"floor":12,"key":"Odd Mushroom"},{"floor":14,"key":"Orichalcum"}],"event_choices":[{"damage_healed":0,"gold_gain":0,"player_choice":"Success","damage_taken":7,"relics_obtained":["Molten Egg 2"],"max_hp_gain":0,"max_hp_loss":0,"event_name":"Scrap Ooze","floor":8,"gold_loss":0},{"damage_healed":0,"gold_gain":0,"player_choice":"Fought Mushrooms","damage_taken":0,"max_hp_gain":0,"max_hp_loss":0,"event_name":"Mushrooms","floor":12,"gold_loss":0},{"damage_healed":0,"gold_gain":0,"player_choice":"Entered Light","damage_taken":16,"max_hp_gain":0,"max_hp_loss":0,"event_name":"Shining Light","floor":13,"gold_loss":0,"cards_upgraded":["Strike_R","Strike_R"]},{"damage_healed":0,"gold_gain":0,"player_choice":"Searched \u00272\u0027 times","damage_taken":0,"max_hp_gain":0,"max_hp_loss":0,"event_name":"Dead Adventurer","floor":14,"gold_loss":0}],"is_beta":false,"boss_relics":[],"items_purged_floors":[4],"is_endless":false,"potions_floor_spawned":[1,2,3,5],"killed_by":"The Guardian","ascension_level":3}}