{"host":"kabf61oc9jgfwufg","time":1609776913,"event":{"mods":["AchievementEnabler","Act Like it!","Aspiration","BaseMod","Conspire","GifTheSpireLib","Halation","HexUI Lib","Hubris","Infinite Spire","Minty Spire (QoL Compilation)","Pale of the Ancients","Rare Cards Sparkle","Replay The Spire","StSLib","The Jungle"],"gold_per_floor":[114,114,127,127,127,127,127],"floor_reached":6,"playtime":207,"items_purged":[],"score":34,"play_id":"c8cb7206-8126-43a7-8336-37508df75c91","local_time":"20210104161513","is_ascension_mode":false,"campfire_choices":[],"circlet_count":0,"master_deck":["Strike_P","Strike_P","Strike_P","Defend_P","Defend_P","Defend_P","Defend_P","Eruption","Vigilance","Weave","PathToVictory","Injury","FearNoEvil","ReplayTheSpireMod:Chaos Vortex"],"relics":["PureWater","Golden Idol"],"acts_visited":["Exordium"],"potions_floor_usage":[6],"damage_taken":[{"damage":22,"enemies":"Jaw Worm","floor":1,"turns":2},{"damage":0,"enemies":"2 Louse","floor":3,"turns":2},{"damage":32,"enemies":"3 Sentries","floor":6,"turns":10}],"seed_played":"432410249594353028","potions_obtained":[{"floor":3,"key":"Swift Potion"}],"is_trial":false,"path_per_floor":["M","?","M","?","?","E"],"character_chosen":"WATCHER","items_purchased":[],"campfire_rested":0,"item_purchase_floors":[],"current_hp_per_floor":[50,50,50,50,32,0,0],"gold":127,"neow_bonus":"THREE_CARDS","is_daily":false,"chose_seed":false,"campfire_upgraded":0,"win_rate":0.0,"timestamp":1609776913,"path_taken":["M","?","M","?","?","E"],"items_purchased_type":[],"build_version":"2020-12-22","purchased_purges":0,"victory":false,"max_hp_per_floor":[72,72,72,72,72,72,72],"card_choices":[{"not_picked":["Replay:AtTheReady","Replay:Anticipation"],"picked":"Weave","floor":0},{"not_picked":["Tantrum","LikeWater"],"picked":"PathToVictory","floor":1},{"not_picked":["Replay:AtTheReady","FlyingSleeves"],"picked":"FearNoEvil","floor":3},{"not_picked":["ReplayTheSpireMod:Black Plague","infinitespire:FinalStrike"],"picked":"ReplayTheSpireMod:Chaos Vortex","floor":5}],"player_experience":32394,"relics_obtained":[],"event_choices":[{"damage_healed":0,"gold_gain":0,"player_choice":"Take Wound","damage_taken":0,"relics_obtained":["Golden Idol"],"max_hp_gain":0,"max_hp_loss":0,"event_name":"Golden Idol","floor":2,"gold_loss":0,"cards_obtained":["Injury"]},{"cards_removed":["Strike_P"],"damage_healed":0,"gold_gain":0,"player_choice":"Forget","damage_taken":0,"max_hp_gain":0,"max_hp_loss":0,"event_name":"Living Wall","floor":4,"gold_loss":0}],"is_beta":false,"boss_relics":[],"items_purged_floors":[],"is_endless":false,"potions_floor_spawned":[3],"killed_by":"3 Sentries","ascension_level":0}}