{"host":"p7j7o00jacnw7qzt","time":1609736551,"event":{"mods":["BaseMod","Colored Map","Colored Powertips","DeckTracker","Highlight Path","Minty Spire (QoL Compilation)","Relic Stats"],"gold_per_floor":[117,131,206,206,206,247,247,15,315,329,329,368,368,392,392,392,392],"floor_reached":16,"playtime":337,"items_purged":["Strike_R"],"score":266,"play_id":"14ee5423-0a17-424f-b14a-92d41e02e5a2","local_time":"20210104000231","is_ascension_mode":true,"campfire_choices":[{"floor":7.0,"key":"DIG"},{"floor":13.0,"key":"DIG"},{"floor":15.0,"key":"DIG"}],"circlet_count":0,"master_deck":["AscendersBane","Strike_R","Strike_R","Strike_R","Strike_R","Defend_R","Defend_R","Defend_R","Defend_R","Bash","Dark Embrace","Demon Form","Shrug It Off","Battle Trance"],"relics":["Burning Blood","NeowsBlessing","Question Card","Golden Idol","Shovel","Darkstone Periapt","Chemical X","Old Coin","MealTicket","HornCleat","Toy Ornithopter"],"acts_visited":["Exordium"],"potions_floor_usage":[16],"damage_taken":[{"damage":0.0,"enemies":"Small Slimes","floor":1.0,"turns":1.0},{"damage":0.0,"enemies":"Jaw Worm","floor":2.0,"turns":1.0},{"damage":0.0,"enemies":"Lagavulin","floor":6.0,"turns":1.0},{"damage":1.0,"enemies":"2 Louse","floor":10.0,"turns":4.0},{"damage":8.0,"enemies":"Gremlin Nob","floor":12.0,"turns":3.0},{"damage":22.0,"enemies":"Large Slime","floor":14.0,"turns":5.0},{"damage":32,"enemies":"Slime Boss","floor":16,"turns":10}],"seed_played":"7721909491623555747","potions_obtained":[{"floor":2.0,"key":"Fire Potion"},{"floor":10.0,"key":"Fire Potion"},{"floor":12.0,"key":"SpeedPotion"}],"is_trial":false,"path_per_floor":["M","M","?","?","?","E","R","$","T","M","?","E","R","M","R","B"],"character_chosen":"IRONCLAD","items_purchased":["Chemical X"],"campfire_rested":0,"item_purchase_floors":[8],"current_hp_per_floor":[74,75,64,59,33,39,39,39,39,44,40,38,38,22,22,0,0],"gold":392,"neow_bonus":"THREE_ENEMY_KILL","is_daily":false,"chose_seed":false,"campfire_upgraded":0,"win_rate":0.0,"timestamp":1609736551,"path_taken":["M","M","?","?","?","E","R","$","T","M","?","E","R","?","R","BOSS"],"items_purchased_type":["Relic"],"build_version":"2020-12-22","purchased_purges":1,"victory":false,"max_hp_per_floor":[75,75,75,75,75,75,75,75,75,75,75,75,75,75,75,75,75],"relic_stats":{"Darkstone Periapt":0,"Shovel":3,"counters":[7,25],"Golden Idol":24,"MealTicket":0,"Chemical X":[1],"Question Card":4,"obtain_stats":[{"Darkstone Periapt":7,"Shovel":6,"HornCleat":13,"NeowsBlessing":0,"Golden Idol":5,"MealTicket":12,"Chemical X":8,"Question Card":4,"Burning Blood":0,"Toy Ornithopter":15,"Old Coin":9},{"Darkstone Periapt":3,"Shovel":3,"HornCleat":5,"NeowsBlessing":0,"Golden Idol":2,"MealTicket":5,"Chemical X":3,"Question Card":2,"Burning Blood":0,"Toy Ornithopter":6,"Old Coin":3},{"Darkstone Periapt":3,"Shovel":3,"HornCleat":10,"NeowsBlessing":0,"Golden Idol":2,"MealTicket":10,"Chemical X":3,"Question Card":2,"Burning Blood":0,"Toy Ornithopter":15,"Old Coin":3}],"Burning Blood":31,"Toy Ornithopter":5},"card_choices":[{"not_picked":["Havoc","Pummel","Flex"],"picked":"SKIP","floor":1.0},{"not_picked":["Cleave","Flame Barrier","Havoc"],"picked":"SKIP","floor":2.0},{"not_picked":["Power Through","Pommel Strike","Feel No Pain"],"picked":"Dark Embrace","floor":6.0},{"not_picked":["Sword Boomerang","Pommel Strike","Body Slam"],"picked":"Demon Form","floor":10.0},{"not_picked":["True Grit","Havoc","Flex"],"picked":"Shrug It Off","floor":12.0},{"not_picked":["Flex","Wild Strike","Perfected Strike"],"picked":"Battle Trance","floor":14.0}],"player_experience":990578,"relics_obtained":[{"floor":6.0,"key":"Shovel"},{"floor":7.0,"key":"Darkstone Periapt"},{"floor":9.0,"key":"Old Coin"},{"floor":12.0,"key":"MealTicket"},{"floor":13.0,"key":"HornCleat"},{"floor":15.0,"key":"Toy Ornithopter"}],"event_choices":[{"damage_healed":0.0,"max_hp_gain":0.0,"max_hp_loss":0.0,"gold_gain":75.0,"event_name":"World of Goop","player_choice":"Gather Gold","floor":3.0,"gold_loss":0.0,"damage_taken":11.0},{"damage_healed":0.0,"max_hp_gain":0.0,"max_hp_loss":0.0,"gold_gain":0.0,"event_name":"Scrap Ooze","player_choice":"Success","floor":4.0,"gold_loss":0.0,"damage_taken":5.0,"relics_obtained":["Question Card"]},{"damage_healed":0.0,"max_hp_gain":0.0,"max_hp_loss":0.0,"gold_gain":0.0,"event_name":"Golden Idol","player_choice":"Take Damage","floor":5.0,"gold_loss":0.0,"damage_taken":26.0,"relics_obtained":["Golden Idol"]},{"damage_healed":0.0,"max_hp_gain":0.0,"max_hp_loss":0.0,"gold_gain":0.0,"event_name":"The Woman in Blue","player_choice":"Bought 0 Potions","floor":11.0,"gold_loss":0.0,"damage_taken":0.0}],"is_beta":false,"boss_relics":[],"items_purged_floors":[8],"is_endless":false,"potions_floor_spawned":[2,10,12],"killed_by":"Slime Boss","ascension_level":20}}