{"host":"mruvby243fwgm3bp","time":1609801170,"event":{"mods":["AchievementEnabler","BaseMod","Colored Map","Colored Powertips","Minty Spire (QoL Compilation)","Permanent Neow","Random Character Button","StSLib"],"gold_per_floor":[16,16,34,53,79,79,93,93,93,18,34,34,50,50,50,50,50],"floor_reached":16,"playtime":833,"items_purged":["Strike_G"],"score":120,"play_id":"187c957f-29ae-44ce-949b-69e9434c3d6d","local_time":"20210104145930","is_ascension_mode":true,"campfire_choices":[{"data":"Glass Knife","floor":6,"key":"SMITH"},{"data":"Well Laid Plans","floor":8,"key":"SMITH"},{"data":"Neutralize","floor":12,"key":"SMITH"},{"data":"Blur","floor":15,"key":"SMITH"}],"circlet_count":0,"master_deck":["Strike_G","Strike_G","Strike_G","Strike_G","Defend_G","Defend_G","Defend_G","Defend_G","Defend_G+1","Survivor","Neutralize+1","Glass Knife+1","Well Laid Plans+1","Blur+1","Acrobatics+1","Calculated Gamble","Deflect"],"relics":["Ring of the Snake","Golden Idol","War Paint","Ninja Scroll"],"acts_visited":["Exordium"],"potions_floor_usage":[16],"damage_taken":[{"damage":0,"enemies":"Jaw Worm","floor":1,"turns":5},{"damage":0,"enemies":"Cultist","floor":3,"turns":3},{"damage":0,"enemies":"Small Slimes","floor":4,"turns":2},{"damage":0,"enemies":"Looter","floor":7,"turns":4},{"damage":1,"enemies":"Large Slime","floor":11,"turns":5},{"damage":14,"enemies":"Exordium Thugs","floor":13,"turns":3},{"damage":50,"enemies":"Hexaghost","floor":16,"turns":16}],"seed_played":"3905117419529857956","potions_obtained":[{"floor":1,"key":"EssenceOfSteel"},{"floor":13,"key":"Strength Potion"}],"is_trial":false,"path_per_floor":["M","?","M","M","T","R","M","R","T","$","M","R","M","$","R","B"],"character_chosen":"THE_SILENT","items_purchased":[],"campfire_rested":0,"item_purchase_floors":[],"current_hp_per_floor":[63,63,63,63,63,63,63,63,63,63,62,62,48,48,48,0,0],"gold":50,"neow_bonus":"THREE_RARE_CARDS","is_daily":false,"chose_seed":false,"campfire_upgraded":4,"win_rate":0.0,"timestamp":1609801170,"path_taken":["M","?","M","M","?","R","M","R","T","$","M","R","M","?","R","BOSS"],"items_purchased_type":[],"build_version":"2020-12-22","purchased_purges":1,"victory":false,"max_hp_per_floor":[70,65,65,65,65,65,65,65,65,65,65,65,65,65,65,65,65],"card_choices":[{"not_picked":["After Image","Doppelganger"],"picked":"Glass Knife","floor":0},{"not_picked":["Acrobatics","All Out Attack"],"picked":"Well Laid Plans","floor":1},{"not_picked":["Deadly Poison","Distraction"],"picked":"Blur","floor":3},{"not_picked":["Skewer","Deadly Poison"],"picked":"Acrobatics","floor":4},{"not_picked":["Bane","Deadly Poison"],"picked":"Calculated Gamble","floor":7},{"not_picked":["Bane","Terror"],"picked":"Deflect","floor":11},{"not_picked":["Acrobatics","Outmaneuver","Endless Agony"],"picked":"SKIP","floor":13}],"player_experience":372443,"relics_obtained":[{"floor":5,"key":"War Paint"},{"floor":9,"key":"Ninja Scroll"}],"event_choices":[{"damage_healed":0,"gold_gain":0,"player_choice":"Lose Max HP","damage_taken":0,"relics_obtained":["Golden Idol"],"max_hp_gain":0,"max_hp_loss":5,"event_name":"Golden Idol","floor":2,"gold_loss":0}],"is_beta":false,"boss_relics":[],"items_purged_floors":[10],"is_endless":false,"potions_floor_spawned":[1,13],"killed_by":"Hexaghost","ascension_level":6}}