{"host":"qy7jow5usmjkdnnq","time":1609799945,"event":{"mods":["BaseMod","Colored Map","Downfall","Minty Spire (QoL Compilation)","Permanent Neow","Relic Stats","StSLib"],"gold_per_floor":[99,113,123,143,143,53,53,73,73,58,77,77,89,121,132,231,231,231,245,230,305,340,140,140,132,240,240,240,250,284,303,328,438,438,438,464,464,478,400,500,500,297,315,338,379,441,481,493,525,537],"floor_reached":51,"playtime":5837,"items_purged":["Pain","hexamod:Strike","hexamod:Defend"],"score":915,"play_id":"dc6716c5-de0f-48f0-a503-b32a6dca71d0","local_time":"20210104233905","is_ascension_mode":true,"campfire_choices":[{"floor":1,"key":"RECALL"},{"data":"hexamod:GhostOfSpirePresent","floor":9,"key":"SMITH"},{"data":"hexamod:Float","floor":12,"key":"SMITH"},{"data":"hexamod:Again","floor":18,"key":"SMITH"},{"data":"hexamod:Incineration","floor":23,"key":"SMITH"},{"data":"hexamod:CrushingStance","floor":28,"key":"SMITH"},{"data":"hexamod:GiftsFromTheDead","floor":35,"key":"SMITH"}],"circlet_count":0,"master_deck":["hexamod:Strike","hexamod:Strike","hexamod:Strike+1","hexamod:Defend","hexamod:Defend+1","hexamod:Defend","hexamod:Sear","hexamod:Float+1","hexamod:DynamicBlow+1","hexamod:InspiringFlames+1","hexamod:Hexaguard","hexamod:Incineration+1","hexamod:GhostOfSpirePresent+1","hexamod:Hexaguard","hexamod:Again+1","hexamod:CrushingStance+1","hexamod:SpectralAdrenaline","hexamod:GhostflameBarrier+1","hexamod:RetreatToShadows+1","hexamod:Haunt","hexamod:RecurringNightmare+1","hexamod:GiftsFromTheDead+1","hexamod:UnleashSpirits+1","hexamod:GhostLash+1","hexamod:GhostLash+1","hexamod:GhostOfSpirePresent+1","hexamod:Haunt","hexamod:GhostLash+1","hexamod:UnleashSpirits+1","hexamod:GhostShield+1"],"relics":["hexamod:SpiritBrand","Tiny Chest","WarpedTongs","Singing Bowl","Bottled Lightning","expansioncontent:StudyCardRelic","Molten Egg 2","Red Mask","downfall:HeartBlessingRed","downfall:HeartBlessingGreen","Shuriken","Prayer Wheel","Letter Opener","Thread and Needle","HornCleat","Philosopher\u0027s Stone","hexamod:TheBrokenSeal","Ornamental Fan","Toy Ornithopter","MawBank","StoneCalendar","champ:DuelingGlove","Art of War","Kunai"],"acts_visited":["Exordium","TheCity","TheBeyond"],"potions_floor_usage":[16,26,30,31,33,46,47,50],"damage_taken":[{"damage":0,"enemies":"Small Slimes","floor":2,"turns":3},{"damage":0,"enemies":"Cultist","floor":3,"turns":3},{"damage":2,"enemies":"Jaw Worm","floor":4,"turns":3},{"damage":0,"enemies":"downfall:FleeingMerchant","floor":6,"turns":4},{"damage":0,"enemies":"Blue Slaver","floor":8,"turns":3},{"damage":0,"enemies":"downfall:FleeingMerchant","floor":10,"turns":4},{"damage":0,"enemies":"2 Fungi Beasts","floor":11,"turns":3},{"damage":2,"enemies":"3 Louse","floor":13,"turns":3},{"damage":14,"enemies":"3 Sentries","floor":14,"turns":8},{"damage":0,"enemies":"Lots of Slimes","floor":15,"turns":5},{"damage":22,"enemies":"downfall:Silent","floor":16,"turns":8},{"damage":3,"enemies":"3 Byrds","floor":19,"turns":4},{"damage":0,"enemies":"downfall:FleeingMerchant","floor":20,"turns":4},{"damage":7,"enemies":"Masked Bandits","floor":22,"turns":2},{"damage":0,"enemies":"downfall:Watcher","floor":26,"turns":4},{"damage":0,"enemies":"Chosen","floor":29,"turns":4},{"damage":6,"enemies":"Book of Stabbing","floor":30,"turns":4},{"damage":11,"enemies":"Shelled Parasite and Fungi","floor":31,"turns":7},{"damage":9,"enemies":"Snake Plant","floor":32,"turns":4},{"damage":74,"enemies":"downfall:Defect","floor":33,"turns":12},{"damage":3,"enemies":"Orb Walker","floor":36,"turns":5},{"damage":0,"enemies":"3 Shapes","floor":38,"turns":3},{"damage":0,"enemies":"downfall:FleeingMerchant","floor":39,"turns":3},{"damage":0,"enemies":"downfall:LadyInBlue","floor":40,"turns":3},{"damage":0,"enemies":"3 Darklings","floor":43,"turns":2},{"damage":6,"enemies":"Nemesis","floor":45,"turns":5},{"damage":8,"enemies":"Nemesis","floor":46,"turns":4},{"damage":0,"enemies":"Reptomancer","floor":47,"turns":3},{"damage":5,"enemies":"Maw","floor":49,"turns":4},{"damage":4,"enemies":"ArchetypeAct3BlockNewAge","floor":50,"turns":6}],"seed_played":"-391554311839067500","potions_obtained":[{"floor":2,"key":"EntropicBrew"},{"floor":13,"key":"GamblersBrew"},{"floor":15,"key":"SkillPotion"},{"floor":16,"key":"FearPotion"},{"floor":19,"key":"FairyPotion"},{"floor":22,"key":"DistilledChaos"},{"floor":29,"key":"AttackPotion"},{"floor":30,"key":"AttackPotion"},{"floor":32,"key":"Regen Potion"},{"floor":33,"key":"BlessingOfTheForge"},{"floor":40,"key":"hexamod:EctoCoolerPotion"},{"floor":40,"key":"Energy Potion"},{"floor":46,"key":"DistilledChaos"},{"floor":47,"key":"hexamod:DoubleChargePotion"}],"is_trial":false,"path_per_floor":["R","M","M","M","?","$","T","M","R","$","M","R","M","E","M","B",null,"R","M","$","T","?","R","T","?","?","T","R","M","E","M","M","B",null,"R","M","?","M","$","?","T","$","M","T","E","?","E","T","M","B",null],"character_chosen":"THE_SPIRIT","items_purchased":["Ornamental Fan","hexamod:Haunt","hexamod:UnleashSpirits+1"],"campfire_rested":0,"item_purchase_floors":[39,39,42],"current_hp_per_floor":[70,70,70,68,68,68,68,68,68,70,70,70,70,56,58,36,76,76,75,75,75,70,70,70,70,70,70,70,70,66,57,54,27,90,90,102,102,106,106,106,106,106,108,108,104,103,110,110,109,110],"gold":549,"neow_bonus":"RANDOM_COMMON_RELIC","is_daily":false,"chose_seed":false,"campfire_upgraded":6,"win_rate":0.0,"timestamp":1609799945,"path_taken":["R","M","M","M","?","?","T","?","R","$","M","R","M","E","M","BOSS","R","M","$","?","?","R","T","?","?","?","R","M","E","M","M","BOSS","R","M","?","M","$","?","T","$","?","?","E","?","E","?","M","BOSS"],"items_purchased_type":["Relic","Card","Card"],"build_version":"2020-12-22","purchased_purges":3,"victory":true,"max_hp_per_floor":[70,70,70,70,70,70,70,70,70,72,72,72,74,74,76,76,76,76,78,78,78,80,80,80,80,80,80,80,80,82,84,90,90,90,90,102,102,106,106,106,106,106,108,108,110,112,114,114,118,118],"relic_stats":{"Singing Bowl":38,"counters":[30,130],"StoneCalendar":[0],"Letter Opener":[154],"MawBank":84,"WarpedTongs":[116],"Shuriken":[13],"Ornamental Fan":[28],"Tiny Chest":3,"Prayer Wheel":7,"Art of War":[3],"Kunai":[2],"obtain_stats":[{"champ:DuelingGlove":46,"Singing Bowl":7,"downfall:HeartBlessingRed":23,"hexamod:TheBrokenSeal":36,"downfall:HeartBlessingGreen":23,"Thread and Needle":27,"StoneCalendar":45,"expansioncontent:StudyCardRelic":17,"Letter Opener":26,"MawBank":44,"WarpedTongs":5,"HornCleat":30,"Shuriken":24,"Ornamental Fan":39,"Tiny Chest":0,"Molten Egg 2":21,"Prayer Wheel":26,"Philosopher\u0027s Stone":34,"Red Mask":22,"Art of War":47,"Bottled Lightning":14,"Kunai":48,"hexamod:SpiritBrand":0,"Toy Ornithopter":40},{"champ:DuelingGlove":27,"Singing Bowl":4,"downfall:HeartBlessingRed":14,"hexamod:TheBrokenSeal":21,"downfall:HeartBlessingGreen":14,"Thread and Needle":15,"StoneCalendar":26,"expansioncontent:StudyCardRelic":11,"Letter Opener":15,"MawBank":25,"WarpedTongs":3,"HornCleat":17,"Shuriken":14,"Ornamental Fan":23,"Tiny Chest":0,"Molten Egg 2":13,"Prayer Wheel":15,"Philosopher\u0027s Stone":20,"Red Mask":14,"Art of War":28,"Bottled Lightning":9,"Kunai":28,"hexamod:SpiritBrand":0,"Toy Ornithopter":24},{"champ:DuelingGlove":117,"Singing Bowl":13,"downfall:HeartBlessingRed":57,"hexamod:TheBrokenSeal":97,"downfall:HeartBlessingGreen":57,"Thread and Needle":61,"StoneCalendar":113,"expansioncontent:StudyCardRelic":47,"Letter Opener":61,"MawBank":108,"WarpedTongs":9,"HornCleat":69,"Shuriken":57,"Ornamental Fan":103,"Tiny Chest":0,"Molten Egg 2":55,"Prayer Wheel":61,"Philosopher\u0027s Stone":92,"Red Mask":57,"Art of War":120,"Bottled Lightning":34,"Kunai":120,"hexamod:SpiritBrand":0,"Toy Ornithopter":106}],"Toy Ornithopter":15},"card_choices":[{"not_picked":["hexamod:RecurringNightmare","hexamod:FastForward"],"picked":"hexamod:DynamicBlow","floor":2},{"not_picked":["hexamod:BurningTouch","hexamod:ThermalTransfer"],"picked":"hexamod:InspiringFlames","floor":3},{"not_picked":["hexamod:FastForward","hexamod:ShieldOfDarkness"],"picked":"hexamod:Hexaguard","floor":4},{"not_picked":["hexamod:Firestarter","hexamod:BacktrackSmack"],"picked":"hexamod:Incineration","floor":6},{"not_picked":["hexamod:AdvancingGuard","hexamod:ThermalTransfer"],"picked":"hexamod:GhostOfSpirePresent","floor":8},{"not_picked":["hexamod:SpectersWail","hexamod:HeatShield","hexamod:StepThrough"],"picked":"Singing Bowl","floor":10},{"not_picked":["hexamod:TimeOfNeed","hexamod:GhostOfSpireFuture"],"picked":"hexamod:Hexaguard","floor":11},{"not_picked":["hexamod:HeatCrush","hexamod:BurningTouch","hexamod:FastForward"],"picked":"Singing Bowl","floor":13},{"not_picked":["hexamod:GhostShield","hexamod:ShieldOfDarkness"],"picked":"hexamod:Again","floor":14},{"not_picked":["hexamod:UnlimitedPower","hexamod:SuperheatedStrike","hexamod:SpectersWail"],"picked":"Singing Bowl","floor":15},{"not_picked":["hexamod:HexaLevel","hexamod:TimeWarp"],"picked":"hexamod:CrushingStance","floor":16},{"not_picked":["hexamod:ThermalTransfer","hexamod:NecessarySacrifice","hexamod:StepThrough"],"picked":"Singing Bowl","floor":19},{"not_picked":["hexamod:SpectersWail","hexamod:EmpoweredFlame"],"picked":"hexamod:FifthSeal","floor":20},{"not_picked":["hexamod:PowerFromBeyond","hexamod:RainOfEmbers+1","hexamod:DynamicBlow+1"],"picked":"Singing Bowl","floor":22},{"not_picked":["hexamod:AdvancingGuard+1","hexamod:SuperheatedStrike+1"],"picked":"hexamod:SpectralAdrenaline","floor":26},{"not_picked":["hexamod:ThirdSeal","hexamod:FourthSeal"],"picked":"hexamod:SixthSeal","floor":29},{"not_picked":["hexamod:GhostLash+1","hexamod:InspiringFlames"],"picked":"hexamod:ThirdSeal","floor":29},{"not_picked":["hexamod:GhostShield","hexamod:SwordOfDarkness+1"],"picked":"hexamod:GhostflameBarrier+1","floor":29},{"not_picked":["hexamod:BurningTouch","hexamod:SixthSeal","hexamod:TimeOfNeed"],"picked":"Singing Bowl","floor":30},{"not_picked":["hexamod:GhostOfSpirePresent","hexamod:FifthSeal"],"picked":"hexamod:RetreatToShadows+1","floor":30},{"not_picked":["hexamod:BacktrackSmack+1","hexamod:GhostLash+1"],"picked":"hexamod:Haunt","floor":31},{"not_picked":["hexamod:StepThrough+1","hexamod:FastForward+1","hexamod:BacktrackSmack+1"],"picked":"Singing Bowl","floor":31},{"not_picked":["hexamod:CatchUp","hexamod:NightmareGuise"],"picked":"hexamod:RecurringNightmare+1","floor":31},{"not_picked":["hexamod:SixthSeal","hexamod:ThirdSeal"],"picked":"hexamod:FourthSeal","floor":31},{"not_picked":["hexamod:NightmareStrike+1","hexamod:CatchUp","hexamod:SkipABeat"],"picked":"Singing Bowl","floor":32},{"not_picked":["hexamod:HeatShield","hexamod:SpectersWail+1","hexamod:BurningTouch"],"picked":"Singing Bowl","floor":32},{"not_picked":["hexamod:SpectralAdrenaline","hexamod:RainOfEmbers+1","hexamod:BurningTouch"],"picked":"Singing Bowl","floor":32},{"not_picked":["hexamod:SixthSeal","hexamod:SecondSeal"],"picked":"hexamod:FirstSeal","floor":33},{"not_picked":["hexamod:WildfireWeapon","hexamod:FifthSeal"],"picked":"hexamod:GiftsFromTheDead","floor":33},{"not_picked":["hexamod:TurnItUp","hexamod:GiftsFromTheDead"],"picked":"hexamod:UnleashSpirits+1","floor":33},{"not_picked":["hexamod:SecondSeal","hexamod:ThirdSeal","hexamod:SixthSeal"],"picked":"Singing Bowl","floor":36},{"not_picked":["hexamod:EtherealExpedition+1","hexamod:Firestarter+1"],"picked":"hexamod:GhostLash+1","floor":36},{"not_picked":["hexamod:NecessarySacrifice+1","hexamod:SwordOfDarkness+1"],"picked":"hexamod:GhostLash+1","floor":36},{"not_picked":["hexamod:SwordOfDarkness+1","hexamod:StepThrough+1","hexamod:ShieldOfDarkness+1"],"picked":"Singing Bowl","floor":38},{"not_picked":["hexamod:NightmareStrike+1","hexamod:ShieldOfDarkness","hexamod:ApocalypseNow"],"picked":"Singing Bowl","floor":38},{"not_picked":["hexamod:SwordOfDarkness+1","hexamod:GhostShield+1"],"picked":"hexamod:GhostOfSpirePresent+1","floor":39},{"not_picked":["hexamod:BurningTouch","hexamod:FastForward"],"picked":"hexamod:GhostLash+1","floor":40},{"not_picked":["hexamod:AdvancingGuard","hexamod:NightmareGuise+1","hexamod:RecurringNightmare"],"picked":"Singing Bowl","floor":43},{"not_picked":["hexamod:FourthSeal","hexamod:CrushingStance+1"],"picked":"hexamod:GhostShield+1","floor":43},{"not_picked":["hexamod:BurningTouch","hexamod:NightmareGuise","hexamod:GhostOfSpireFuture"],"picked":"Singing Bowl","floor":45},{"not_picked":["hexamod:ThermalTransfer+1","hexamod:FastForward","hexamod:BacktrackSmack+1"],"picked":"Singing Bowl","floor":46},{"not_picked":["hexamod:AdvancingGuard+1","hexamod:Firestarter+1","hexamod:NecessarySacrifice+1"],"picked":"Singing Bowl","floor":47},{"not_picked":["hexamod:FifthSeal","hexamod:GhostOfSpirePast+1","hexamod:GhostLash+1"],"picked":"Singing Bowl","floor":49},{"not_picked":["hexamod:SwordOfDarkness+1","hexamod:PhantomCloak","hexamod:NightmareGuise+1"],"picked":"Singing Bowl","floor":49}],"player_experience":593652,"relics_obtained":[{"floor":7,"key":"Singing Bowl"},{"floor":14,"key":"Bottled Lightning"},{"floor":21,"key":"Molten Egg 2"},{"floor":22,"key":"Red Mask"},{"floor":24,"key":"Shuriken"},{"floor":26,"key":"Prayer Wheel"},{"floor":26,"key":"Letter Opener"},{"floor":27,"key":"Thread and Needle"},{"floor":30,"key":"HornCleat"},{"floor":40,"key":"Toy Ornithopter"},{"floor":44,"key":"MawBank"},{"floor":45,"key":"StoneCalendar"},{"floor":46,"key":"champ:DuelingGlove"},{"floor":47,"key":"Art of War"},{"floor":48,"key":"Kunai"}],"event_choices":[{"damage_healed":0,"gold_gain":0,"player_choice":"Rummage","damage_taken":0,"relics_obtained":["WarpedTongs"],"max_hp_gain":0,"max_hp_loss":0,"event_name":"Accursed Blacksmith","floor":5,"gold_loss":0,"cards_obtained":["Pain"]},{"damage_healed":0,"gold_gain":0,"player_choice":"Fought Bandits","damage_taken":0,"max_hp_gain":0,"max_hp_loss":0,"event_name":"Masked Bandits","floor":22,"gold_loss":0}],"is_beta":false,"boss_relics":[{"not_picked":["Coffee Dripper","Sozu"],"picked":"expansioncontent:StudyCardRelic"},{"not_picked":["Runic Dome","Snecko Eye"],"picked":"Philosopher\u0027s Stone"}],"items_purged_floors":[6,39,42],"is_endless":false,"potions_floor_spawned":[2,13,15,16,19,22,29,30,43,45,46,47],"ascension_level":4}}