{"host":"tw7a6rmo9h75ssrt","time":1609763153,"event":{"mods":["AchievementEnabler","Act Like it!","BaseMod","Colored Map","Highlight Path","Minty Spire (QoL Compilation)","Permanent Neow","Quick Restart","Relic Stats","SuperFastMode"],"gold_per_floor":[112,131,206,206,131,131,31,31,77,77,40,40,57,91,91,186,186,196,196,111,36,36,36,61,81,151,181,196,196,214,66,66,170,170,187,62,0,0,10,10,23,23,23,40,40,70,170,188,188,188],"floor_reached":51,"playtime":2273,"items_purged":["Regret","Strike_R","Defend_R"],"score":821,"play_id":"7dc459bf-27f4-4743-a2a9-133c2b12bffe","local_time":"20210104202553","is_ascension_mode":true,"campfire_choices":[{"data":"Bash","floor":6.0,"key":"SMITH"},{"data":"Defend_R","floor":10.0,"key":"SMITH"},{"data":"Carnage","floor":12.0,"key":"SMITH"},{"data":"Reaper","floor":15.0,"key":"SMITH"},{"data":"Metallicize","floor":23.0,"key":"SMITH"},{"data":"Barricade","floor":29.0,"key":"SMITH"},{"data":"Defend_R","floor":32.0,"key":"SMITH"},{"data":"Impervious","floor":40.0,"key":"SMITH"},{"data":"Metamorphosis","floor":45,"key":"SMITH"}],"circlet_count":0,"master_deck":["Defend_R+1","Defend_R+1","Bash+1","Carnage+1","Reaper+1","Clothesline+1","Metallicize+1","Barricade+1","Carnage+1","Impervious+1","Metamorphosis+1"],"relics":["Snecko Eye","Bronze Scales","Lantern","Blue Candle","Philosopher\u0027s Stone","Nunchaku","Boot","Meat on the Bone","Mummified Hand","Vajra","Coffee Dripper","Red Mask","Letter Opener","Pocketwatch"],"acts_visited":["Exordium","TheCity","TheBeyond"],"potions_floor_usage":[50],"damage_taken":[{"damage":0.0,"enemies":"2 Louse","floor":1.0,"turns":2.0},{"damage":0.0,"enemies":"Small Slimes","floor":2.0,"turns":2.0},{"damage":3.0,"enemies":"Jaw Worm","floor":13.0,"turns":2.0},{"damage":4.0,"enemies":"3 Sentries","floor":14.0,"turns":5.0},{"damage":0.0,"enemies":"Slime Boss","floor":16.0,"turns":6.0},{"damage":7.0,"enemies":"3 Byrds","floor":18.0,"turns":3.0},{"damage":39.0,"enemies":"Slavers","floor":24.0,"turns":5.0},{"damage":9.0,"enemies":"2 Thieves","floor":25.0,"turns":3.0},{"damage":6.0,"enemies":"Book of Stabbing","floor":27.0,"turns":4.0},{"damage":0.0,"enemies":"3 Cultists","floor":28.0,"turns":4.0},{"damage":4.0,"enemies":"Centurion and Healer","floor":30.0,"turns":3.0},{"damage":9.0,"enemies":"Collector","floor":33.0,"turns":10.0},{"damage":9.0,"enemies":"3 Shapes","floor":35.0,"turns":3.0},{"damage":0.0,"enemies":"3 Darklings","floor":39.0,"turns":4.0},{"damage":0.0,"enemies":"Writhing Mass","floor":41.0,"turns":3.0},{"damage":9,"enemies":"Sphere and 2 Shapes","floor":44,"turns":5},{"damage":0,"enemies":"Giant Head","floor":46,"turns":7},{"damage":0,"enemies":"4 Shapes","floor":48,"turns":4},{"damage":36,"enemies":"Time Eater","floor":50,"turns":10}],"seed_played":"-4523944671017842824","potions_obtained":[{"floor":13.0,"key":"Weak Potion"},{"floor":14.0,"key":"LiquidMemories"},{"floor":18.0,"key":"Swift Potion"},{"floor":25.0,"key":"Strength Potion"},{"floor":27.0,"key":"Block Potion"},{"floor":33.0,"key":"Regen Potion"},{"floor":35.0,"key":"Fire Potion"},{"floor":41.0,"key":"Swift Potion"}],"is_trial":false,"path_per_floor":["M","M","?","?","$","R","$","?","T","R","$","R","M","E","R","B",null,"M","?","?","?","$","R","E","M","T","E","M","R","M","$","R","B",null,"M","$","?","?","M","R","M","?","T","M","R","E","?","M","R","B",null],"character_chosen":"IRONCLAD","items_purchased":["Carnage","Vajra"],"campfire_rested":0,"item_purchase_floors":[11,31],"current_hp_per_floor":[80,80,69,69,69,69,69,69,69,69,69,69,66,62,62,72,80,77,77,77,77,77,77,48,49,49,53,63,63,69,69,69,71,80,80,80,80,80,80,80,80,80,80,80,80,80,80,80,80,47],"gold":188,"neow_bonus":"BOSS_RELIC","is_daily":false,"chose_seed":false,"campfire_upgraded":9,"win_rate":0.0,"timestamp":1609763153,"path_taken":["M","M","?","?","$","R","?","?","T","R","$","R","?","E","R","BOSS","M","?","?","?","$","R","E","M","T","E","M","R","M","$","R","BOSS","M","$","?","?","M","R","M","?","T","M","R","E","?","M","R","BOSS"],"items_purchased_type":["Card","Relic"],"build_version":"2020-12-22","purchased_purges":3,"victory":true,"max_hp_per_floor":[80,80,80,80,80,80,80,80,80,80,80,80,80,80,80,80,80,80,80,80,80,80,80,80,80,80,80,80,80,80,80,80,80,80,80,80,80,80,80,80,80,80,80,80,80,80,80,80,80,80],"relic_stats":{"Nunchaku":[13],"counters":[19,85],"Mummified Hand":[35],"Bronze Scales":[221],"Blue Candle":[0],"Snecko Eye":[148,146,146,133],"Letter Opener":[15],"Boot":[15],"obtain_stats":[{"Lantern":9,"Blue Candle":14,"Vajra":31,"Letter Opener":43,"Boot":24,"Burning Blood":0,"Nunchaku":20,"Mummified Hand":27,"Bronze Scales":4,"Snecko Eye":0,"Philosopher\u0027s Stone":17,"Coffee Dripper":34,"Red Mask":37,"Meat on the Bone":26,"Pocketwatch":46},{"Lantern":2,"Blue Candle":4,"Vajra":11,"Letter Opener":15,"Boot":7,"Burning Blood":0,"Nunchaku":6,"Mummified Hand":9,"Bronze Scales":2,"Snecko Eye":0,"Philosopher\u0027s Stone":5,"Coffee Dripper":12,"Red Mask":13,"Meat on the Bone":8,"Pocketwatch":17},{"Lantern":4,"Blue Candle":11,"Vajra":39,"Letter Opener":59,"Boot":25,"Burning Blood":0,"Nunchaku":20,"Mummified Hand":32,"Bronze Scales":4,"Snecko Eye":0,"Philosopher\u0027s Stone":17,"Coffee Dripper":49,"Red Mask":52,"Meat on the Bone":28,"Pocketwatch":71}],"Meat on the Bone":0,"Pocketwatch":[11]},"card_choices":[{"not_picked":["Twin Strike","Clothesline","Thunderclap"],"picked":"SKIP","floor":1.0},{"not_picked":["Pommel Strike","Rupture","True Grit"],"picked":"SKIP","floor":2.0},{"not_picked":["Pommel Strike","Rupture","True Grit"],"picked":"SKIP","floor":2.0},{"not_picked":["Ghostly Armor","Body Slam","Inflame"],"picked":"SKIP","floor":13.0},{"not_picked":["Feed","Iron Wave"],"picked":"Reaper","floor":14.0},{"not_picked":["Battle Trance","Clash"],"picked":"Clothesline+1","floor":18.0},{"not_picked":["Clothesline+1","Body Slam","Reckless Charge+1"],"picked":"SKIP","floor":24.0},{"not_picked":["Thunderclap","Metallicize+1"],"picked":"Carnage+1","floor":25.0},{"not_picked":["Twin Strike+1","Wild Strike","Hemokinesis"],"picked":"SKIP","floor":27.0},{"not_picked":["Seeing Red","Warcry","Perfected Strike"],"picked":"SKIP","floor":28.0},{"not_picked":["Iron Wave","Hemokinesis+1","Havoc"],"picked":"SKIP","floor":30.0},{"not_picked":["Corruption","Immolate"],"picked":"Impervious","floor":33.0},{"not_picked":["Pommel Strike+1","True Grit+1","Cleave+1"],"picked":"SKIP","floor":35.0},{"not_picked":["Finesse","Dramatic Entrance"],"picked":"Metamorphosis","floor":38.0},{"not_picked":["Sever Soul","Cleave","Power Through+1"],"picked":"SKIP","floor":39.0},{"not_picked":["Clothesline+1","Wild Strike+1","Warcry"],"picked":"SKIP","floor":41.0},{"not_picked":["Anger+1","Infernal Blade","Headbutt"],"picked":"SKIP","floor":44},{"not_picked":["Cleave","Shrug It Off","Inflame"],"picked":"SKIP","floor":46},{"not_picked":["Spot Weakness","Clothesline","Heavy Blade+1"],"picked":"SKIP","floor":48}],"player_experience":4306,"relics_obtained":[{"floor":9.0,"key":"Lantern"},{"floor":14.0,"key":"Blue Candle"},{"floor":24.0,"key":"Boot"},{"floor":26.0,"key":"Meat on the Bone"},{"floor":27.0,"key":"Mummified Hand"},{"floor":43.0,"key":"Letter Opener"},{"floor":46,"key":"Pocketwatch"}],"event_choices":[{"damage_healed":0.0,"max_hp_gain":0.0,"max_hp_loss":0.0,"gold_gain":75.0,"event_name":"World of Goop","player_choice":"Gather Gold","floor":3.0,"gold_loss":0.0,"damage_taken":11.0},{"damage_healed":0.0,"max_hp_gain":0.0,"max_hp_loss":0.0,"gold_gain":0.0,"event_name":"Big Fish","player_choice":"Box","floor":4.0,"gold_loss":0.0,"damage_taken":0.0,"relics_obtained":["Bronze Scales"],"cards_obtained":["Regret"]},{"cards_removed":["Strike_R"],"damage_healed":0.0,"max_hp_gain":0.0,"max_hp_loss":0.0,"gold_gain":0.0,"event_name":"Bonfire Elementals","player_choice":"Offered Basic","floor":8.0,"gold_loss":0.0,"damage_taken":0.0},{"damage_healed":0.0,"max_hp_gain":0.0,"max_hp_loss":0.0,"gold_gain":0.0,"cards_transformed":["Strike_R","Strike_R"],"event_name":"Drug Dealer","player_choice":"Became Test Subject","floor":19.0,"gold_loss":0.0,"damage_taken":0.0,"cards_obtained":["Metallicize","Barricade"]},{"damage_healed":0.0,"max_hp_gain":0.0,"max_hp_loss":0.0,"gold_gain":0.0,"event_name":"Addict","player_choice":"Obtained Relic","floor":20.0,"gold_loss":85.0,"damage_taken":0.0,"relics_obtained":["Nunchaku"]},{"cards_removed":["Strike_R"],"damage_healed":0.0,"max_hp_gain":0.0,"max_hp_loss":0.0,"gold_gain":0.0,"event_name":"Beggar","player_choice":"Gave Gold","floor":21.0,"gold_loss":75.0,"damage_taken":0.0},{"damage_healed":0.0,"max_hp_gain":0.0,"max_hp_loss":0.0,"gold_gain":0.0,"event_name":"Tomb of Lord Red Mask","player_choice":"Paid","floor":37.0,"gold_loss":62.0,"damage_taken":0.0,"relics_obtained":["Red Mask"]},{"damage_healed":0.0,"max_hp_gain":0.0,"max_hp_loss":0.0,"gold_gain":0.0,"event_name":"SensoryStone","player_choice":"Memory 1","floor":38.0,"gold_loss":0.0,"damage_taken":0.0},{"cards_removed":["Defend_R"],"damage_healed":0.0,"max_hp_gain":0.0,"max_hp_loss":0.0,"gold_gain":0.0,"event_name":"Falling","player_choice":"Removed Skill","floor":42.0,"gold_loss":0.0,"damage_taken":0.0},{"damage_healed":0,"gold_gain":100,"player_choice":"Pray","damage_taken":0,"max_hp_gain":0,"max_hp_loss":0,"event_name":"Golden Shrine","floor":47,"gold_loss":0}],"is_beta":false,"boss_relics":[{"not_picked":["Mark of Pain","Velvet Choker"],"picked":"Philosopher\u0027s Stone"},{"not_picked":["Runic Pyramid","Black Star"],"picked":"Coffee Dripper"}],"items_purged_floors":[5,7,36],"is_endless":false,"potions_floor_spawned":[13,14,18,25,27,33,35,39,41],"ascension_level":1}}