{"host":"1a3cjta80tad0aqj","time":1609802377,"event":{"mods":["2.2 Compatiblity","AchievementEnabler","BaseMod","Colored Map","DeckTracker","KOR Keyword Fix","Keyboard Shortcuts","Minty Spire (QoL Compilation)","Permanent Neow","Quick Restart","Random Character Button","StSLib","SuperFastMode","everything is the same but u backflip on backflip"],"gold_per_floor":[144,40,40,85,160,160,250,295,295,295,340,385,430,520,520,520,520],"floor_reached":16,"playtime":800,"items_purged":[],"score":112,"play_id":"40a19a65-0d73-4cd7-badc-89e7b227d8e8","local_time":"20210105081937","daily_mods":["Chimera","Diverse","Midas"],"is_ascension_mode":false,"campfire_choices":[{"floor":6,"key":"REST"},{"floor":10,"key":"REST"},{"floor":15,"key":"REST"}],"circlet_count":0,"master_deck":["Bash","Survivor","Zap","Eruption","Strike_R","Strike_G","Strike_B","Defend_R","Defend_G","Defend_P","Halt","EmptyFist","Genetic Algorithm","Prepared","Evaluate","Cleave","Rage+1","CutThroughFate","Multi-Cast+1"],"relics":["Cracked Core","Happy Flower","Toxic Egg 2","Thread and Needle"],"acts_visited":["Exordium"],"potions_floor_usage":[7,12,16,16],"damage_taken":[{"damage":0,"enemies":"Cultist","floor":1,"turns":3},{"damage":0,"enemies":"Small Slimes","floor":4,"turns":2},{"damage":24,"enemies":"Gremlin Nob","floor":7,"turns":4},{"damage":3,"enemies":"2 Louse","floor":8,"turns":3},{"damage":0,"enemies":"2 Fungi Beasts","floor":11,"turns":4},{"damage":0,"enemies":"Blue Slaver","floor":12,"turns":3},{"damage":26,"enemies":"Red Slaver","floor":13,"turns":4},{"damage":13,"enemies":"Lagavulin","floor":14,"turns":5},{"damage":58,"enemies":"The Guardian","floor":16,"turns":7}],"seed_played":"-6631355389535803282","potions_obtained":[{"floor":7,"key":"BlessingOfTheForge"},{"floor":8,"key":"Energy Potion"},{"floor":11,"key":"Energy Potion"},{"floor":14,"key":"FocusPotion"}],"is_trial":false,"path_per_floor":["M","$","?","M","?","R","E","M","T","R","M","M","M","E","R","B"],"character_chosen":"DEFECT","items_purchased":["EmptyFist","Energy Potion"],"campfire_rested":3,"item_purchase_floors":[2,2],"current_hp_per_floor":[75,75,75,75,64,75,51,48,48,70,70,70,44,31,53,0,0],"gold":520,"neow_bonus":"","is_daily":true,"chose_seed":false,"campfire_upgraded":0,"win_rate":0.0,"timestamp":1609802377,"path_taken":["M","$","?","M","?","R","E","M","T","R","M","M","M","E","R","BOSS"],"items_purchased_type":["Card","Potion"],"build_version":"2020-12-22","purchased_purges":0,"victory":false,"max_hp_per_floor":[75,75,75,75,75,75,75,75,75,75,75,75,75,75,75,75,75],"card_choices":[{"not_picked":["EmptyFist","Feel No Pain"],"picked":"Halt","floor":1},{"not_picked":["Second Wind","Halt"],"picked":"Genetic Algorithm","floor":4},{"not_picked":["Outmaneuver","Accuracy"],"picked":"Prepared","floor":7},{"not_picked":["Skim","Redo"],"picked":"Evaluate","floor":8},{"not_picked":["True Grit+1","CutThroughFate"],"picked":"Cleave","floor":11},{"not_picked":["Poisoned Stab","Go for the Eyes"],"picked":"Rage+1","floor":12},{"not_picked":["Prepared+1","Sunder"],"picked":"CutThroughFate","floor":13},{"not_picked":["FlurryOfBlows","Choke"],"picked":"Multi-Cast+1","floor":14}],"player_experience":98389,"relics_obtained":[{"floor":7,"key":"Happy Flower"},{"floor":9,"key":"Toxic Egg 2"},{"floor":14,"key":"Thread and Needle"}],"event_choices":[{"damage_healed":0,"gold_gain":0,"player_choice":"Leave","damage_taken":0,"max_hp_gain":0,"max_hp_loss":0,"event_name":"The Cleric","floor":3,"gold_loss":0},{"damage_healed":0,"gold_gain":75,"player_choice":"Gather Gold","damage_taken":11,"max_hp_gain":0,"max_hp_loss":0,"event_name":"World of Goop","floor":5,"gold_loss":0}],"is_beta":false,"boss_relics":[],"items_purged_floors":[],"is_endless":false,"potions_floor_spawned":[7,8,11,14],"killed_by":"The Guardian","ascension_level":0}}