{"host":"a7dhdzm3fda48fos","time":1609799146,"event":{"mods":["AchievementEnabler","AlwaysNeverKeys","BaseMod","Better Altar","Better Note","Better Sensory Stone","Better Skull","Better Third Choice","Block Reminder","Colored Map","Gold Saver","Hermit","Minty Spire (QoL Compilation)","Quick Restart","Relic Sorter","Relic Stats","Remove Card Discount Mod","Shop Mod","Spicy Shops","StSLib"],"gold_per_floor":[1148,1148,1148,601,619,649,649,57,57,87,119,93,14,24,24,127,127,137,52,7,7,25,51,51,85,110,110,122,139,139,155,155,252,252,262,307,319,2,2,2,37,37,105,130,147,147,160,192,192,192,192,192,4,37,37],"floor_reached":56,"playtime":3808,"items_purged":[],"score":1425,"play_id":"d32c4a57-0ec1-4497-b19f-38c8f00608b6","local_time":"20210104232546","is_ascension_mode":true,"campfire_choices":[{"data":"Self Repair","floor":7,"key":"SMITH"},{"floor":15,"key":"REST"},{"data":"Storm","floor":24,"key":"SMITH"},{"data":"Echo Form","floor":27,"key":"SMITH"},{"data":"Defragment","floor":32,"key":"SMITH"},{"data":"Amplify","floor":40,"key":"SMITH"},{"data":"Aggregate","floor":46,"key":"SMITH"},{"data":"Aggregate","floor":49,"key":"SMITH"},{"data":"Electrodynamics","floor":52,"key":"SMITH"}],"circlet_count":0,"master_deck":["Defend_B","Defend_B","Defend_B+1","Defend_B","Zap","Dualcast+1","Dramatic Entrance+1","Compile Driver","Defragment+1","Self Repair+1","Force Field","Capacitor","Conserve Battery+1","Ball Lightning","Storm+1","Compile Driver","Electrodynamics+1","Bite","Bite","Bite","Bite","Bite","Hologram+1","Aggregate+1","Echo Form+1","Aggregate+1","Rip and Tear+1","Amplify+1","Force Field","Conserve Battery","Streamline+1","Conserve Battery","Loop+1","Force Field+1","Genetic Algorithm+1","Static Discharge","Defragment","Capacitor+1"],"relics":["Cracked Core","Frozen Eye","Gremlin Horn","MerchantsRug","Toy Ornithopter","Centennial Puzzle","Unceasing Top","Coffee Dripper","The Courier","Tiny Chest","White Beast Statue","Pantograph","Ancient Tea Set","Inserter","Bird Faced Urn","Membership Card","Lantern","Eternal Feather","Meat on the Bone","Question Card","Pen Nib","Mummified Hand","Bottled Lightning","Nunchaku","Bottled Tornado","Vajra","Ornamental Fan","InkBottle"],"acts_visited":["Exordium","TheCity","TheBeyond","TheEnding"],"potions_floor_usage":[23,29,36,48,55],"damage_taken":[{"damage":6,"enemies":"Jaw Worm","floor":1,"turns":2},{"damage":0,"enemies":"Small Slimes","floor":5,"turns":1},{"damage":47,"enemies":"Lagavulin","floor":6,"turns":7},{"damage":23,"enemies":"Gremlin Nob","floor":10,"turns":5},{"damage":0,"enemies":"2 Louse","floor":14,"turns":1},{"damage":11,"enemies":"Hexaghost","floor":16,"turns":9},{"damage":12,"enemies":"Shell Parasite","floor":18,"turns":6},{"damage":10,"enemies":"Spheric Guardian","floor":22,"turns":3},{"damage":53,"enemies":"Book of Stabbing","floor":23,"turns":7},{"damage":50,"enemies":"Gremlin Leader","floor":25,"turns":5},{"damage":0,"enemies":"3 Cultists","floor":28,"turns":2},{"damage":0,"enemies":"Centurion and Healer","floor":29,"turns":2},{"damage":0,"enemies":"Snake Plant","floor":31,"turns":2},{"damage":16,"enemies":"Champ","floor":33,"turns":6},{"damage":20,"enemies":"3 Shapes","floor":35,"turns":2},{"damage":36,"enemies":"2 Orb Walkers","floor":36,"turns":3},{"damage":6,"enemies":"Orb Walker","floor":37,"turns":3},{"damage":14,"enemies":"Reptomancer","floor":41,"turns":5},{"damage":2,"enemies":"Maw","floor":45,"turns":5},{"damage":0,"enemies":"Writhing Mass","floor":47,"turns":3},{"damage":30,"enemies":"Giant Head","floor":48,"turns":7},{"damage":0,"enemies":"Awakened One","floor":50,"turns":4},{"damage":0,"enemies":"Shield and Spear","floor":54,"turns":1},{"damage":118,"enemies":"The Heart","floor":55,"turns":6}],"seed_played":"-8858588903134149823","potions_obtained":[{"floor":5,"key":"FairyPotion"},{"floor":10,"key":"FocusPotion"},{"floor":16,"key":"Dexterity Potion"},{"floor":22,"key":"Fruit Juice"},{"floor":25,"key":"Swift Potion"},{"floor":28,"key":"ColorlessPotion"},{"floor":29,"key":"EssenceOfSteel"},{"floor":31,"key":"DuplicationPotion"},{"floor":36,"key":"Strength Potion"},{"floor":41,"key":"FocusPotion"},{"floor":45,"key":"ColorlessPotion"},{"floor":48,"key":"FearPotion"},{"floor":54,"key":"DuplicationPotion"}],"is_trial":false,"path_per_floor":["M","?","?","$","M","E","R","$","T","E","$","?","$","M","R","B",null,"M","?","$","?","M","E","R","E","T","R","M","M","?","M","R","B",null,"M","?","M","$","T","R","E","?","T","T","M","R","M","E","R","B",null,"R","$","E","B",null],"character_chosen":"DEFECT","items_purchased":["Defragment","Frozen Eye","Gremlin Horn","MerchantsRug","Capacitor","Conserve Battery","Matryoshka","FairyPotion","Storm","Tiny Chest","Membership Card","Lantern","Eternal Feather","Meat on the Bone","Nunchaku","Bottled Tornado","Vajra","Ornamental Fan","Static Discharge","Defragment"],"campfire_rested":1,"item_purchase_floors":[4,4,4,4,8,8,8,8,13,20,38,38,38,38,53,53,53,53,53,53],"current_hp_per_floor":[69,69,54,54,54,14,14,14,24,11,11,11,11,11,36,35,85,83,83,83,59,59,31,31,24,24,24,28,39,39,47,47,64,64,46,33,39,39,39,57,64,64,64,71,71,71,71,59,71,71,71,71,71,71,44],"gold":37,"neow_bonus":"RANDOM_COLORLESS","is_daily":false,"chose_seed":false,"campfire_upgraded":8,"win_rate":0.0,"timestamp":1609799146,"path_taken":["M","?","?","$","M","E","R","$","T","E","$","?","?","?","R","BOSS","M","?","$","?","M","E","R","E","T","R","M","M","?","M","R","BOSS","M","?","M","$","?","R","E","?","T","?","?","R","M","E","R","BOSS","R","$","E","BOSS"],"items_purchased_type":["Card","Relic","Relic","Relic","Card","Card","Relic","Potion","Card","Relic","Relic","Relic","Relic","Relic","Relic","Relic","Relic","Relic","Card","Card"],"build_version":"2020-12-22","purchased_purges":0,"victory":true,"max_hp_per_floor":[75,75,75,75,75,75,75,75,85,85,85,85,85,85,85,85,85,85,85,85,59,59,64,64,64,64,64,64,64,64,64,64,64,64,64,64,64,64,64,64,64,64,64,71,71,71,71,71,71,71,71,71,71,71,71],"relic_stats":{"Inserter":[18],"Gremlin Horn":[20,20],"counters":[24,96],"Eternal Feather":30,"Pen Nib":[8],"Question Card":5,"Centennial Puzzle":[42],"Nunchaku":[1],"Mummified Hand":[46],"Ornamental Fan":[12],"Pantograph":17,"Bird Faced Urn":[41],"Tiny Chest":1,"obtain_stats":[{"Lantern":38,"Gremlin Horn":4,"Vajra":53,"Bottled Tornado":53,"Ancient Tea Set":26,"Frozen Eye":4,"Centennial Puzzle":9,"Nunchaku":53,"Matryoshka":8,"Mummified Hand":43,"Pantograph":25,"Strawberry":44,"Tiny Chest":20,"Cracked Core":0,"InkBottle":54,"MerchantsRug":4,"Pear":9,"Inserter":34,"Eternal Feather":38,"The Courier":19,"Pen Nib":41,"War Paint":26,"Question Card":39,"White Beast Statue":23,"Ornamental Fan":53,"Bird Faced Urn":36,"Coffee Dripper":17,"Membership Card":38,"Bottled Lightning":48,"Toy Ornithopter":6,"Unceasing Top":10,"Meat on the Bone":38},{"Lantern":17,"Gremlin Horn":1,"Vajra":22,"Bottled Tornado":22,"Ancient Tea Set":10,"Frozen Eye":1,"Centennial Puzzle":3,"Nunchaku":22,"Matryoshka":3,"Mummified Hand":18,"Pantograph":10,"Strawberry":18,"Tiny Chest":7,"Cracked Core":0,"InkBottle":23,"MerchantsRug":1,"Pear":3,"Inserter":14,"Eternal Feather":17,"The Courier":7,"Pen Nib":18,"War Paint":10,"Question Card":17,"White Beast Statue":9,"Ornamental Fan":22,"Bird Faced Urn":16,"Coffee Dripper":6,"Membership Card":17,"Bottled Lightning":21,"Toy Ornithopter":3,"Unceasing Top":4,"Meat on the Bone":17},{"Lantern":66,"Gremlin Horn":2,"Vajra":90,"Bottled Tornado":90,"Ancient Tea Set":46,"Frozen Eye":2,"Centennial Puzzle":10,"Nunchaku":90,"Matryoshka":10,"Mummified Hand":71,"Pantograph":46,"Strawberry":71,"Tiny Chest":31,"Cracked Core":0,"InkBottle":91,"MerchantsRug":2,"Pear":10,"Inserter":58,"Eternal Feather":66,"The Courier":31,"Pen Nib":71,"War Paint":46,"Question Card":66,"White Beast Statue":41,"Ornamental Fan":90,"Bird Faced Urn":63,"Coffee Dripper":25,"Membership Card":66,"Bottled Lightning":86,"Toy Ornithopter":10,"Unceasing Top":15,"Meat on the Bone":66}],"Toy Ornithopter":15,"Unceasing Top":[137],"InkBottle":[4],"Meat on the Bone":12},"card_choices":[{"not_picked":["Forethought","Swift Strike"],"picked":"Dramatic Entrance","floor":0},{"not_picked":["Heatsinks","Sweeping Beam"],"picked":"Compile Driver","floor":1},{"not_picked":["Steam","Defragment"],"picked":"Self Repair","floor":5},{"not_picked":["Leap","Self Repair"],"picked":"Force Field","floor":6},{"not_picked":["Force Field","Sweeping Beam"],"picked":"Ball Lightning","floor":10},{"not_picked":["Redo","Genetic Algorithm"],"picked":"Compile Driver","floor":14},{"not_picked":["Reboot","Meteor Strike"],"picked":"Electrodynamics","floor":16},{"not_picked":["Sweeping Beam","Tempest"],"picked":"Streamline+1","floor":18},{"not_picked":["Leap","Redo"],"picked":"Hologram+1","floor":22},{"not_picked":["Beam Cell","Streamline"],"picked":"Aggregate","floor":23},{"not_picked":["Melter","White Noise+1"],"picked":"Echo Form","floor":25},{"not_picked":["Go for the Eyes","Skim"],"picked":"Aggregate","floor":28},{"not_picked":["Coolheaded","Steam+1","Cold Snap"],"picked":"SKIP","floor":29},{"not_picked":["Hello World+1","Darkness"],"picked":"Rip and Tear+1","floor":31},{"not_picked":["Biased Cognition","Fission"],"picked":"Amplify","floor":33},{"not_picked":["Redo","Steam+1"],"picked":"Force Field","floor":35},{"not_picked":["Leap+1","Ball Lightning"],"picked":"Conserve Battery","floor":36},{"not_picked":["Force Field+1","Leap"],"picked":"Streamline+1","floor":37},{"not_picked":["Steam Power+1","Compile Driver","Cold Snap"],"picked":"Conserve Battery","floor":41},{"not_picked":["Meteor Strike","Redo+1","Auto Shields+1"],"picked":"Loop+1","floor":45},{"not_picked":["Cold Snap+1","Gash+1","Turbo+1"],"picked":"Force Field+1","floor":47},{"not_picked":["Gash+1","Beam Cell","Steam"],"picked":"Genetic Algorithm+1","floor":48},{"not_picked":["Streamline","Darkness","Cold Snap+1"],"picked":"Capacitor+1","floor":54}],"player_experience":68680,"relics_obtained":[{"floor":6,"key":"Toy Ornithopter"},{"floor":9,"key":"Centennial Puzzle"},{"floor":9,"key":"Pear"},{"floor":10,"key":"Unceasing Top"},{"floor":23,"key":"White Beast Statue"},{"floor":25,"key":"Pantograph"},{"floor":26,"key":"Ancient Tea Set"},{"floor":26,"key":"War Paint"},{"floor":36,"key":"Bird Faced Urn"},{"floor":39,"key":"Question Card"},{"floor":41,"key":"Pen Nib"},{"floor":43,"key":"Mummified Hand"},{"floor":44,"key":"Strawberry"},{"floor":48,"key":"Bottled Lightning"},{"floor":54,"key":"InkBottle"}],"event_choices":[{"damage_healed":0,"gold_gain":0,"player_choice":"Ignored","damage_taken":1148,"max_hp_gain":0,"max_hp_loss":0,"event_name":"betterThird:BetterSerpent","floor":2,"gold_loss":0},{"damage_healed":69,"gold_gain":0,"player_choice":"Upgrade","damage_taken":15,"max_hp_gain":0,"max_hp_loss":75,"event_name":"betterThird:BetterShining","floor":3,"gold_loss":0,"cards_upgraded":["Defend_B","Dramatic Entrance"]},{"damage_healed":0,"gold_gain":0,"player_choice":"Left","damage_taken":0,"max_hp_gain":0,"max_hp_loss":0,"event_name":"betterThird:BetterGoop","floor":12,"gold_loss":26},{"damage_healed":0,"gold_gain":0,"player_choice":"Obtained Relic","damage_taken":0,"relics_obtained":["The Courier"],"max_hp_gain":0,"max_hp_loss":0,"event_name":"Addict","floor":19,"gold_loss":85},{"damage_healed":0,"gold_gain":0,"player_choice":"Became a vampire","damage_taken":0,"max_hp_gain":0,"max_hp_loss":26,"event_name":"Vampires","floor":21,"gold_loss":0,"cards_obtained":["Bite","Bite","Bite","Bite","Bite"]},{"damage_healed":0,"gold_gain":0,"player_choice":"Ignored","damage_taken":0,"max_hp_gain":0,"max_hp_loss":0,"event_name":"Beggar","floor":30,"gold_loss":0},{"damage_healed":0,"gold_gain":0,"player_choice":"Fight","damage_taken":0,"max_hp_gain":0,"max_hp_loss":0,"event_name":"Mysterious Sphere","floor":36,"gold_loss":0},{"cards_removed":["Streamline"],"damage_healed":0,"gold_gain":0,"player_choice":"Removed Attack","damage_taken":0,"max_hp_gain":0,"max_hp_loss":0,"event_name":"Falling","floor":42,"gold_loss":0}],"is_beta":false,"boss_relics":[{"not_picked":["SacredBark","Empty Cage"],"picked":"Coffee Dripper"},{"not_picked":["Calling Bell","Tiny House"],"picked":"Inserter"}],"items_purged_floors":[],"is_endless":false,"potions_floor_spawned":[5,10,16,22,25,28,29,31,33,35,36,37,41,45,47,48,54],"ascension_level":1}}