{"host":"ryuep8ewa00k39z9","time":1609784909,"event":{"mods":["AchievementEnabler","BaseMod","Best Route Mod","Colored Map","Colored Powertips","Displayed Cursed Tome","Highlight Path","Minty Spire (QoL Compilation)","Quick Restart","SuperFastMode"],"gold_per_floor":[119,44,56,56,68,94,56,84,110,110,123,137,202,218,218,316,316,326,344,143,143,143,143,143,143],"floor_reached":24,"playtime":737,"items_purged":["Strike_B","Strike_B"],"score":288,"play_id":"8e604820-0207-4805-8a77-10230fcad2ff","local_time":"20210104122829","is_ascension_mode":true,"campfire_choices":[{"data":"Defragment","floor":10.0,"key":"SMITH"},{"floor":15.0,"key":"REST"},{"floor":23.0,"key":"REST"}],"circlet_count":0,"master_deck":["Strike_B","Strike_B","Defend_B","Defend_B","Zap","Dualcast","Defragment+1","Echo Form","Sunder","Self Repair","Meteor Strike","Barrage","Conserve Battery","Conserve Battery","Trip","Necronomicurse","Conserve Battery","Auto Shields"],"relics":["Cracked Core","NeowsBlessing","MealTicket","Lantern","Blood Vial","Smiling Mask","Orichalcum","Inserter","Necronomicon"],"acts_visited":["Exordium","TheCity"],"potions_floor_usage":[24],"damage_taken":[{"damage":0.0,"enemies":"Cultist","floor":1.0,"turns":1.0},{"damage":0.0,"enemies":"2 Louse","floor":3.0,"turns":1.0},{"damage":0.0,"enemies":"Small Slimes","floor":5.0,"turns":1.0},{"damage":13.0,"enemies":"Gremlin Nob","floor":6.0,"turns":3.0},{"damage":30.0,"enemies":"3 Sentries","floor":8.0,"turns":6.0},{"damage":16.0,"enemies":"Exordium Wildlife","floor":11.0,"turns":4.0},{"damage":8.0,"enemies":"Large Slime","floor":12.0,"turns":4.0},{"damage":24.0,"enemies":"Gremlin Nob","floor":13.0,"turns":4.0},{"damage":2.0,"enemies":"3 Louse","floor":14.0,"turns":4.0},{"damage":24.0,"enemies":"Hexaghost","floor":16.0,"turns":9.0},{"damage":27.0,"enemies":"Spheric Guardian","floor":18.0,"turns":5.0},{"damage":22.0,"enemies":"2 Thieves","floor":19.0,"turns":4.0},{"damage":44,"enemies":"3 Cultists","floor":24,"turns":5}],"seed_played":"7082837758171607881","potions_obtained":[{"floor":1.0,"key":"Explosive Potion"},{"floor":3.0,"key":"AttackPotion"},{"floor":6.0,"key":"SpeedPotion"},{"floor":16.0,"key":"Weak Potion"},{"floor":19.0,"key":"FocusPotion"}],"is_trial":false,"path_per_floor":["M","$","M","?","M","E","$","E","T","R","M","M","?","M","R","B",null,"M","M","$","?","?","R","M"],"character_chosen":"DEFECT","items_purchased":["Sunder","Conserve Battery","Trip"],"campfire_rested":2,"item_purchase_floors":[7,20,20],"current_hp_per_floor":[68,68,68,68,68,55,70,40,40,40,33,34,12,19,41,26,63,45,25,40,24,24,46,4,4],"gold":143,"neow_bonus":"THREE_ENEMY_KILL","is_daily":false,"chose_seed":false,"campfire_upgraded":1,"win_rate":0.0,"timestamp":1609784909,"path_taken":["M","$","?","?","?","E","$","E","T","R","M","?","?","M","R","BOSS","M","M","$","?","?","R","M"],"items_purchased_type":["Card","Card","Card"],"build_version":"2020-12-22","purchased_purges":2,"victory":false,"max_hp_per_floor":[75,75,75,75,75,75,75,75,75,75,75,75,75,75,75,75,75,75,75,75,75,75,75,75,75],"card_choices":[{"not_picked":["Fusion","Stack"],"picked":"Defragment","floor":1.0},{"not_picked":["Cold Snap","Genetic Algorithm","Barrage"],"picked":"SKIP","floor":3.0},{"not_picked":["Beam Cell","Chill","Gash"],"picked":"SKIP","floor":5.0},{"not_picked":["Streamline","Auto Shields"],"picked":"Echo Form","floor":6.0},{"not_picked":["Reprogram","Coolheaded"],"picked":"Self Repair","floor":8.0},{"not_picked":["Streamline","Stack","Heatsinks"],"picked":"SKIP","floor":11.0},{"not_picked":["Gash","Darkness","Steam"],"picked":"SKIP","floor":12.0},{"not_picked":["Gash","Ball Lightning","Reinforced Body"],"picked":"SKIP","floor":14.0},{"not_picked":["Core Surge","All For One"],"picked":"Meteor Strike","floor":16.0},{"not_picked":["Barrage","Blizzard","Aggregate"],"picked":"SKIP","floor":18.0},{"not_picked":["Blizzard","Aggregate"],"picked":"Barrage","floor":18.0},{"not_picked":["Chill","Gash"],"picked":"Conserve Battery","floor":19.0}],"player_experience":3896327,"relics_obtained":[{"floor":6.0,"key":"Lantern"},{"floor":8.0,"key":"Blood Vial"},{"floor":9.0,"key":"Smiling Mask"},{"floor":13.0,"key":"Orichalcum"}],"event_choices":[{"damage_healed":0.0,"max_hp_gain":0.0,"max_hp_loss":0.0,"gold_gain":0.0,"event_name":"WeMeetAgain","player_choice":"Gave Potion","floor":4.0,"gold_loss":0.0,"damage_taken":0.0,"relics_obtained":["MealTicket"]},{"damage_healed":0.0,"max_hp_gain":0.0,"max_hp_loss":0.0,"gold_gain":0.0,"event_name":"Dead Adventurer","player_choice":"Searched \u00271\u0027 times","floor":13.0,"gold_loss":0.0,"damage_taken":0.0},{"damage_healed":0.0,"max_hp_gain":0.0,"max_hp_loss":0.0,"gold_gain":0.0,"event_name":"Cursed Tome","player_choice":"Obtained Book","floor":21.0,"gold_loss":0.0,"damage_taken":16.0},{"damage_healed":0.0,"max_hp_gain":0.0,"max_hp_loss":0.0,"gold_gain":0.0,"cards_transformed":["Defend_B","Defend_B"],"event_name":"Drug Dealer","player_choice":"Became Test Subject","floor":22.0,"gold_loss":0.0,"damage_taken":0.0,"cards_obtained":["Conserve Battery","Auto Shields"]}],"is_beta":false,"boss_relics":[{"not_picked":["Black Star","Velvet Choker"],"picked":"Inserter"}],"items_purged_floors":[2,20],"is_endless":false,"potions_floor_spawned":[1,3,6,16,19],"killed_by":"3 Cultists","ascension_level":8}}