{"host":"tnsigirk6wurdark","time":1609748173,"event":{"mods":["BaseMod","Highlight Path","Minty Spire (QoL Compilation)","Quick Restart","Relic Sorter","SuperFastMode","Synergy Search"],"gold_per_floor":[116,133,151,226,8,39,39,59,59,70,21,21,21,41,41,118,118,86,98,114,114,114,114,114,114],"floor_reached":24,"playtime":1135,"items_purged":["Strike_G"],"score":337,"play_id":"319a0e32-7f90-48b1-95dc-649356bbdc66","local_time":"20210104081613","is_ascension_mode":true,"campfire_choices":[{"floor":7,"key":"REST"},{"floor":13,"key":"REST"},{"floor":15,"key":"REST"},{"floor":23,"key":"REST"}],"circlet_count":0,"master_deck":["AscendersBane","Strike_G","Strike_G","Strike_G","Defend_G","Defend_G","Defend_G","Defend_G","Defend_G","Survivor","Neutralize","Poisoned Stab","Slice","Backflip","After Image","Dagger Spray","Leg Sweep","Backflip","Dash","After Image","Blur","Outmaneuver+1","Cloak And Dagger"],"relics":["Ring of the Snake","Darkstone Periapt","TungstenRod","TheAbacus","Mummified Hand","SlaversCollar"],"acts_visited":["Exordium","TheCity"],"potions_floor_usage":[6,10,14,16],"damage_taken":[{"damage":0,"enemies":"Small Slimes","floor":1,"turns":3},{"damage":6,"enemies":"Jaw Worm","floor":2,"turns":5},{"damage":0,"enemies":"2 Louse","floor":3,"turns":3},{"damage":13,"enemies":"Lagavulin","floor":6,"turns":7},{"damage":3,"enemies":"Blue Slaver","floor":8,"turns":4},{"damage":0,"enemies":"Looter","floor":10,"turns":3},{"damage":11,"enemies":"Gremlin Gang","floor":14,"turns":4},{"damage":13,"enemies":"The Guardian","floor":16,"turns":14},{"damage":13,"enemies":"2 Thieves","floor":18,"turns":5},{"damage":0,"enemies":"Chosen","floor":19,"turns":7},{"damage":7,"enemies":"Shelled Parasite and Fungi","floor":20,"turns":15},{"damage":54,"enemies":"Gremlin Leader","floor":24,"turns":8}],"seed_played":"-7788064274999159879","potions_obtained":[{"floor":2,"key":"CultistPotion"},{"floor":6,"key":"Energy Potion"},{"floor":10,"key":"BlessingOfTheForge"},{"floor":14,"key":"CultistPotion"}],"is_trial":false,"path_per_floor":["M","M","M","?","$","E","R","M","T","M","$","?","R","M","R","B",null,"M","M","M","?","?","R","E"],"character_chosen":"THE_SILENT","items_purchased":["TheAbacus","Backflip"],"campfire_rested":4,"item_purchase_floors":[5,11],"current_hp_per_floor":[44,38,38,28,28,15,34,31,31,31,31,31,50,39,58,45,61,48,48,41,41,30,51,0,0],"gold":114,"neow_bonus":"ONE_RARE_RELIC","is_daily":false,"chose_seed":false,"campfire_upgraded":0,"win_rate":0.0,"timestamp":1609748173,"path_taken":["M","M","M","?","$","E","R","M","T","M","$","?","R","M","R","BOSS","M","M","M","?","?","R","E"],"items_purchased_type":["Relic","Card"],"build_version":"2020-12-22","purchased_purges":1,"victory":false,"max_hp_per_floor":[66,66,66,66,66,66,66,66,66,66,66,66,66,66,66,66,66,66,66,66,66,71,71,71,71],"card_choices":[{"not_picked":["Dagger Throw","Sucker Punch"],"picked":"Poisoned Stab","floor":1},{"not_picked":["Catalyst","Reflex"],"picked":"Slice","floor":2},{"not_picked":["Dodge and Roll","All Out Attack"],"picked":"Backflip","floor":3},{"not_picked":["Blade Dance","Tactician"],"picked":"After Image","floor":6},{"not_picked":["Sucker Punch","Blade Dance"],"picked":"Dagger Spray","floor":8},{"not_picked":["Terror","Flying Knee"],"picked":"Leg Sweep","floor":10},{"not_picked":["Heel Hook","Tactician"],"picked":"Dash","floor":14},{"not_picked":["A Thousand Cuts","Night Terror"],"picked":"After Image","floor":16},{"not_picked":["Dodge and Roll","Predator+1"],"picked":"Blur","floor":18},{"not_picked":["Deadly Poison","Heel Hook"],"picked":"Outmaneuver+1","floor":19},{"not_picked":["Concentrate","Outmaneuver"],"picked":"Cloak And Dagger","floor":20}],"player_experience":633283,"relics_obtained":[{"floor":6,"key":"Darkstone Periapt"},{"floor":9,"key":"Mummified Hand"}],"event_choices":[{"damage_healed":0,"gold_gain":75,"player_choice":"Gather Gold","damage_taken":11,"max_hp_gain":0,"max_hp_loss":0,"event_name":"World of Goop","floor":4,"gold_loss":0},{"cards_removed":["Strike_G"],"damage_healed":0,"gold_gain":0,"player_choice":"Forget","damage_taken":0,"max_hp_gain":0,"max_hp_loss":0,"event_name":"Living Wall","floor":12,"gold_loss":0},{"damage_healed":0,"gold_gain":0,"player_choice":"Ignored","damage_taken":0,"max_hp_gain":0,"max_hp_loss":0,"event_name":"Ghosts","floor":21,"gold_loss":0},{"damage_healed":0,"gold_gain":0,"player_choice":"Shed Blood","damage_taken":17,"max_hp_gain":5,"max_hp_loss":0,"event_name":"Forgotten Altar","floor":22,"gold_loss":0}],"is_beta":false,"boss_relics":[{"not_picked":["WristBlade","HoveringKite"],"picked":"SlaversCollar"}],"items_purged_floors":[5],"is_endless":false,"potions_floor_spawned":[2,6,10,14],"killed_by":"Gremlin Leader","ascension_level":14}}