{"host":"dhyczjm99amxd3qx","time":1609730410,"event":{"mods":["BaseMod","Colored Map","Googly Eyes","Highlight Path","Minty Spire (QoL Compilation)","Quick Restart","StSLib"],"gold_per_floor":[14,25,37,52,62,62,95,95,95,130,146,178,196,216,216,312,312,330,71,71,84,99,99,125,125,125,159,159,69,80,91,91,192,192,204,30,47,97,97,97,127,30,30,48,68,96,96,127,127,127],"floor_reached":51,"playtime":6093,"items_purged":["Strike_B","Strike_B"],"score":1104,"play_id":"4494ad00-6a98-43da-9a32-2a3239b9ed0e","local_time":"20210103222010","is_ascension_mode":true,"campfire_choices":[{"data":"Zap","floor":6.0,"key":"SMITH"},{"data":"Defragment","floor":8.0,"key":"SMITH"},{"floor":15.0,"key":"REST"},{"data":"Echo Form","floor":23.0,"key":"SMITH"},{"data":"Chaos","floor":32.0,"key":"SMITH"},{"data":"Chill","floor":40.0,"key":"SMITH"},{"data":"Buffer","floor":47.0,"key":"SMITH"},{"data":"Loop","floor":49.0,"key":"SMITH"}],"circlet_count":0,"master_deck":["Strike_B","Defend_B","Defend_B","Defend_B","Defend_B","Zap+1","Dualcast","Chaos+1","Defragment+1","Cold Snap","Steam","Cold Snap","Genetic Algorithm","Echo Form+1","Conserve Battery","Cold Snap","FTL+1","Blizzard","Compile Driver","Genetic Algorithm","Buffer+1","Go for the Eyes","BootSequence","Cold Snap","Steam Power","Loop+1","Compile Driver","Chill+1","Coolheaded+1","Loop+1","Defragment","Electrodynamics","Capacitor"],"relics":["Cracked Core","Turnip","InkBottle","Prayer Wheel","The Courier","Coffee Dripper","Membership Card","Pantograph","Nilry\u0027s Codex","Omamori","Centennial Puzzle","Tiny Chest","Symbiotic Virus","Nuclear Battery","Emotion Chip","Du-Vu Doll","Shuriken","Potion Belt","Cables","CaptainsWheel","StoneCalendar","Toxic Egg 2"],"acts_visited":["Exordium","TheCity","TheBeyond"],"potions_floor_usage":[50,50,50],"damage_taken":[{"damage":3.0,"enemies":"Small Slimes","floor":1.0,"turns":4.0},{"damage":8.0,"enemies":"Jaw Worm","floor":2.0,"turns":4.0},{"damage":0.0,"enemies":"2 Louse","floor":3.0,"turns":2.0},{"damage":9.0,"enemies":"Red Slaver","floor":4.0,"turns":4.0},{"damage":0.0,"enemies":"Looter","floor":5.0,"turns":3.0},{"damage":6.0,"enemies":"Gremlin Nob","floor":7.0,"turns":3.0},{"damage":12.0,"enemies":"3 Sentries","floor":10.0,"turns":7.0},{"damage":4.0,"enemies":"Blue Slaver","floor":11.0,"turns":3.0},{"damage":6.0,"enemies":"Lagavulin","floor":12.0,"turns":9.0},{"damage":6.0,"enemies":"3 Louse","floor":13.0,"turns":4.0},{"damage":4.0,"enemies":"Red Slaver","floor":14.0,"turns":3.0},{"damage":8.0,"enemies":"The Guardian","floor":16.0,"turns":11.0},{"damage":6.0,"enemies":"3 Byrds","floor":18.0,"turns":6.0},{"damage":1.0,"enemies":"Shell Parasite","floor":21.0,"turns":7.0},{"damage":15.0,"enemies":"Centurion and Healer","floor":22.0,"turns":10.0},{"damage":4.0,"enemies":"Gremlin Leader","floor":24.0,"turns":8.0},{"damage":22.0,"enemies":"Slavers","floor":27.0,"turns":7.0},{"damage":11.0,"enemies":"Snecko","floor":30.0,"turns":5.0},{"damage":0.0,"enemies":"Sentry and Sphere","floor":31.0,"turns":5.0},{"damage":0.0,"enemies":"Champ","floor":33.0,"turns":10.0},{"damage":20.0,"enemies":"3 Darklings","floor":35.0,"turns":5.0},{"damage":0.0,"enemies":"Orb Walker","floor":37.0,"turns":4.0},{"damage":0.0,"enemies":"Mind Bloom Boss Battle","floor":38.0,"turns":9.0},{"damage":0.0,"enemies":"Giant Head","floor":41.0,"turns":10.0},{"damage":0.0,"enemies":"Sphere and 2 Shapes","floor":44.0,"turns":6.0},{"damage":27.0,"enemies":"Writhing Mass","floor":45.0,"turns":6.0},{"damage":29.0,"enemies":"Reptomancer","floor":46.0,"turns":6.0},{"damage":0.0,"enemies":"Giant Head","floor":48.0,"turns":7.0},{"damage":0,"enemies":"Time Eater","floor":50,"turns":9}],"seed_played":"-1303661026355589514","potions_obtained":[{"floor":1.0,"key":"Energy Potion"},{"floor":2.0,"key":"DistilledChaos"},{"floor":4.0,"key":"Fire Potion"},{"floor":5.0,"key":"FairyPotion"},{"floor":16.0,"key":"SneckoOil"},{"floor":22.0,"key":"ColorlessPotion"},{"floor":30.0,"key":"DuplicationPotion"},{"floor":33.0,"key":"Ancient Potion"},{"floor":38.0,"key":"Dexterity Potion"},{"floor":45.0,"key":"Block Potion"},{"floor":48.0,"key":"ColorlessPotion"}],"is_trial":false,"path_per_floor":["M","M","M","M","M","R","E","R","T","E","M","E","M","M","R","B",null,"M","$","?","M","M","R","E","?","T","E","?","?","M","M","R","B",null,"M","$","M","?","T","R","E","$","T","M","M","E","R","E","R","B",null],"character_chosen":"DEFECT","items_purchased":["Membership Card","Pantograph","Emotion Chip","Cables"],"campfire_rested":1,"item_purchase_floors":[19,19,36,42],"current_hp_per_floor":[86,78,78,69,69,69,63,63,63,51,47,41,35,31,57,49,89,83,83,67,66,51,51,47,47,47,25,25,25,14,14,14,39,89,69,69,69,89,89,89,89,89,89,89,62,33,33,33,33,58],"gold":127,"neow_bonus":"TWENTY_PERCENT_HP_BONUS","is_daily":false,"chose_seed":false,"campfire_upgraded":7,"win_rate":0.0,"timestamp":1609730410,"path_taken":["M","M","M","M","M","R","E","R","T","E","M","E","M","M","R","BOSS","M","$","?","M","M","R","E","?","T","E","?","?","M","M","R","BOSS","M","$","M","?","?","R","E","?","T","M","M","E","R","E","R","BOSS"],"items_purchased_type":["Relic","Relic","Relic","Relic"],"build_version":"2020-12-22","purchased_purges":2,"victory":true,"max_hp_per_floor":[89,89,89,89,89,89,89,89,89,89,89,89,89,89,89,89,89,89,89,89,89,89,89,89,89,89,89,89,89,89,89,89,89,89,89,89,89,89,89,89,89,89,89,89,89,89,89,89,89,89],"card_choices":[{"not_picked":["Barrage","Consume"],"picked":"Chaos","floor":1.0},{"not_picked":["Fusion","Conserve Battery"],"picked":"Defragment","floor":2.0},{"not_picked":["Turbo","Sweeping Beam"],"picked":"Cold Snap","floor":3.0},{"not_picked":["Leap","Streamline"],"picked":"Steam","floor":4.0},{"not_picked":["Reprogram","Leap"],"picked":"Cold Snap","floor":5.0},{"not_picked":["Turbo","Rebound","Darkness"],"picked":"SKIP","floor":7.0},{"not_picked":["Static Discharge","Barrage"],"picked":"Genetic Algorithm","floor":10.0},{"not_picked":["Streamline","Rebound"],"picked":"Echo Form","floor":11.0},{"not_picked":["Gash","Static Discharge"],"picked":"Conserve Battery","floor":11.0},{"not_picked":["Hello World","Storm"],"picked":"Cold Snap","floor":12.0},{"not_picked":["Reinforced Body","Scrape"],"picked":"FTL","floor":13.0},{"not_picked":["Heatsinks","Blizzard","Go for the Eyes"],"picked":"SKIP","floor":13.0},{"not_picked":["Heatsinks","Go for the Eyes"],"picked":"Blizzard","floor":13.0},{"not_picked":["Hologram","Storm"],"picked":"Compile Driver","floor":14.0},{"not_picked":["Stack","Chaos"],"picked":"Genetic Algorithm","floor":14.0},{"not_picked":["Rainbow","Multi-Cast"],"picked":"Buffer","floor":16.0},{"not_picked":["Turbo","Lockon"],"picked":"Go for the Eyes","floor":18.0},{"not_picked":["Barrage+1","Double Energy+1"],"picked":"BootSequence","floor":18.0},{"not_picked":["Sweeping Beam","Go for the Eyes+1"],"picked":"Cold Snap","floor":21.0},{"not_picked":["Ball Lightning","Rebound","Undo"],"picked":"SKIP","floor":21.0},{"not_picked":["Ball Lightning","Rebound","Undo"],"picked":"SKIP","floor":21.0},{"not_picked":["Sweeping Beam+1","Rebound","Ball Lightning"],"picked":"SKIP","floor":22.0},{"not_picked":["Gash","Rebound","Tempest"],"picked":"SKIP","floor":22.0},{"not_picked":["Redo","Thunder Strike"],"picked":"Steam Power","floor":24.0},{"not_picked":["Conserve Battery","Undo"],"picked":"Loop","floor":27.0},{"not_picked":["Rebound","Conserve Battery"],"picked":"Compile Driver","floor":30.0},{"not_picked":["Leap","Compile Driver"],"picked":"Chill","floor":30.0},{"not_picked":["Turbo","Gash+1"],"picked":"Coolheaded+1","floor":31.0},{"not_picked":["Sweeping Beam","Conserve Battery"],"picked":"Loop+1","floor":31.0},{"not_picked":["Redo","Leap"],"picked":"Defragment","floor":35.0},{"not_picked":["Cold Snap+1","Redo","Reprogram+1"],"picked":"SKIP","floor":35.0},{"not_picked":["Leap+1","Redo","Gash+1"],"picked":"SKIP","floor":37.0},{"not_picked":["Lockon","Leap+1","Go for the Eyes+1"],"picked":"SKIP","floor":37.0},{"not_picked":["White Noise","Darkness","Conserve Battery"],"picked":"SKIP","floor":41.0},{"not_picked":["Conserve Battery+1","Barrage"],"picked":"Electrodynamics","floor":44.0},{"not_picked":["Hello World+1","Redo","Hologram"],"picked":"SKIP","floor":44.0},{"not_picked":["Chill","Coolheaded+1","Steam Power+1"],"picked":"SKIP","floor":45.0},{"not_picked":["Barrage","Coolheaded+1","Storm"],"picked":"SKIP","floor":45.0},{"not_picked":["Leap+1","Beam Cell+1","Rebound"],"picked":"SKIP","floor":46.0},{"not_picked":["Sweeping Beam","Scrape"],"picked":"Capacitor","floor":48.0}],"player_experience":308717,"relics_obtained":[{"floor":7.0,"key":"Turnip"},{"floor":9.0,"key":"InkBottle"},{"floor":10.0,"key":"Prayer Wheel"},{"floor":12.0,"key":"The Courier"},{"floor":20.0,"key":"Nilry\u0027s Codex"},{"floor":24.0,"key":"Omamori"},{"floor":26.0,"key":"Centennial Puzzle"},{"floor":27.0,"key":"Tiny Chest"},{"floor":38.0,"key":"Du-Vu Doll"},{"floor":39.0,"key":"Shuriken"},{"floor":41.0,"key":"Potion Belt"},{"floor":43.0,"key":"CaptainsWheel"},{"floor":46.0,"key":"StoneCalendar"},{"floor":48.0,"key":"Toxic Egg 2"}],"event_choices":[{"damage_healed":0.0,"max_hp_gain":0.0,"max_hp_loss":0.0,"gold_gain":0.0,"event_name":"Cursed Tome","player_choice":"Obtained Book","floor":20.0,"gold_loss":0.0,"damage_taken":16.0},{"damage_healed":0.0,"max_hp_gain":0.0,"max_hp_loss":0.0,"gold_gain":0.0,"event_name":"Ghosts","player_choice":"Ignored","floor":25.0,"gold_loss":0.0,"damage_taken":0.0},{"damage_healed":0.0,"max_hp_gain":0.0,"max_hp_loss":0.0,"gold_gain":0.0,"event_name":"Addict","player_choice":"Stole Relic","floor":28.0,"gold_loss":0.0,"damage_taken":0.0,"relics_obtained":["Symbiotic Virus"],"cards_obtained":["Shame"]},{"cards_removed":["Strike_B"],"damage_healed":0.0,"max_hp_gain":0.0,"max_hp_loss":0.0,"gold_gain":0.0,"event_name":"Designer","player_choice":"Upgrade and Remove","floor":29.0,"gold_loss":90.0,"damage_taken":0.0,"cards_upgraded":["FTL"]},{"damage_healed":0.0,"max_hp_gain":0.0,"max_hp_loss":0.0,"gold_gain":0.0,"event_name":"MindBloom","player_choice":"Fight","floor":38.0,"gold_loss":0.0,"damage_taken":0.0}],"is_beta":false,"boss_relics":[{"not_picked":["Philosopher\u0027s Stone","Runic Pyramid"],"picked":"Coffee Dripper"},{"not_picked":["SacredBark","Fusion Hammer"],"picked":"Nuclear Battery"}],"items_purged_floors":[19,36],"is_endless":false,"potions_floor_spawned":[1,2,4,5,16,22,30,33,38,45,48],"ascension_level":4}}