{"host":"sup1rd0ujr5jgopq","time":1609734337,"event":{"mods":["BaseMod","Colored Map","Downfall","Minty Spire (QoL Compilation)","StSLib"],"gold_per_floor":[99,109,109,129,129,129,129,139,139,150,167,185,95,115,126,126,126,126],"floor_reached":16,"playtime":705,"items_purged":["Normality"],"score":96,"play_id":"43eeab5b-cee0-4939-9d31-944b59964e06","local_time":"20210103232537","is_ascension_mode":false,"campfire_choices":[{"data":"hexamod:Float","floor":1,"key":"SMITH"},{"data":"hexamod:TurnItUp","floor":6,"key":"SMITH"},{"data":"hexamod:RainOfEmbers","floor":9,"key":"SMITH"}],"circlet_count":0,"master_deck":["hexamod:Strike","hexamod:Strike","hexamod:Strike","hexamod:Defend","hexamod:Defend","hexamod:Defend","hexamod:Defend","hexamod:Sear","hexamod:Float+1","hexamod:ChargedBarrage","hexamod:RainOfEmbers+1","hexamod:ExtraCrispy","downfall:Malfunctioning","downfall:Aged","hexamod:TurnItUp+1","hexamod:PowerFromBeyond","hexamod:FlamesFromBeyond","hexamod:ShieldOfDarkness","hexamod:Firestarter","hexamod:TurnItUp","hexamod:ThermalTransfer","hexamod:NightmareGuise"],"relics":["hexamod:SpiritBrand","Du-Vu Doll","Nunchaku"],"acts_visited":["Exordium"],"potions_floor_usage":[16,16,16],"damage_taken":[{"damage":0,"enemies":"Cultist","floor":2,"turns":3},{"damage":3,"enemies":"2 Louse","floor":4,"turns":2},{"damage":6,"enemies":"Jaw Worm","floor":8,"turns":3},{"damage":18,"enemies":"Lots of Slimes","floor":10,"turns":4},{"damage":1,"enemies":"Large Slime","floor":11,"turns":4},{"damage":23,"enemies":"3 Louse","floor":12,"turns":4},{"damage":5,"enemies":"downfall:FleeingMerchant","floor":13,"turns":4},{"damage":2,"enemies":"Blue Slaver","floor":14,"turns":3},{"damage":1,"enemies":"Exordium Wildlife","floor":15,"turns":4},{"damage":14,"enemies":"downfall:Defect","floor":16,"turns":4}],"seed_played":"4593096702131182676","potions_obtained":[{"floor":2,"key":"GamblersBrew"},{"floor":4,"key":"Explosive Potion"},{"floor":14,"key":"champ:CounterPotion"},{"floor":15,"key":"Swift Potion"}],"is_trial":false,"path_per_floor":["R","M","?","M","?","R","T","M","R","M","M","M","$","M","M","B"],"character_chosen":"THE_SPIRIT","items_purchased":[],"campfire_rested":0,"item_purchase_floors":[],"current_hp_per_floor":[70,70,70,67,67,67,67,61,61,43,42,19,14,12,11,0,0,0],"gold":126,"neow_bonus":"TRANSFORM_CARD","is_daily":false,"chose_seed":false,"campfire_upgraded":3,"win_rate":0.0,"timestamp":1609734337,"path_taken":["R","M","?","M","?","R","T","M","R","M","M","M","$","M","M","BOSS"],"items_purchased_type":[],"build_version":"2020-12-13","purchased_purges":1,"victory":false,"max_hp_per_floor":[70,70,70,70,70,70,70,70,70,70,70,70,70,70,70,70,70,70],"card_choices":[{"not_picked":["hexamod:AdvancingGuard","hexamod:SpectersWail"],"picked":"hexamod:RainOfEmbers","floor":2},{"not_picked":["hexamod:SpectersWail","hexamod:HauntingEcho"],"picked":"hexamod:ExtraCrispy","floor":4},{"not_picked":["hexamod:InspiringFlames","hexamod:PhantomFireball"],"picked":"hexamod:PowerFromBeyond","floor":8},{"not_picked":["hexamod:BurningTouch","hexamod:BacktrackSmack"],"picked":"hexamod:FlamesFromBeyond","floor":10},{"not_picked":["hexamod:ThermalTransfer","hexamod:SuperheatedStrike"],"picked":"hexamod:ShieldOfDarkness","floor":11},{"not_picked":["hexamod:InspiringFlames","hexamod:ShieldOfDarkness"],"picked":"hexamod:Firestarter","floor":12},{"not_picked":["hexamod:SpectersWail","hexamod:TimeOfNeed"],"picked":"hexamod:TurnItUp","floor":13},{"not_picked":["hexamod:InspiringFlames","hexamod:FirstSeal"],"picked":"hexamod:ThermalTransfer","floor":14},{"not_picked":["hexamod:RainOfEmbers","hexamod:FirstSeal"],"picked":"hexamod:NightmareGuise","floor":15}],"player_experience":54915,"relics_obtained":[{"floor":7,"key":"Nunchaku"}],"event_choices":[],"is_beta":false,"boss_relics":[],"items_purged_floors":[13],"is_endless":false,"potions_floor_spawned":[2,4,14,15],"killed_by":"downfall:Defect","ascension_level":0}}