{"host":"3icp1y0s51ghu4x2","time":1609790314,"event":{"mods":["AchievementEnabler","BaseMod","Bestiary","Card Forge","ChefMod","Colored Map","Hermit","Infinite Spire","Minty Spire (QoL Compilation)","Relic Filter","Replay The Spire","Shop Mod","StSLib","Td1madao Mod","The Bug Knight","The Hierophant","The Marked"],"gold_per_floor":[2112,1163,1163,1163,1178,1178,1178,1178],"floor_reached":7,"playtime":148,"items_purged":[],"score":139,"play_id":"c7a67660-d32a-403c-911f-adc0827b6e1a","local_time":"20210104115834","is_ascension_mode":false,"campfire_choices":[{"data":"1","floor":6,"key":"LIFT"}],"circlet_count":0,"master_deck":["Strike_B","Strike_B","Strike_B","Strike_B","Zap","Dualcast","Redo","Violence","Sweeping Beam","Ball Lightning","Conserve Battery","BasicCrystalCard","Hello World","Regret","Pain","Gash","Ball Lightning"],"relics":["Cracked Core","Hammer of Thor","Seething Fire","Anvil of the Gods","NeowsBlessing","Orichalcum","ReplayTheSpireMod:Lightbulb","Medical Kit","Girya","WarpedTongs"],"acts_visited":["Exordium"],"potions_floor_usage":[],"damage_taken":[{"damage":0,"enemies":"Small Slimes","floor":1,"turns":1},{"damage":0,"enemies":"Jaw Worm","floor":5,"turns":1},{"damage":999,"enemies":"HollowMod:MossKnight","floor":7,"turns":1}],"seed_played":"-4943673305855665345","potions_obtained":[],"is_trial":false,"path_per_floor":["M","$","?","?","M","R","E"],"character_chosen":"DEFECT","items_purchased":["Orichalcum","ReplayTheSpireMod:Lightbulb","Medical Kit","Violence","Sweeping Beam","Ball Lightning","Conserve Battery","BasicCrystalCard","Hello World"],"campfire_rested":0,"item_purchase_floors":[2,2,2,2,2,2,2,2,2],"current_hp_per_floor":[475,475,475,475,475,475,0,0],"gold":1178,"neow_bonus":"THREE_ENEMY_KILL","is_daily":false,"chose_seed":false,"campfire_upgraded":0,"win_rate":0.0,"timestamp":1609790314,"path_taken":["M","$","?","?","M","R","E"],"items_purchased_type":["Relic","Relic","Relic","Card","Card","Card","Card","Card","Card"],"build_version":"2020-12-22","purchased_purges":0,"victory":false,"max_hp_per_floor":[475,475,475,475,475,475,475,475],"card_choices":[{"not_picked":["Melter","Hologram"],"picked":"Redo","floor":1},{"not_picked":["ReplaySort","Hello World"],"picked":"Gash","floor":5}],"player_experience":37332,"relics_obtained":[],"event_choices":[{"damage_healed":0,"gold_gain":0,"player_choice":"Box","damage_taken":0,"relics_obtained":["Girya"],"max_hp_gain":0,"max_hp_loss":0,"event_name":"Big Fish","floor":3,"gold_loss":0,"cards_obtained":["Regret"]},{"damage_healed":0,"gold_gain":0,"player_choice":"Rummage","damage_taken":0,"relics_obtained":["WarpedTongs"],"max_hp_gain":0,"max_hp_loss":0,"event_name":"Accursed Blacksmith","floor":4,"gold_loss":0,"cards_obtained":["Pain"]}],"is_beta":false,"boss_relics":[],"items_purged_floors":[],"is_endless":false,"potions_floor_spawned":[5],"killed_by":"HollowMod:MossKnight","ascension_level":0}}