{"host":"uyp13icwa33nzjib","time":1609782084,"event":{"mods":["AchievementEnabler","BaseMod","BetterRewards","Colored Map","Colored Powertips","Defuse TimeMaze Blight","Infinite Spire","Mimic Mod","Minty Spire (QoL Compilation)","Quick Restart","Relic Stats","Replay The Spire","StSLib","UnlockEverythingMod"],"gold_per_floor":[113,123,136,42,42,42,42],"floor_reached":6,"playtime":162,"items_purged":[],"score":36,"play_id":"7e063333-a8f2-4b4b-9342-c7ac21fc5419","local_time":"20210104124124","daily_mods":["Red Cards","Green Cards","Blue Cards","Purple Cards","Heirloom","DeadlyEvents","Elite Swarm","Lethality","Uncertain Future"],"is_ascension_mode":false,"campfire_choices":[],"circlet_count":0,"master_deck":["Strike_G","Strike_G","Strike_G","Strike_G","Strike_G","Defend_G","Defend_G","Defend_G","Defend_G","Defend_G","Survivor","Neutralize","Steam","Armaments","Madness","Languid"],"relics":["Ring of the Snake","infinitespire:Joker Card","Ring of Fury"],"acts_visited":["Exordium"],"potions_floor_usage":[],"damage_taken":[{"damage":18,"enemies":"infinitespire:Voidling","floor":1,"turns":3},{"damage":8,"enemies":"2 Louse","floor":2,"turns":2},{"damage":0,"enemies":"Small Slimes","floor":3,"turns":3},{"damage":0,"enemies":"Lagavulin","floor":6,"turns":2}],"seed_played":"-7717913600959152665","potions_obtained":[{"floor":2,"key":"Explosive Potion"},{"floor":3,"key":"Weak Potion"}],"is_trial":true,"path_per_floor":["M","M","M","$","?","E"],"character_chosen":"THE_SILENT","items_purchased":["Madness"],"campfire_rested":0,"item_purchase_floors":[4],"current_hp_per_floor":[52,44,44,44,44,44,44],"gold":42,"neow_bonus":"","is_daily":false,"chose_seed":false,"campfire_upgraded":0,"win_rate":0.0,"timestamp":1609782084,"path_taken":["M","?","M","$","?","E"],"items_purchased_type":["Card"],"build_version":"2020-12-22","purchased_purges":0,"victory":false,"max_hp_per_floor":[70,70,70,70,70,70,70],"relic_stats":{"counters":[4,10],"obtain_stats":[{"Ring of Fury":5,"infinitespire:Joker Card":0,"Ring of the Snake":0},{"Ring of Fury":3,"infinitespire:Joker Card":0,"Ring of the Snake":0},{"Ring of Fury":8,"infinitespire:Joker Card":0,"Ring of the Snake":0}],"Ring of the Snake":[8]},"card_choices":[{"not_picked":["ClearTheMind","Sever Soul","ReplayTheSpireMod:Corrosion Curse"],"picked":"SKIP","floor":1},{"not_picked":["Underhanded Strike","Replay:DivineShield"],"picked":"Steam","floor":2},{"not_picked":["Crippling Poison","DeceiveReality"],"picked":"Armaments","floor":3}],"player_experience":316871,"relics_obtained":[{"floor":5,"key":"Ring of Fury"}],"event_choices":[],"is_beta":false,"boss_relics":[],"items_purged_floors":[],"is_endless":false,"potions_floor_spawned":[2,3],"killed_by":"Lagavulin","ascension_level":0}}