{"host":"baymyijz6sxaqj5s","time":1609758035,"event":{"mods":["AchievementEnabler","BaseMod","Colored Map","Colored Powertips","DeckTracker","Highlight Path","KOR Keyword Fix","Keyboard Shortcuts","Minty Spire (QoL Compilation)","Quick Restart","StSLib","SuperFastMode"],"gold_per_floor":[119,139,139,155,168,168,168,13,37,53,53,72,72,72,72,176,176,189,199,214,228,228,228],"floor_reached":22,"playtime":658,"items_purged":[],"score":207,"play_id":"78449c36-916f-4ac4-a190-0d701ad67349","local_time":"20210104200035","is_ascension_mode":true,"campfire_choices":[{"data":"Spot Weakness","floor":6,"key":"SMITH"},{"data":"Limit Break","floor":11,"key":"SMITH"},{"data":"Shrug It Off","floor":13,"key":"SMITH"},{"floor":15,"key":"REST"}],"circlet_count":0,"master_deck":["Strike_R","Strike_R","Strike_R","Strike_R","Defend_R","Defend_R","Defend_R","Defend_R","Bash","Spot Weakness+1","Thunderclap","Shrug It Off+1","Limit Break+1","Sword Boomerang","Shrug It Off","Flame Barrier","Body Slam"],"relics":["Black Blood","Vajra"],"acts_visited":["Exordium","TheCity"],"potions_floor_usage":[5,18,21,22],"damage_taken":[{"damage":12,"enemies":"Jaw Worm","floor":1,"turns":4},{"damage":11,"enemies":"2 Louse","floor":2,"turns":4},{"damage":1,"enemies":"Cultist","floor":4,"turns":4},{"damage":6,"enemies":"Gremlin Gang","floor":5,"turns":4},{"damage":1,"enemies":"Exordium Wildlife","floor":10,"turns":3},{"damage":39,"enemies":"Exordium Thugs","floor":12,"turns":5},{"damage":84,"enemies":"Slime Boss","floor":16,"turns":17},{"damage":28,"enemies":"2 Thieves","floor":18,"turns":3},{"damage":16,"enemies":"Spheric Guardian","floor":19,"turns":4},{"damage":55,"enemies":"3 Cultists","floor":20,"turns":6},{"damage":15,"enemies":"Centurion and Healer","floor":21,"turns":9},{"damage":30,"enemies":"Snake Plant","floor":22,"turns":2}],"seed_played":"6338535741719201278","potions_obtained":[{"floor":2,"key":"Block Potion"},{"floor":4,"key":"Strength Potion"},{"floor":20,"key":"DuplicationPotion"},{"floor":21,"key":"ColorlessPotion"}],"is_trial":false,"path_per_floor":["M","M","?","M","M","R","?","$","T","M","R","M","R","?","R","B",null,"M","M","M","M","M"],"character_chosen":"IRONCLAD","items_purchased":["Limit Break"],"campfire_rested":1,"item_purchase_floors":[8],"current_hp_per_floor":[82,77,77,82,82,82,87,87,87,92,92,59,59,59,86,8,93,77,73,30,27,0,0],"gold":228,"neow_bonus":"TEN_PERCENT_HP_BONUS","is_daily":false,"chose_seed":false,"campfire_upgraded":3,"win_rate":0.0,"timestamp":1609758035,"path_taken":["M","M","?","M","M","R","?","$","T","M","R","M","R","?","R","BOSS","M","M","?","M","M"],"items_purchased_type":["Card"],"build_version":"2020-12-22","purchased_purges":0,"victory":false,"max_hp_per_floor":[88,88,88,88,88,88,93,93,93,93,93,93,93,93,93,93,93,93,93,93,93,93,93],"card_choices":[{"not_picked":["Cleave","Carnage"],"picked":"Spot Weakness","floor":1},{"not_picked":["Second Wind","Flex","Clothesline"],"picked":"SKIP","floor":2},{"not_picked":["Flex","True Grit"],"picked":"Thunderclap","floor":4},{"not_picked":["Twin Strike","Carnage"],"picked":"Shrug It Off","floor":5},{"not_picked":["Rampage","Pummel","Disarm"],"picked":"SKIP","floor":10},{"not_picked":["Disarm","Twin Strike"],"picked":"Sword Boomerang","floor":12},{"not_picked":["Spot Weakness","Burning Pact+1"],"picked":"Shrug It Off","floor":18},{"not_picked":["Flex","Entrench"],"picked":"Flame Barrier","floor":19},{"not_picked":["Burning Pact","Twin Strike"],"picked":"Body Slam","floor":20},{"not_picked":["Perfected Strike","Evolve","Dark Embrace"],"picked":"SKIP","floor":21}],"player_experience":319810,"relics_obtained":[{"floor":9,"key":"Vajra"}],"event_choices":[{"damage_healed":0,"gold_gain":0,"player_choice":"Ignored","damage_taken":0,"max_hp_gain":0,"max_hp_loss":0,"event_name":"Liars Game","floor":3,"gold_loss":0},{"damage_healed":0,"gold_gain":0,"player_choice":"Donut","damage_taken":0,"max_hp_gain":5,"max_hp_loss":0,"event_name":"Big Fish","floor":7,"gold_loss":0},{"cards_removed":["Strike_R"],"damage_healed":0,"gold_gain":0,"player_choice":"Offered Basic","damage_taken":0,"max_hp_gain":0,"max_hp_loss":0,"event_name":"Bonfire Elementals","floor":14,"gold_loss":0}],"is_beta":false,"boss_relics":[{"not_picked":["Black Star","Ectoplasm"],"picked":"Black Blood"}],"items_purged_floors":[],"is_endless":false,"potions_floor_spawned":[2,4,20,21],"killed_by":"Snake Plant","ascension_level":3}}