{"host":"kdt6w7ix8lwe69i9","time":1609757576,"event":{"mods":["Bartender","BaseMod","ChefMod","Downfall","Fiend Mod","Jorbs\u0027s Wanderer Trilogy","Minty Spire (QoL Compilation)","Reimu（博丽灵梦）","Robot Space Explorer","StSLib","The Caster","The Cursed","The Disciple","The Dragon Tamer","The Druid","The Elementalist","The Forsaken","The Gatherer","The Marked","TheBandit"],"gold_per_floor":[113,131,149,31,21,21,41,41,88,88,43,60,79,79,79,79,79],"floor_reached":16,"playtime":1234,"items_purged":[],"score":94,"play_id":"afdb9731-9c65-4e17-9eb7-ba763073e22e","local_time":"20210104055256","is_ascension_mode":false,"campfire_choices":[{"data":"expansioncontent:StudyTheSpire","floor":6,"key":"SMITH"},{"floor":10,"key":"REST"},{"floor":15,"key":"REST"}],"circlet_count":0,"master_deck":["caster:Meteor","caster:DivertFocus","caster:strike","caster:strike","caster:strike","caster:strike","caster:defend","caster:defend","caster:defend","caster:defend","caster:defend","Pain","expansioncontent:StudyTheSpire+1","caster:Fireball","caster:MeteorStorm","caster:WallOfSwords","caster:Sleet","caster:IzanagisObdurance","caster:Slick+1","caster:Rectify","caster:LightningBolt","caster:Fireball"],"relics":["caster:MagicBook","Sundial","Nunchaku"],"acts_visited":["Exordium"],"potions_floor_usage":[11,12,16],"damage_taken":[{"damage":4,"enemies":"Cultist","floor":1,"turns":3},{"damage":3,"enemies":"2 Louse","floor":2,"turns":3},{"damage":4,"enemies":"Jaw Worm","floor":3,"turns":4},{"damage":7,"enemies":"Exordium Thugs","floor":5,"turns":4},{"damage":20,"enemies":"2 Fungi Beasts","floor":7,"turns":5},{"damage":7,"enemies":"Looter","floor":11,"turns":5},{"damage":21,"enemies":"Red Slaver","floor":12,"turns":4},{"damage":7,"enemies":"Exordium Thugs","floor":13,"turns":3},{"damage":52,"enemies":"Slime Boss","floor":16,"turns":13}],"seed_played":"356261822313905740","potions_obtained":[{"floor":1,"key":"LiquidBronze"},{"floor":7,"key":"Dexterity Potion"},{"floor":13,"key":"Regen Potion"}],"is_trial":false,"path_per_floor":["M","M","M","?","M","R","M","?","T","R","M","M","M","?","R","B"],"character_chosen":"THE_CASTER","items_purchased":[],"campfire_rested":2,"item_purchase_floors":[],"current_hp_per_floor":[60,57,53,53,46,46,26,26,26,45,38,17,10,10,29,0,0],"gold":79,"neow_bonus":"RANDOM_COLORLESS_2","is_daily":false,"chose_seed":false,"campfire_upgraded":1,"win_rate":0.0,"timestamp":1609757576,"path_taken":["M","M","?","?","?","R","M","?","T","R","M","M","M","?","R","BOSS"],"items_purchased_type":[],"build_version":"2020-12-22","purchased_purges":0,"victory":false,"max_hp_per_floor":[64,64,64,64,64,64,64,64,64,64,64,64,64,64,64,64,64],"card_choices":[{"not_picked":["Thinking Ahead","Master of Strategy"],"picked":"expansioncontent:StudyTheSpire","floor":0},{"not_picked":["caster:ShivasGrace","caster:LAZER"],"picked":"caster:Fireball","floor":1},{"not_picked":["caster:DiablosFlame","caster:Charge"],"picked":"caster:MeteorStorm","floor":2},{"not_picked":["caster:DiablosFlame","caster:MagicWeapon"],"picked":"caster:WallOfSwords","floor":3},{"not_picked":["caster:Charge","caster:FlashSpeed"],"picked":"caster:Sleet","floor":5},{"not_picked":["caster:FlashFrost","caster:FrigidBeam"],"picked":"caster:IzanagisObdurance","floor":7},{"not_picked":["caster:BookThrow","caster:Enfeeble"],"picked":"caster:Rectify","floor":11},{"not_picked":["caster:MagicWeapon","caster:FlashFrost"],"picked":"caster:LightningBolt","floor":12},{"not_picked":["caster:FlashFrost","caster:ShivasGrace"],"picked":"caster:Fireball","floor":13}],"player_experience":1662489,"relics_obtained":[{"floor":9,"key":"Nunchaku"}],"event_choices":[{"damage_healed":0,"gold_gain":0,"player_choice":"Paid Gold","damage_taken":0,"relics_obtained":["Sundial"],"max_hp_gain":0,"max_hp_loss":0,"event_name":"WeMeetAgain","floor":4,"gold_loss":118}],"is_beta":false,"boss_relics":[],"items_purged_floors":[],"is_endless":false,"potions_floor_spawned":[1,7,13],"killed_by":"Slime Boss","ascension_level":0}}