{"host":"natui9yr7uuq78xo","time":1609803366,"event":{"mods":["BaseMod","Better Third Choice","BetterRewards","Minty Spire (QoL Compilation)","StSLib","The Cursed"],"gold_per_floor":[117,127,140,62,80,80,97,115,138,166,166,176,176,186,186,285,285,297,142,174,174,174,174,187,204,204,6,6,6,6,26,26,121,121,141,151,373,198,198,230,230,247,299,299,317,337,337,68,68,68,68,68,20,52,52,52],"floor_reached":55,"playtime":3457,"items_purged":["TheCursedMod:Defend_TheCursed","TheCursedMod:Strike_TheCursed","TheCursedMod:Strike_TheCursed"],"score":649,"play_id":"b4814621-5a0f-4156-bc8e-011448a81087","local_time":"20210104133606","is_ascension_mode":false,"campfire_choices":[{"data":"TheCursedMod:SmokeScreen","floor":6,"key":"SMITH"},{"data":"TheCursedMod:TacticalStrike","floor":11,"key":"SMITH"},{"floor":15,"key":"REST"},{"floor":23,"key":"REST"},{"floor":29,"key":"REST"},{"data":"TheCursedMod:LuckyCharm","floor":32,"key":"SMITH"},{"floor":41,"key":"REST"},{"floor":44,"key":"RECALL"},{"floor":47,"key":"REST"},{"data":"TheCursedMod:DarkBarrier","floor":49,"key":"SMITH"},{"data":"TheCursedMod:VoidForm","floor":52,"key":"SMITH"}],"circlet_count":0,"master_deck":["TheCursedMod:Strike_TheCursed","TheCursedMod:Strike_TheCursed","TheCursedMod:Defend_TheCursed","TheCursedMod:Defend_TheCursed","TheCursedMod:CursedWand","TheCursedMod:CleanUpWorkshop","TheCursedMod:Dregs","TheCursedMod:DemonicPact","TheCursedMod:SurpriseAttack","TheCursedMod:CursedBlade","TheCursedMod:SmokeScreen+1","TheCursedMod:HellfireBreathing","TheCursedMod:DarkBarrier","TheCursedMod:TacticalStrike+1","TheCursedMod:LuckyCharm+1","TheCursedMod:CursedSpellbook","TheCursedMod:CursedArmor","TheCursedMod:CleanUpWorkshop","TheCursedMod:SmokeScreen","TheCursedMod:VoidForm+1","TheCursedMod:BlessingInDisguise","TheCursedMod:CursedRelics","TheCursedMod:ManaBullet","TheCursedMod:CursedAmulet+1","TheCursedMod:OutForBlood","TheCursedMod:AbyssShockwave+1","TheCursedMod:DarkBarrier+1","TheCursedMod:CursedSpellbook+1"],"relics":["TheCursedMod:BlackMagic101","Happy Flower","Lizard Tail","TheCursedMod:FourLeafCloverCharm","Red Mask","Molten Egg 2","Bottled Tornado","Busted Crown","Vajra","Strawberry","Toy Ornithopter"],"acts_visited":["Exordium","TheCity","TheBeyond","TheEnding"],"potions_floor_usage":[16,16,16,33,33,33,40,50,50,54,55],"damage_taken":[{"damage":5,"enemies":"Cultist","floor":1,"turns":4},{"damage":0,"enemies":"Small Slimes","floor":2,"turns":3},{"damage":0,"enemies":"Jaw Worm","floor":3,"turns":3},{"damage":1,"enemies":"3 Louse","floor":5,"turns":3},{"damage":9,"enemies":"Blue Slaver","floor":7,"turns":4},{"damage":0,"enemies":"Looter","floor":8,"turns":4},{"damage":18,"enemies":"3 Sentries","floor":10,"turns":10},{"damage":10,"enemies":"Lots of Slimes","floor":12,"turns":2},{"damage":6,"enemies":"Exordium Wildlife","floor":14,"turns":5},{"damage":15,"enemies":"The Guardian","floor":16,"turns":8},{"damage":7,"enemies":"Chosen","floor":18,"turns":11},{"damage":66,"enemies":"Masked Bandits","floor":20,"turns":9},{"damage":18,"enemies":"Spheric Guardian","floor":24,"turns":7},{"damage":20,"enemies":"Shelled Parasite and Fungi","floor":25,"turns":7},{"damage":3,"enemies":"Snecko","floor":31,"turns":6},{"damage":4,"enemies":"Collector","floor":33,"turns":9},{"damage":18,"enemies":"3 Darklings","floor":35,"turns":7},{"damage":6,"enemies":"Orb Walker","floor":36,"turns":5},{"damage":24,"enemies":"Nemesis","floor":40,"turns":11},{"damage":3,"enemies":"Jaw Worm Horde","floor":42,"turns":6},{"damage":8,"enemies":"Transient","floor":45,"turns":5},{"damage":4,"enemies":"Sphere and 2 Shapes","floor":46,"turns":7},{"damage":35,"enemies":"Donu and Deca","floor":50,"turns":9},{"damage":43,"enemies":"Shield and Spear","floor":54,"turns":11},{"damage":58,"enemies":"The Heart","floor":55,"turns":5}],"seed_played":"-7524594050962264198","potions_obtained":[{"floor":2,"key":"EssenceOfSteel"},{"floor":5,"key":"SkillPotion"},{"floor":7,"key":"FearPotion"},{"floor":14,"key":"PowerPotion"},{"floor":31,"key":"TheCursedMod:DregsPotion"},{"floor":40,"key":"SkillPotion"},{"floor":45,"key":"SkillPotion"}],"is_trial":false,"path_per_floor":["M","M","M","$","M","R","M","M","T","E","R","M","?","M","R","B",null,"M","$","?","T","?","R","M","M","T","$","$","R","?","M","R","B",null,"M","M","?","$","?","E","R","M","T","R","M","M","R","$","R","B",null,"R","$","E","B"],"character_chosen":"THE_CURSED","items_purchased":["TheCursedMod:HellfireBreathing","TheCursedMod:ManaBullet","SkillPotion","Explosive Potion","ColorlessPotion","Strawberry","DistilledChaos","PowerPotion","Fire Potion"],"campfire_rested":5,"item_purchase_floors":[4,19,27,27,38,48,48,48,53],"current_hp_per_floor":[70,70,70,70,69,69,60,60,60,42,42,32,32,26,48,33,75,68,68,2,2,2,24,6,25,25,25,25,47,47,44,44,40,75,57,51,51,51,51,27,49,46,46,46,38,34,56,63,63,28,82,82,82,39,0,0],"gold":52,"neow_bonus":"ONE_RANDOM_RARE_CARD","is_daily":false,"chose_seed":false,"campfire_upgraded":5,"win_rate":0.0,"timestamp":1609803366,"path_taken":["M","?","M","$","M","R","M","M","T","E","R","M","?","M","R","BOSS","M","$","?","?","?","R","M","M","T","?","$","R","?","?","R","BOSS","M","?","?","$","?","E","R","?","T","R","M","M","R","$","R","BOSS","R","$","E","BOSS"],"items_purchased_type":["Card","Card","Potion","Potion","Potion","Relic","Potion","Potion","Potion"],"build_version":"2020-12-22","purchased_purges":3,"victory":false,"max_hp_per_floor":[75,75,75,75,75,75,75,75,75,75,75,75,75,75,75,75,75,75,75,75,75,75,75,75,75,75,75,75,75,75,75,75,75,75,75,75,75,75,75,75,75,75,75,75,75,75,75,82,82,82,82,82,82,82,82,82],"card_choices":[{"not_picked":["TheCursedMod:Wield","TheCursedMod:Obscuration"],"picked":"TheCursedMod:SurpriseAttack","floor":1},{"not_picked":["TheCursedMod:FuryStrike","TheCursedMod:CursedStaff"],"picked":"TheCursedMod:CursedBlade","floor":2},{"not_picked":["TheCursedMod:WearCloak","TheCursedMod:ReleasedKnowledge"],"picked":"TheCursedMod:SmokeScreen","floor":3},{"not_picked":["TheCursedMod:CursedArmor","TheCursedMod:AshesToAshes","TheCursedMod:FleshFromBone"],"picked":"SKIP","floor":5},{"not_picked":["TheCursedMod:AshesToAshes","TheCursedMod:SpitefulStrike"],"picked":"TheCursedMod:DarkBarrier","floor":7},{"not_picked":["TheCursedMod:CursedAmulet","TheCursedMod:CircleOfFlame"],"picked":"TheCursedMod:TacticalStrike","floor":8},{"not_picked":["TheCursedMod:CursedArmor","TheCursedMod:RavingStaff"],"picked":"TheCursedMod:LuckyCharm","floor":10},{"not_picked":["TheCursedMod:SmokeScreen","TheCursedMod:CircleOfCorruption"],"picked":"TheCursedMod:CursedSpellbook","floor":12},{"not_picked":["TheCursedMod:VitalStrike","TheCursedMod:Obscuration"],"picked":"TheCursedMod:BlessingInDisguise","floor":14},{"not_picked":["TheCursedMod:VoidForm","TheCursedMod:Neurasthenia"],"picked":"TheCursedMod:CursedRelics","floor":16},{"not_picked":["TheCursedMod:CursedBlade","TheCursedMod:Stretching","TheCursedMod:SmokeScreen"],"picked":"SKIP","floor":18},{"not_picked":["TheCursedMod:SpitefulStrike","TheCursedMod:NeowsMight"],"picked":"TheCursedMod:CursedAmulet+1","floor":20},{"not_picked":["TheCursedMod:SmokeScreen","TheCursedMod:ReleasedKnowledge","TheCursedMod:Stretching"],"picked":"SKIP","floor":24},{"not_picked":["TheCursedMod:TroublousMinions","TheCursedMod:Stigma+1","TheCursedMod:Grudge"],"picked":"SKIP","floor":25},{"not_picked":["TheCursedMod:Obscuration","TheCursedMod:SmokeScreen+1","TheCursedMod:VitalStrike+1"],"picked":"SKIP","floor":31},{"not_picked":["TheCursedMod:VoidForm","TheCursedMod:AntiAging"],"picked":"TheCursedMod:OutForBlood","floor":33},{"not_picked":[],"picked":"TheCursedMod:AbyssShockwave+1","floor":35},{"not_picked":["TheCursedMod:ManaBullet+1"],"picked":"SKIP","floor":36},{"not_picked":["TheCursedMod:CursedShiv+1"],"picked":"SKIP","floor":40},{"not_picked":["TheCursedMod:Torture"],"picked":"SKIP","floor":42},{"not_picked":["TheCursedMod:CursedMace+1"],"picked":"SKIP","floor":45},{"not_picked":["TheCursedMod:RapidMovement"],"picked":"SKIP","floor":46},{"not_picked":[],"picked":"TheCursedMod:CursedSpellbook+1","floor":54}],"player_experience":324350,"relics_obtained":[{"floor":9,"key":"Happy Flower"},{"floor":10,"key":"Lizard Tail"},{"floor":20,"key":"Red Mask"},{"floor":21,"key":"Molten Egg 2"},{"floor":26,"key":"Bottled Tornado"},{"floor":40,"key":"Vajra"},{"floor":54,"key":"Toy Ornithopter"}],"event_choices":[{"damage_healed":0,"gold_gain":0,"player_choice":"4 cards matched","damage_taken":0,"max_hp_gain":0,"max_hp_loss":0,"event_name":"Match and Keep!","floor":13,"gold_loss":0,"cards_obtained":["TheCursedMod:CursedArmor","TheCursedMod:CleanUpWorkshop","TheCursedMod:SmokeScreen","TheCursedMod:VoidForm"]},{"damage_healed":0,"gold_gain":0,"player_choice":"Fought Bandits","damage_taken":0,"max_hp_gain":0,"max_hp_loss":0,"event_name":"Masked Bandits","floor":20,"gold_loss":0},{"cards_removed":["TheCursedMod:Defend_TheCursed"],"damage_healed":0,"gold_gain":0,"player_choice":"Elegance","damage_taken":0,"max_hp_gain":0,"max_hp_loss":0,"event_name":"betterThird:BetterWriting","floor":22,"gold_loss":0},{"damage_healed":0,"gold_gain":0,"player_choice":"Ignored","damage_taken":0,"max_hp_gain":0,"max_hp_loss":0,"event_name":"Vampires","floor":30,"gold_loss":0},{"damage_healed":0,"gold_gain":222,"player_choice":"Wore Mask","damage_taken":0,"max_hp_gain":0,"max_hp_loss":0,"event_name":"Tomb of Lord Red Mask","floor":37,"gold_loss":0},{"damage_healed":0,"gold_gain":0,"player_choice":"Copied","damage_taken":0,"max_hp_gain":0,"max_hp_loss":0,"event_name":"Duplicator","floor":39,"gold_loss":0,"cards_obtained":["TheCursedMod:DarkBarrier"]}],"is_beta":false,"boss_relics":[{"not_picked":["TheCursedMod:OminousMark","Philosopher\u0027s Stone"],"picked":"TheCursedMod:FourLeafCloverCharm"},{"not_picked":["Fusion Hammer","Sozu"],"picked":"Busted Crown"}],"items_purged_floors":[19,27,38],"is_endless":false,"potions_floor_spawned":[2,5,7,12,14,31,40,45],"killed_by":"The Heart","ascension_level":0}}