{"host":"8m3txu8mcyu46pv6","time":1609746706,"event":{"mods":["ATMod(°¢èªMod)","BaseMod","Minty Spire (QoL Compilation)","StSLib"],"gold_per_floor":[111,36,36,55,55,80,80,107,154,166,196,210,210,245,245,316,316,331,11,11,23,35,63,76,39,39,39,39,53,80,5,5,79,79,98,25,25,39,93,106,141,141,141,56,87,87,97,114,114,114,114,114,41,75,75],"floor_reached":56,"playtime":2184,"items_purged":["Strike_R","Strike_R"],"score":2098,"play_id":"ecf2ddf5-2ea9-4981-bc5a-b7672c8ed2fa","local_time":"20210104155146","is_ascension_mode":true,"campfire_choices":[{"data":"AT_ShrugMaster","floor":7.0,"key":"SMITH"},{"data":"Second Wind","floor":13.0,"key":"SMITH"},{"floor":15.0,"key":"RECALL"},{"floor":27.0,"key":"REST"},{"data":"Berserk","floor":32,"key":"SMITH"},{"data":"Offering","floor":46,"key":"SMITH"},{"data":"Barricade","floor":49,"key":"SMITH"},{"data":"AT_FamilyPortrait","floor":52,"key":"SMITH"}],"circlet_count":0,"master_deck":["AscendersBane","Strike_R+1","Defend_R+1","Bash","AT_ShrugMaster+1","Ghostly Armor","AT_CaressingTears","Second Wind+1","Offering+1","Battle Trance","Berserk+1","Barricade+1","Iron Wave+1","Metamorphosis","Impatience","AT_IchimonjiDouble+1","Offering","AT_FamilyPortrait+1","Whirlwind+1"],"relics":["Burning Blood","AT_ATBox","NeowsBlessing","AT_ForceNature","Odd Mushroom","AT_SunfireAegis","Orichalcum","Molten Egg 2","Empty Cage","Membership Card","Matryoshka","Lantern","Bag of Preparation","AT_TimeSand","Omamori","Sozu","Bronze Scales","Calipers","Potion Belt","Bottled Lightning","AT_ArchangelStaff","TheAbacus","Oddly Smooth Stone"],"acts_visited":["Exordium","TheCity","TheBeyond","TheEnding"],"potions_floor_usage":[55],"damage_taken":[{"damage":0.0,"enemies":"Small Slimes","floor":1.0,"turns":1.0},{"damage":0.0,"enemies":"Jaw Worm","floor":4.0,"turns":1.0},{"damage":0.0,"enemies":"3 Sentries","floor":6.0,"turns":2.0},{"damage":4.0,"enemies":"The Mushroom Lair","floor":8.0,"turns":5.0},{"damage":0.0,"enemies":"Cultist","floor":10.0,"turns":3.0},{"damage":14.0,"enemies":"Gremlin Nob","floor":11.0,"turns":5.0},{"damage":4.0,"enemies":"Red Slaver","floor":12.0,"turns":5.0},{"damage":4.0,"enemies":"3 Sentries","floor":14.0,"turns":6.0},{"damage":16.0,"enemies":"The Guardian","floor":16.0,"turns":11.0},{"damage":27.0,"enemies":"Spheric Guardian","floor":18.0,"turns":5.0},{"damage":7.0,"enemies":"Shell Parasite","floor":21.0,"turns":9.0},{"damage":33.0,"enemies":"3 Cultists","floor":22.0,"turns":7.0},{"damage":22.0,"enemies":"Slavers","floor":23.0,"turns":7.0},{"damage":5.0,"enemies":"Centurion and Healer","floor":24.0,"turns":8.0},{"damage":3,"enemies":"Snecko","floor":29,"turns":5},{"damage":6,"enemies":"Collector","floor":33,"turns":6},{"damage":3,"enemies":"Orb Walker","floor":35,"turns":3},{"damage":5,"enemies":"3 Darklings","floor":38,"turns":3},{"damage":6,"enemies":"2 Orb Walkers","floor":39,"turns":3},{"damage":6,"enemies":"Jaw Worm Horde","floor":40,"turns":3},{"damage":30,"enemies":"Reptomancer","floor":41,"turns":3},{"damage":12,"enemies":"Giant Head","floor":45,"turns":6},{"damage":6,"enemies":"Sphere and 2 Shapes","floor":47,"turns":3},{"damage":10,"enemies":"3 Darklings","floor":48,"turns":3},{"damage":12,"enemies":"Awakened One","floor":50,"turns":6},{"damage":10,"enemies":"Shield and Spear","floor":54,"turns":5},{"damage":54,"enemies":"The Heart","floor":55,"turns":6}],"seed_played":"-8155724484888927577","potions_obtained":[{"floor":1.0,"key":"DuplicationPotion"},{"floor":4.0,"key":"Weak Potion"},{"floor":6.0,"key":"DistilledChaos"},{"floor":12.0,"key":"AttackPotion"},{"floor":14.0,"key":"SkillPotion"},{"floor":18.0,"key":"Explosive Potion"},{"floor":24.0,"key":"Ancient Potion"}],"is_trial":false,"path_per_floor":["M","$","?","M","?","E","R","?","T","M","E","M","R","E","R","B",null,"M","$","?","M","M","E","M","$","T","R","?","M","T","?","R","B",null,"M","$","?","M","?","M","E","?","T","$","E","R","M","M","R","B",null,"R","$","E","B",null],"character_chosen":"IRONCLAD","items_purchased":["Membership Card","Matryoshka","Battle Trance","Bronze Scales","AT_FamilyPortrait","TheAbacus"],"campfire_rested":1,"item_purchase_floors":[19,19,25,36,44,53],"current_hp_per_floor":[74,74,67,73,58,64,64,66,66,72,64,66,66,75,75,65,73,52,52,52,51,24,14,15,15,15,37,37,40,40,40,40,40,66,69,69,64,65,65,65,41,41,41,41,35,35,35,31,31,25,63,63,63,59,14],"gold":75,"neow_bonus":"THREE_ENEMY_KILL","is_daily":false,"chose_seed":false,"campfire_upgraded":6,"win_rate":0.0,"timestamp":1609746706,"path_taken":["M","$","?","M","?","E","R","?","T","M","E","M","R","E","R","BOSS","M","$","?","M","?","E","M","?","T","R","?","?","?","?","R","BOSS","M","$","?","M","?","M","E","?","T","?","E","R","?","M","R","BOSS","R","$","E","BOSS"],"items_purchased_type":["Relic","Relic","Card","Relic","Card","Relic"],"build_version":"2020-12-22","purchased_purges":2,"victory":true,"max_hp_per_floor":[75,75,75,75,75,75,75,75,75,75,75,75,75,75,75,75,75,75,75,75,75,75,75,75,75,75,75,75,75,75,75,75,75,75,75,75,75,75,75,75,75,75,75,75,75,75,75,75,75,75,75,75,75,75,75],"card_choices":[{"not_picked":["Spot Weakness","AT_IchimonjiDouble","Rage"],"picked":"SKIP","floor":1.0},{"not_picked":["Clash","Pummel"],"picked":"Ghostly Armor","floor":4.0},{"not_picked":["Twin Strike","Wild Strike","Demon Form"],"picked":"SKIP","floor":6.0},{"not_picked":["Anger","Pommel Strike"],"picked":"AT_CaressingTears","floor":8.0},{"not_picked":["AT_ShrugMaster","Sentinel","Shockwave"],"picked":"SKIP","floor":10.0},{"not_picked":["Evolve","Perfected Strike"],"picked":"Second Wind","floor":11.0},{"not_picked":["Sword Boomerang","AT_IchimonjiDouble","Flex"],"picked":"SKIP","floor":12.0},{"not_picked":["Perfected Strike+1","Shockwave","True Grit"],"picked":"SKIP","floor":14.0},{"not_picked":["Corruption","Demon Form"],"picked":"Offering","floor":16.0},{"not_picked":["Second Wind","AT_CaressingTears+1","Wild Strike+1"],"picked":"SKIP","floor":18.0},{"not_picked":["Searing Blow+1","Heavy Blade+1","Anger+1"],"picked":"SKIP","floor":21.0},{"not_picked":["Sentinel","Armaments","Dual Wield"],"picked":"SKIP","floor":22.0},{"not_picked":["Wild Strike+1","AT_IchimonjiDouble+1","Sword Boomerang+1"],"picked":"SKIP","floor":23.0},{"not_picked":["Armaments","Sword Boomerang+1","Dual Wield"],"picked":"SKIP","floor":24.0},{"not_picked":["Clothesline+1","Offering","Flex"],"picked":"SKIP","floor":29},{"not_picked":["Exhume","Demon Form"],"picked":"Barricade","floor":33},{"not_picked":["Sword Boomerang+1","Clothesline+1"],"picked":"Iron Wave+1","floor":35},{"not_picked":["Good Instincts","AT_BreakingExtremeWeapon"],"picked":"Metamorphosis","floor":37},{"not_picked":["Thinking Ahead","Trip"],"picked":"Impatience","floor":37},{"not_picked":["Iron Wave+1","Anger+1","Clash+1"],"picked":"SKIP","floor":38},{"not_picked":["Thunderclap+1","Twin Strike+1"],"picked":"AT_IchimonjiDouble+1","floor":39},{"not_picked":["Flex","Wild Strike+1","AT_ManFootWork"],"picked":"SKIP","floor":40},{"not_picked":["Twin Strike+1","Juggernaut"],"picked":"Offering","floor":41},{"not_picked":["Flex","Armaments","Iron Wave+1"],"picked":"SKIP","floor":45},{"not_picked":["Feel No Pain","Intimidate"],"picked":"Whirlwind+1","floor":47},{"not_picked":["Iron Wave+1","Combust+1","AT_IchimonjiDouble+1"],"picked":"SKIP","floor":48},{"not_picked":["Warcry","Twin Strike+1","Sentinel"],"picked":"SKIP","floor":54}],"player_experience":58150,"relics_obtained":[{"floor":6.0,"key":"AT_ForceNature"},{"floor":8.0,"key":"Odd Mushroom"},{"floor":9.0,"key":"AT_SunfireAegis"},{"floor":11.0,"key":"Orichalcum"},{"floor":14.0,"key":"Molten Egg 2"},{"floor":23.0,"key":"Lantern"},{"floor":26.0,"key":"Bag of Preparation"},{"floor":30,"key":"AT_TimeSand"},{"floor":30,"key":"Omamori"},{"floor":39,"key":"Calipers"},{"floor":41,"key":"Potion Belt"},{"floor":43,"key":"Bottled Lightning"},{"floor":45,"key":"AT_ArchangelStaff"},{"floor":54,"key":"Oddly Smooth Stone"}],"event_choices":[{"cards_removed":["Strike_R"],"damage_healed":0.0,"max_hp_gain":0.0,"max_hp_loss":0.0,"gold_gain":0.0,"event_name":"Golden Wing","player_choice":"Card Removal","floor":3.0,"gold_loss":0.0,"damage_taken":7.0},{"damage_healed":0.0,"max_hp_gain":0.0,"max_hp_loss":0.0,"gold_gain":0.0,"event_name":"Shining Light","player_choice":"Entered Light","floor":5.0,"gold_loss":0.0,"damage_taken":15.0,"cards_upgraded":["Strike_R","Defend_R"]},{"damage_healed":0.0,"max_hp_gain":0.0,"max_hp_loss":0.0,"gold_gain":0.0,"event_name":"Mushrooms","player_choice":"Fought Mushrooms","floor":8.0,"gold_loss":0.0,"damage_taken":0.0},{"damage_healed":0.0,"max_hp_gain":0.0,"max_hp_loss":0.0,"gold_gain":0.0,"event_name":"Transmorgrifier","player_choice":"Ignored","floor":20.0,"gold_loss":0.0,"damage_taken":0.0},{"damage_healed":0,"gold_gain":0,"cards_transformed":["Defend_R"],"player_choice":"Transformed","damage_taken":0,"max_hp_gain":0,"max_hp_loss":0,"event_name":"Transmorgrifier","floor":28,"gold_loss":0,"cards_obtained":["Berserk"]},{"cards_removed":["Defend_R"],"damage_healed":0,"gold_gain":0,"player_choice":"Gave Gold","damage_taken":0,"max_hp_gain":0,"max_hp_loss":0,"event_name":"Beggar","floor":31,"gold_loss":75},{"damage_healed":0,"gold_gain":0,"player_choice":"Memory 3","damage_taken":10,"max_hp_gain":0,"max_hp_loss":0,"event_name":"SensoryStone","floor":37,"gold_loss":0},{"damage_healed":0,"gold_gain":0,"player_choice":"Fight","damage_taken":0,"max_hp_gain":0,"max_hp_loss":0,"event_name":"Mysterious Sphere","floor":39,"gold_loss":0},{"damage_healed":0,"gold_gain":0,"player_choice":"Ignored","damage_taken":0,"max_hp_gain":0,"max_hp_loss":0,"event_name":"Tomb of Lord Red Mask","floor":42,"gold_loss":0}],"is_beta":false,"boss_relics":[{"not_picked":["Velvet Choker","Fusion Hammer"],"picked":"Empty Cage"},{"not_picked":["SacredBark","Busted Crown"],"picked":"Sozu"}],"items_purged_floors":[2,19],"is_endless":false,"potions_floor_spawned":[1,4,6,12,14,18,24,40,41,47,48],"ascension_level":14}}