{"host":"bgq1kh73gni2z7sn","time":1609789708,"event":{"mods":["BaseMod","Block Reminder","Highlight Path","Infinite Spire","Minty Spire (QoL Compilation)","Quick Restart","StSLib"],"gold_per_floor":[109,109,125,142,142,142,169,169,169,169,197,226,226,226,226,328,328,341,96,96,96,96,96,131,149,149,181,481,510,510,525,525,629,629,650,18,0,0,18,50,50,91,139,139,163,185,208,260,260,272],"floor_reached":51,"playtime":2251,"items_purged":[],"score":1170,"play_id":"d9cc17e1-dd12-4846-a3a0-d76553430728","local_time":"20210104204828","is_ascension_mode":true,"campfire_choices":[{"data":"infinitespire:SevenWalls","floor":6,"key":"SMITH"},{"data":"Inflame","floor":8,"key":"SMITH"},{"data":"Perfected Strike","floor":10,"key":"SMITH"},{"floor":15,"key":"REST"},{"floor":23,"key":"REST"},{"data":"infinitespire:FinalStrike","floor":32,"key":"SMITH"},{"data":"infinitespire:Punishment","floor":49,"key":"SMITH"}],"circlet_count":0,"master_deck":["Strike_R","Strike_R","Strike_R+1","Strike_R","Defend_R+1","Defend_R","Defend_R","Defend_R+1","Bash+1","Shrug It Off","Perfected Strike+1","infinitespire:SevenWalls+1","Cleave","Shockwave+1","Anger","Limit Break+1","Clothesline","Flex+1","Rupture+1","Necronomicurse","Armaments+1","Twin Strike+1","Brutality","infinitespire:FinalStrike+1","infinitespire:Punishment+1","Iron Wave","Rage+1","Limit Break+1","Feel No Pain+1","Flex+1","Anger","Metallicize","Seeing Red+1","Thunderclap","Disarm+1","Intimidate+1","Ghostly Armor+1","Clothesline"],"relics":["Black Blood","Eternal Feather","Toxic Egg 2","Odd Mushroom","Charon\u0027s Ashes","Sozu","Brimstone","Necronomicon","infinitespire:Midas Blood","Shuriken","StoneCalendar","Old Coin","Black Star","Mercury Hourglass","Bird Faced Urn","Medical Kit","Bronze Scales","Happy Flower","Red Mask","Blue Candle","Blood Vial","infinitespire:Satchel","War Paint","Nunchaku","Dream Catcher","Ice Cream"],"acts_visited":["Exordium","TheCity","TheBeyond"],"potions_floor_usage":[27,27],"damage_taken":[{"damage":2,"enemies":"Jaw Worm","floor":1,"turns":3},{"damage":1,"enemies":"Cultist","floor":3,"turns":3},{"damage":0,"enemies":"Small Slimes","floor":4,"turns":3},{"damage":17,"enemies":"3 Sentries","floor":7,"turns":7},{"damage":9,"enemies":"The Mushroom Lair","floor":11,"turns":3},{"damage":13,"enemies":"Gremlin Nob","floor":12,"turns":4},{"damage":0,"enemies":"Slime Boss","floor":16,"turns":8},{"damage":8,"enemies":"Chosen","floor":18,"turns":4},{"damage":7,"enemies":"Book of Stabbing","floor":24,"turns":4},{"damage":18,"enemies":"Shell Parasite","floor":25,"turns":3},{"damage":26,"enemies":"Slavers","floor":27,"turns":3},{"damage":0,"enemies":"Book of Stabbing","floor":29,"turns":3},{"damage":0,"enemies":"Snecko","floor":31,"turns":3},{"damage":0,"enemies":"Collector","floor":33,"turns":2},{"damage":8,"enemies":"3 Darklings","floor":35,"turns":3},{"damage":10,"enemies":"3 Shapes","floor":39,"turns":2},{"damage":22,"enemies":"Nemesis","floor":40,"turns":3},{"damage":36,"enemies":"Reptomancer","floor":42,"turns":4},{"damage":8,"enemies":"Sphere and 2 Shapes","floor":45,"turns":3},{"damage":3,"enemies":"Transient","floor":46,"turns":5},{"damage":1,"enemies":"Mind Bloom Boss Battle","floor":48,"turns":3},{"damage":36,"enemies":"Time Eater","floor":50,"turns":5}],"seed_played":"2396185921384004656","potions_obtained":[{"floor":7,"key":"Dexterity Potion"},{"floor":16,"key":"EssenceOfSteel"}],"is_trial":false,"path_per_floor":["M","?","M","M","?","R","E","R","T","R","?","E","?","?","R","B",null,"M","$","?","?","?","R","E","M","T","E","AVR","E","?","M","R","B",null,"M","$","?","?","M","E","$","E","T","?","M","M","T","?","R","B",null],"character_chosen":"IRONCLAD","items_purchased":["Brimstone","Flex+1","Rupture","Medical Kit","Bronze Scales","Happy Flower","Flex+1","Anger","Metallicize"],"campfire_rested":2,"item_purchase_floors":[19,19,19,36,36,36,36,36,36],"current_hp_per_floor":[88,88,88,88,66,66,55,61,61,67,64,57,39,39,74,80,88,86,86,70,53,53,92,91,79,79,59,59,65,65,71,86,92,93,93,93,93,88,88,78,78,60,60,60,68,83,83,88,88,70],"gold":272,"neow_bonus":"TEN_PERCENT_HP_BONUS","is_daily":false,"chose_seed":false,"campfire_upgraded":5,"win_rate":0.0,"timestamp":1609789708,"path_taken":["M","?","?","M","?","R","E","R","T","R","?","E","?","?","R","BOSS","M","$","?","?","?","R","E","?","T","E","AVR","E","?","M","R","BOSS","M","$","?","?","M","E","$","E","T","?","M","M","?","?","R","BOSS"],"items_purchased_type":["Relic","Card","Card","Relic","Relic","Relic","Card","Card","Card"],"build_version":"2020-12-22","purchased_purges":0,"victory":true,"max_hp_per_floor":[88,88,88,88,88,88,88,88,88,88,88,88,88,88,88,88,88,88,88,88,93,93,93,93,93,93,93,93,93,93,93,93,93,93,93,93,93,88,88,88,88,88,88,88,88,88,88,88,88,88],"card_choices":[{"not_picked":["Perfected Strike","Thunderclap"],"picked":"Inflame","floor":1},{"not_picked":["Armaments","Dark Embrace"],"picked":"Shrug It Off","floor":3},{"not_picked":["True Grit","Bloodletting"],"picked":"Perfected Strike","floor":4},{"not_picked":["infinitespire:FutureSight","infinitespire:Menacing"],"picked":"infinitespire:SevenWalls","floor":5},{"not_picked":["Fire Breathing","Exhume"],"picked":"Cleave","floor":7},{"not_picked":["Dark Embrace","Sever Soul"],"picked":"Shockwave+1","floor":11},{"not_picked":["Impervious+1","Immolate"],"picked":"Anger","floor":12},{"not_picked":["Feed","Bludgeon"],"picked":"Limit Break+1","floor":16},{"not_picked":["Rampage","Twin Strike"],"picked":"Clothesline","floor":18},{"not_picked":["Corruption","Blood for Blood"],"picked":"Armaments+1","floor":24},{"not_picked":["Feel No Pain","Seeing Red+1"],"picked":"Twin Strike+1","floor":25},{"not_picked":["Burning Pact+1","Entrench+1"],"picked":"Brutality","floor":27},{"not_picked":["infinitespire:OneForAll","Sword Boomerang"],"picked":"Iron Wave","floor":29},{"not_picked":["Anger","True Grit+1"],"picked":"Rage+1","floor":31},{"not_picked":["Feed","Brutality"],"picked":"Limit Break+1","floor":33},{"not_picked":["Pummel","Battle Trance+1"],"picked":"Feel No Pain+1","floor":35},{"not_picked":["Sentinel+1","Iron Wave"],"picked":"Seeing Red+1","floor":39},{"not_picked":["Pummel+1","Shrug It Off+1"],"picked":"Thunderclap","floor":40},{"not_picked":["Clothesline+1","Pommel Strike"],"picked":"Disarm+1","floor":42},{"not_picked":["Corruption","Headbutt+1"],"picked":"Intimidate+1","floor":45},{"not_picked":["Perfected Strike+1","Whirlwind+1"],"picked":"Ghostly Armor+1","floor":46},{"not_picked":["Intimidate+1","Sentinel+1"],"picked":"Clothesline","floor":48}],"player_experience":92173,"relics_obtained":[{"floor":7,"key":"Eternal Feather"},{"floor":9,"key":"Toxic Egg 2"},{"floor":11,"key":"Odd Mushroom"},{"floor":12,"key":"Charon\u0027s Ashes"},{"floor":20,"key":"Necronomicon"},{"floor":24,"key":"infinitespire:Midas Blood"},{"floor":26,"key":"Shuriken"},{"floor":27,"key":"StoneCalendar"},{"floor":29,"key":"Mercury Hourglass"},{"floor":29,"key":"Bird Faced Urn"},{"floor":40,"key":"Blue Candle"},{"floor":40,"key":"Blood Vial"},{"floor":42,"key":"infinitespire:Satchel"},{"floor":42,"key":"War Paint"},{"floor":43,"key":"Nunchaku"},{"floor":47,"key":"Dream Catcher"},{"floor":48,"key":"Ice Cream"}],"event_choices":[{"cards_removed":["Strike_R"],"damage_healed":0,"gold_gain":0,"player_choice":"Offered Basic","damage_taken":0,"max_hp_gain":0,"max_hp_loss":0,"event_name":"Bonfire Elementals","floor":2,"gold_loss":0},{"damage_healed":0,"gold_gain":0,"player_choice":"Fought Mushrooms","damage_taken":0,"max_hp_gain":0,"max_hp_loss":0,"event_name":"Mushrooms","floor":11,"gold_loss":0},{"damage_healed":0,"gold_gain":0,"player_choice":"Entered Light","damage_taken":18,"max_hp_gain":0,"max_hp_loss":0,"event_name":"Shining Light","floor":13,"gold_loss":0,"cards_upgraded":["Bash","Strike_R"]},{"damage_healed":0,"gold_gain":0,"player_choice":"Ignored","damage_taken":0,"max_hp_gain":0,"max_hp_loss":0,"event_name":"Purifier","floor":14,"gold_loss":0},{"damage_healed":0,"gold_gain":0,"player_choice":"Obtained Book","damage_taken":16,"max_hp_gain":0,"max_hp_loss":0,"event_name":"Cursed Tome","floor":20,"gold_loss":0},{"damage_healed":0,"gold_gain":0,"player_choice":"Shed Blood","damage_taken":22,"max_hp_gain":5,"max_hp_loss":0,"event_name":"Forgotten Altar","floor":21,"gold_loss":0},{"damage_healed":0,"gold_gain":0,"player_choice":"Forge","damage_taken":0,"max_hp_gain":0,"max_hp_loss":0,"event_name":"Accursed Blacksmith","floor":22,"gold_loss":0,"cards_upgraded":["Rupture"]},{"cards_removed":["Inflame"],"damage_healed":0,"gold_gain":0,"player_choice":"Elegance","damage_taken":0,"max_hp_gain":0,"max_hp_loss":0,"event_name":"Back to Basics","floor":30,"gold_loss":0},{"damage_healed":0,"gold_gain":0,"player_choice":"Paid","damage_taken":0,"relics_obtained":["Red Mask"],"max_hp_gain":0,"max_hp_loss":0,"event_name":"Tomb of Lord Red Mask","floor":37,"gold_loss":18},{"damage_healed":0,"gold_gain":0,"player_choice":"Max HP","damage_taken":0,"max_hp_gain":0,"max_hp_loss":5,"event_name":"Winding Halls","floor":38,"gold_loss":0},{"damage_healed":0,"gold_gain":0,"player_choice":"Fight","damage_taken":0,"max_hp_gain":0,"max_hp_loss":0,"event_name":"MindBloom","floor":48,"gold_loss":0}],"is_beta":false,"boss_relics":[{"not_picked":["SlaversCollar","Runic Cube"],"picked":"Sozu"},{"not_picked":["SacredBark","Fusion Hammer"],"picked":"Black Blood"}],"items_purged_floors":[],"is_endless":false,"potions_floor_spawned":[7,16,29,31,33,35,40,46],"ascension_level":3}}