{"host":"6bsan6hkua32tfq7","time":1609803888,"event":{"mods":["BaseMod","Better Third Choice","Colored Map","Highlight Path","Minty Spire (QoL Compilation)","StSLib"],"gold_per_floor":[114,133,148,168,168,168,186,205,229,229,242,261,261,286,286,362,362,382,297,222,222,238,238,249,249,249,260,279,279,279],"floor_reached":29,"playtime":879,"items_purged":["Strike_R"],"score":462,"play_id":"216c94d8-4613-4a69-abba-bc0063c8792d","local_time":"20210105004448","is_ascension_mode":true,"campfire_choices":[{"data":"Bash","floor":6.0,"key":"SMITH"},{"data":"Hemokinesis","floor":10.0,"key":"SMITH"},{"floor":13.0,"key":"REST"},{"data":"Defend_R","floor":15.0,"key":"SMITH"},{"floor":23,"key":"REST"},{"floor":25,"key":"REST"}],"circlet_count":0,"master_deck":["AscendersBane","Strike_R","Strike_R","Defend_R+1","Defend_R","Defend_R+1","Bash+1","Pommel Strike","Clothesline","Intimidate","Clothesline","Cleave","Hemokinesis+1","Spot Weakness+1","Rage","Demon Form","True Grit+1","Shockwave","Shrug It Off"],"relics":["Burning Blood","Vajra","Happy Flower","Sozu","War Paint","Gremlin Horn"],"acts_visited":["Exordium","TheCity"],"potions_floor_usage":[29],"damage_taken":[{"damage":9.0,"enemies":"Jaw Worm","floor":1.0,"turns":4.0},{"damage":1.0,"enemies":"Cultist","floor":2.0,"turns":3.0},{"damage":3.0,"enemies":"Small Slimes","floor":3.0,"turns":3.0},{"damage":1.0,"enemies":"3 Louse","floor":4.0,"turns":4.0},{"damage":20.0,"enemies":"Exordium Thugs","floor":7.0,"turns":6.0},{"damage":19.0,"enemies":"Exordium Wildlife","floor":8.0,"turns":5.0},{"damage":9.0,"enemies":"Blue Slaver","floor":11.0,"turns":3.0},{"damage":12.0,"enemies":"Gremlin Gang","floor":12.0,"turns":3.0},{"damage":9.0,"enemies":"Gremlin Nob","floor":14.0,"turns":3.0},{"damage":40.0,"enemies":"The Guardian","floor":16.0,"turns":13.0},{"damage":21,"enemies":"3 Byrds","floor":18,"turns":5},{"damage":22,"enemies":"2 Thieves","floor":22,"turns":4},{"damage":20,"enemies":"Snake Plant","floor":24,"turns":5},{"damage":39,"enemies":"Shelled Parasite and Fungi","floor":27,"turns":3},{"damage":20,"enemies":"Centurion and Healer","floor":28,"turns":5},{"damage":13,"enemies":"Chosen and Byrds","floor":29,"turns":3}],"seed_played":"-3375922958719767987","potions_obtained":[{"floor":2.0,"key":"LiquidBronze"},{"floor":3.0,"key":"Dexterity Potion"},{"floor":8.0,"key":"Swift Potion"},{"floor":14.0,"key":"Fire Potion"},{"floor":16.0,"key":"CultistPotion"}],"is_trial":false,"path_per_floor":["M","M","M","M","?","R","M","M","T","R","M","M","R","E","R","B",null,"M","?","$","?","M","R","M","R","T","M","M","M"],"character_chosen":"IRONCLAD","items_purchased":[],"campfire_rested":3,"item_purchase_floors":[],"current_hp_per_floor":[47,52,55,60,60,60,46,33,33,33,30,24,46,43,43,9,59,44,44,44,44,28,50,36,58,58,25,11,0,0],"gold":279,"neow_bonus":"REMOVE_TWO","is_daily":false,"chose_seed":false,"campfire_upgraded":3,"win_rate":0.0,"timestamp":1609803888,"path_taken":["M","M","M","M","?","R","M","M","T","R","?","M","R","E","R","BOSS","M","?","$","?","M","R","M","R","T","M","M","?"],"items_purchased_type":[],"build_version":"2020-12-22","purchased_purges":1,"victory":false,"max_hp_per_floor":[75,75,75,75,75,75,75,75,75,75,75,75,75,75,75,75,75,75,75,75,75,75,75,75,75,75,75,75,75,75],"card_choices":[{"not_picked":["Flex","Rupture"],"picked":"Pommel Strike","floor":1.0},{"not_picked":["Flame Barrier","Thunderclap"],"picked":"Clothesline","floor":2.0},{"not_picked":["Body Slam","Pummel"],"picked":"Intimidate","floor":3.0},{"not_picked":["Wild Strike","Sentinel"],"picked":"Clothesline","floor":4.0},{"not_picked":["Blood for Blood","Intimidate"],"picked":"Cleave","floor":7.0},{"not_picked":["Dark Embrace","Sentinel"],"picked":"Hemokinesis","floor":8.0},{"not_picked":["Iron Wave","Body Slam","Sword Boomerang"],"picked":"SKIP","floor":11.0},{"not_picked":["Body Slam","Reckless Charge"],"picked":"Spot Weakness","floor":12.0},{"not_picked":["Body Slam","Clash"],"picked":"Rage","floor":14.0},{"not_picked":["Double Tap","Juggernaut"],"picked":"Demon Form","floor":16.0},{"not_picked":["Headbutt","Clash"],"picked":"True Grit","floor":18},{"not_picked":["Wild Strike+1","Havoc"],"picked":"Shockwave","floor":22},{"not_picked":["Intimidate","Rampage","Uppercut+1"],"picked":"SKIP","floor":24},{"not_picked":["Warcry","Havoc"],"picked":"Shrug It Off","floor":27},{"not_picked":["Wild Strike+1","Carnage","Power Through"],"picked":"SKIP","floor":28}],"player_experience":5250419,"relics_obtained":[{"floor":9.0,"key":"Vajra"},{"floor":14.0,"key":"Happy Flower"},{"floor":26,"key":"Gremlin Horn"}],"event_choices":[{"cards_removed":["Strike_R"],"damage_healed":0.0,"max_hp_gain":0.0,"max_hp_loss":0.0,"gold_gain":0.0,"event_name":"Purifier","player_choice":"Purged","floor":5.0,"gold_loss":0.0,"damage_taken":0.0},{"damage_healed":0,"gold_gain":0,"player_choice":"Obtained Relic","damage_taken":0,"relics_obtained":["War Paint"],"max_hp_gain":0,"max_hp_loss":0,"event_name":"Addict","floor":19,"gold_loss":85},{"damage_healed":0,"gold_gain":0,"player_choice":"Upgraded","damage_taken":0,"max_hp_gain":0,"max_hp_loss":0,"event_name":"Upgrade Shrine","floor":21,"gold_loss":0,"cards_upgraded":["True Grit"]}],"is_beta":false,"boss_relics":[{"not_picked":["Pandora\u0027s Box","Tiny House"],"picked":"Sozu"}],"items_purged_floors":[20],"is_endless":false,"potions_floor_spawned":[2,3,8,14,16,24,27],"killed_by":"Chosen and Byrds","ascension_level":20}}