{"host":"ixqzyafodex1tsi5","time":1609763353,"event":{"mods":["ATMod(°¢èªMod)","AchievementEnabler","Act Like it!","BaseMod","Gensokyo","GifTheSpireLib","Luminous","Minty Spire (QoL Compilation)","Relic Stats","Replay The Spire","RumiaBox-Â¶Ã×æ«µÄÉñÃØºÐ×Ó","Shop Mod","Spicy Shops","StSLib","The Cursed","[IsaacMod]ÒÔÈö¼âËþ","¡¾¹¦ÄÜMod¡¿»ìãçÖ®»·ÐÞ¸´²¹¶¡","¡¾ÒÅÎï¿¨ÅÆ¡¿REMEMod"],"gold_per_floor":[109,128,128,53,63,79,105,162,189,34,34,34,34,52,52,154,154,173,187,187,187,201,233,247,247,272,286,286,385,401,411,411,512,612,623,673,686,686,696,696,728,740,740,740,740,740,752,766,766,766],"floor_reached":51,"playtime":1017,"items_purged":["Defend_R"],"score":976,"play_id":"2e237d6e-3fad-456a-9f1d-4936b38da06c","local_time":"20210104202913","is_ascension_mode":false,"campfire_choices":[{"data":"Phantasmal Killer","floor":13,"key":"SMITH"},{"data":"Bash","floor":15,"key":"PURGE"},{"data":"Infernal Blade","floor":28,"key":"SMITH"},{"data":"Offering","floor":32,"key":"SMITH"},{"data":"Fiend Fire","floor":40,"key":"SMITH"},{"data":"Twin Strike","floor":44,"key":"SMITH"},{"data":"Replay:Undeath\u0027s Touch","floor":44,"key":"SMITH"},{"data":"AT_IchimonjiDouble","floor":46,"key":"SMITH"},{"data":"Bash","floor":46,"key":"SMITH"},{"data":"Strike_R","floor":49,"key":"SMITH"},{"data":"Replay:Undeath\u0027s Touch","floor":49,"key":"SMITH"}],"circlet_count":0,"master_deck":["Strike_R+1","Strike_R+1","Strike_R","Strike_R+1","Defend_R","Bash+1","AT_BreakingExtremeWeapon+1","Phantasmal Killer+1","Infernal Blade+1","Pommel Strike","Replay:Undeath\u0027s Touch+1","Feed","AT_IchimonjiDouble+1","Twin Strike+1","AT_IchimonjiDouble+1","Offering+1","Cleave+1","Replay:Undeath\u0027s Touch+1","Bloodletting","Fiend Fire+1"],"relics":["Burning Blood","HushsDoor","Void","SecretRecord","SecretRecord","Mango","Orichalcum","Brimstone","Black Star","Nilry\u0027s Codex","AT_BellDemon","Strawberry","Whetstone","GodSword5","Replay:Mystery Machine","Replay:Wanted Poster","Smiling Mask","AT_EbonyIvory","Thread and Needle","Matryoshka","AT_RedTearstoneRing","D6","HowToJump","Pen Nib","Akabeko","Replay:Arrowhead","Ginger","ReplayTheSpireMod:TigerMarble"],"acts_visited":["Exordium","TheCity","TheBeyond"],"potions_floor_usage":[7,50],"damage_taken":[{"damage":0,"enemies":"Cultist","floor":1,"turns":2},{"damage":10,"enemies":"Jaw Worm","floor":2,"turns":2},{"damage":0,"enemies":"Small Slimes","floor":5,"turns":2},{"damage":0,"enemies":"Blue Slaver","floor":6,"turns":1},{"damage":0,"enemies":"Lagavulin","floor":7,"turns":2},{"damage":0,"enemies":"Lagavulin Event","floor":8,"turns":3},{"damage":11,"enemies":"Large Slime","floor":14,"turns":2},{"damage":0,"enemies":"Hexaghost","floor":16,"turns":3},{"damage":14,"enemies":"3 Byrds","floor":18,"turns":3},{"damage":6,"enemies":"Chosen","floor":19,"turns":2},{"damage":14,"enemies":"Shelled Parasite and Fungi","floor":22,"turns":2},{"damage":0,"enemies":"REME_1_Revenger","floor":23,"turns":2},{"damage":0,"enemies":"Cultist and Chosen","floor":24,"turns":2},{"damage":20,"enemies":"Chosen and Byrds","floor":27,"turns":2},{"damage":0,"enemies":"Centurion and Healer","floor":30,"turns":1},{"damage":6,"enemies":"3 Cultists","floor":31,"turns":2},{"damage":3,"enemies":"Automaton","floor":33,"turns":2},{"damage":0,"enemies":"3 Darklings","floor":35,"turns":2},{"damage":0,"enemies":"Mind Bloom Boss Battle","floor":36,"turns":2},{"damage":6,"enemies":"3 Shapes","floor":37,"turns":1},{"damage":0,"enemies":"Jaw Worm Horde","floor":39,"turns":2},{"damage":0,"enemies":"R_Hoarder","floor":41,"turns":2},{"damage":0,"enemies":"Maw","floor":42,"turns":2},{"damage":0,"enemies":"Transient","floor":47,"turns":5},{"damage":9,"enemies":"4 Shapes","floor":48,"turns":2},{"damage":31,"enemies":"Awakened One","floor":50,"turns":3}],"seed_played":"8627979230013431669","potions_obtained":[{"floor":2,"key":"EssenceOfSteel"},{"floor":5,"key":"Doom Potion"},{"floor":6,"key":"SteroidPotion"},{"floor":14,"key":"SpeedPotion"},{"floor":37,"key":"Explosive Potion"}],"is_trial":false,"path_per_floor":["M","M","?","$","M","M","E","?","T","$","?","?","R","M","R","B",null,"M","M","?","?","M","E","M","?","T","M","R","?","M","M","R","B",null,"M","?","M","?","M","R","E","M","T","R","$","R","M","M","R","B",null],"character_chosen":"IRONCLAD","items_purchased":["Brimstone"],"campfire_rested":0,"item_purchase_floors":[10],"current_hp_per_floor":[62,58,58,58,64,70,76,94,94,94,94,94,94,89,89,94,94,91,96,80,80,77,90,101,101,101,92,92,92,103,103,103,107,125,130,130,130,123,128,128,128,128,128,128,128,128,128,126,126,102],"gold":766,"neow_bonus":"REMOVE_TWO","is_daily":false,"chose_seed":false,"campfire_upgraded":10,"win_rate":0.0,"timestamp":1609763353,"path_taken":["M","?","?","$","M","M","E","?","T","$","?","?","R","M","R","BOSS","M","M","?","?","M","E","?","?","T","M","R","?","M","M","R","BOSS","M","?","M","?","?","R","E","M","T","R","$","R","M","?","R","BOSS"],"items_purchased_type":["Relic"],"build_version":"2020-12-22","purchased_purges":1,"victory":true,"max_hp_per_floor":[80,80,80,80,80,80,80,94,94,94,94,94,94,94,94,94,94,99,104,104,104,109,116,121,115,115,120,120,120,125,125,125,125,125,130,130,130,123,128,128,128,128,128,128,128,128,128,128,128,128],"relic_stats":{"counters":[26,56],"Pen Nib":[3],"Black Star":2,"Whetstone":["Strike_R","Strike_R"],"Ginger":[0],"Orichalcum":[144],"Smiling Mask":0,"obtain_stats":[{"AT_BellDemon":23,"AT_ATBox":0,"Nilry\u0027s Codex":20,"Mango":8,"SecretRecord":1,"Whetstone":26,"Ginger":47,"Replay:Mystery Machine":33,"Smiling Mask":35,"Burning Blood":0,"Replay:Wanted Poster":34,"Matryoshka":39,"Ccalipers":24,"Strawberry":23,"Void":0,"KeepersGift":0,"AT_RedTearstoneRing":41,"HowToJump":41,"BelialBook":37,"Thread and Needle":36,"AddBug":1,"AT_EbonyIvory":36,"Pen Nib":42,"Baka":1,"Orichalcum":9,"Akabeko":43,"Replay:Arrowhead":43,"D6":41,"Brimstone":10,"Black Star":17,"ReplayTheSpireMod:TigerMarble":48,"GodSword5":31,"BlankCard":30,"HushsDoor":0,"REME_ComplimentaryCards":0},{"AT_BellDemon":12,"AT_ATBox":0,"Nilry\u0027s Codex":10,"Mango":5,"SecretRecord":1,"Whetstone":13,"Ginger":24,"Replay:Mystery Machine":17,"Smiling Mask":18,"Burning Blood":0,"Replay:Wanted Poster":17,"Matryoshka":21,"Ccalipers":13,"Strawberry":12,"Void":0,"KeepersGift":0,"AT_RedTearstoneRing":22,"HowToJump":22,"BelialBook":20,"Thread and Needle":19,"AddBug":1,"AT_EbonyIvory":19,"Pen Nib":23,"Baka":1,"Orichalcum":6,"Akabeko":23,"Replay:Arrowhead":23,"D6":22,"Brimstone":6,"Black Star":8,"ReplayTheSpireMod:TigerMarble":25,"GodSword5":16,"BlankCard":15,"HushsDoor":0,"REME_ComplimentaryCards":0},{"AT_BellDemon":26,"AT_ATBox":0,"Nilry\u0027s Codex":22,"Mango":9,"SecretRecord":2,"Whetstone":28,"Ginger":51,"Replay:Mystery Machine":35,"Smiling Mask":37,"Burning Blood":0,"Replay:Wanted Poster":35,"Matryoshka":42,"Ccalipers":28,"Strawberry":26,"Void":0,"KeepersGift":0,"AT_RedTearstoneRing":44,"HowToJump":44,"BelialBook":40,"Thread and Needle":39,"AddBug":2,"AT_EbonyIvory":39,"Pen Nib":46,"Baka":2,"Orichalcum":12,"Akabeko":46,"Replay:Arrowhead":46,"D6":44,"Brimstone":12,"Black Star":17,"ReplayTheSpireMod:TigerMarble":53,"GodSword5":33,"BlankCard":31,"HushsDoor":0,"REME_ComplimentaryCards":0}],"Burning Blood":120},"card_choices":[{"not_picked":["Twin Strike","Rupture"],"picked":"Infernal Blade","floor":1},{"not_picked":["Armaments","Hemogenesis","Flex"],"picked":"SKIP","floor":2},{"not_picked":["Twin Strike","Flex"],"picked":"Bomb","floor":5},{"not_picked":["Bloodletting","Heavy Blade"],"picked":"Pommel Strike","floor":6},{"not_picked":["Headbutt","Dark Embrace","Body Slam"],"picked":"SKIP","floor":7},{"not_picked":["Wild Strike","AT_ManFootWork"],"picked":"Replay:Undeath\u0027s Touch","floor":8},{"not_picked":["Iron Wave","REME_Cut"],"picked":"AT_IchimonjiDouble","floor":14},{"not_picked":["Cleave","Run Through"],"picked":"Twin Strike","floor":18},{"not_picked":["Intimidate","Shockwave+1"],"picked":"AT_IchimonjiDouble+1","floor":19},{"not_picked":["Iron Wave","Sword Boomerang"],"picked":"Offering","floor":22},{"not_picked":["Havoc","AT_ShrugMaster","Shrug It Off"],"picked":"SKIP","floor":23},{"not_picked":["Wild Strike","Perfected Strike+1"],"picked":"Cleave+1","floor":24},{"not_picked":["Body Slam+1","Headbutt","Inflame"],"picked":"SKIP","floor":27},{"not_picked":["Whirlwind","Twin Strike"],"picked":"Replay:Undeath\u0027s Touch","floor":30},{"not_picked":["Battle Trance","ReplayReversal"],"picked":"Bloodletting","floor":31},{"not_picked":["Replay:Many Hands","Brutality"],"picked":"Fiend Fire","floor":33},{"not_picked":["AT_GerminateFire+1","REME_Cut+1","Armaments+1"],"picked":"SKIP","floor":35},{"not_picked":["Havoc","Clothesline+1","Body Slam"],"picked":"SKIP","floor":37},{"not_picked":["Havoc","Clothesline+1","Body Slam"],"picked":"SKIP","floor":37},{"not_picked":["Warcry+1","Sever Soul+1","REME_Scribble"],"picked":"SKIP","floor":39},{"not_picked":["Juggernaut","Cleave","Armaments"],"picked":"SKIP","floor":41},{"not_picked":["Anger+1","Body Slam+1","AT_CaressingTears"],"picked":"SKIP","floor":42},{"not_picked":["Twin Strike+1","Dropkick+1","Armaments"],"picked":"SKIP","floor":47},{"not_picked":["Clothesline","Reckless Charge+1","AT_BodySlamDance+1"],"picked":"SKIP","floor":48}],"player_experience":174735,"relics_obtained":[{"floor":1,"key":"AddBug"},{"floor":1,"key":"Baka"},{"floor":7,"key":"SecretRecord"},{"floor":7,"key":"War Paint"},{"floor":9,"key":"Orichalcum"},{"floor":20,"key":"Nilry\u0027s Codex"},{"floor":23,"key":"AT_BellDemon"},{"floor":23,"key":"Strawberry"},{"floor":24,"key":"Ccalipers"},{"floor":26,"key":"Whetstone"},{"floor":30,"key":"BlankCard"},{"floor":31,"key":"GodSword5"},{"floor":33,"key":"Replay:Mystery Machine"},{"floor":35,"key":"Smiling Mask"},{"floor":36,"key":"AT_EbonyIvory"},{"floor":36,"key":"Thread and Needle"},{"floor":37,"key":"BelialBook"},{"floor":39,"key":"Matryoshka"},{"floor":41,"key":"AT_RedTearstoneRing"},{"floor":41,"key":"D6"},{"floor":41,"key":"HowToJump"},{"floor":42,"key":"Pen Nib"},{"floor":43,"key":"Akabeko"},{"floor":43,"key":"Replay:Arrowhead"},{"floor":47,"key":"Ginger"},{"floor":48,"key":"ReplayTheSpireMod:TigerMarble"}],"event_choices":[{"damage_healed":0,"gold_gain":0,"player_choice":"Grow","damage_taken":0,"max_hp_gain":0,"max_hp_loss":0,"event_name":"Living Wall","floor":3,"gold_loss":0,"cards_upgraded":["AT_BreakingExtremeWeapon"]},{"damage_healed":0,"gold_gain":30,"player_choice":"Searched \u00273\u0027 times","damage_taken":0,"relics_obtained":["Mango"],"max_hp_gain":0,"max_hp_loss":0,"event_name":"Dead Adventurer","floor":8,"gold_loss":0},{"damage_healed":0,"gold_gain":0,"player_choice":"2 cards matched","damage_taken":0,"max_hp_gain":0,"max_hp_loss":0,"event_name":"Match and Keep!","floor":11,"gold_loss":0,"cards_obtained":["Bash","Feed"]},{"damage_healed":0,"gold_gain":0,"player_choice":"Obtained Book","damage_taken":16,"max_hp_gain":0,"max_hp_loss":0,"event_name":"Cursed Tome","floor":20,"gold_loss":0},{"damage_healed":0,"gold_gain":0,"player_choice":"Ignored","damage_taken":0,"max_hp_gain":0,"max_hp_loss":0,"event_name":"Ghosts","floor":21,"gold_loss":0},{"damage_healed":0,"gold_gain":99,"player_choice":"Stole From Cult","damage_taken":0,"max_hp_gain":0,"max_hp_loss":0,"event_name":"Nest","floor":29,"gold_loss":0},{"damage_healed":0,"gold_gain":0,"player_choice":"Fight","damage_taken":0,"max_hp_gain":0,"max_hp_loss":0,"event_name":"MindBloom","floor":36,"gold_loss":0},{"damage_healed":0,"gold_gain":0,"player_choice":"Max HP","damage_taken":0,"max_hp_gain":0,"max_hp_loss":7,"event_name":"Winding Halls","floor":38,"gold_loss":0}],"is_beta":false,"boss_relics":[{"not_picked":["Busted Crown","Kintsugi"],"picked":"Black Star"},{"not_picked":[]},{"not_picked":["SoulBox","Sozu"],"picked":"Replay:Wanted Poster"},{"not_picked":[]}],"items_purged_floors":[4],"is_endless":false,"potions_floor_spawned":[2,5,6,14,16,19,27,37,39,47,48],"ascension_level":0}}