{"host":"27tk4xseidcli2mr","time":1609759717,"event":{"mods":["2.2 Compatiblity","AchievementEnabler","Aspiration","BaseMod","Better Third Choice","Conspire","Custom Start","Hubris","Jorbs\u0027s Wanderer Trilogy","Minty Spire (QoL Compilation)","Replay The Spire","StSLib","SuperFastMode","[IsaacMod]????"],"gold_per_floor":[115,190,60,71,71,97,97,130,130,130,142,142,142,162,162,239,239,254,254,224,49,62,62,91,104,104,132,132,161,161,174,174,250,250,268,313,63,0,17,17,51,63,63,88,105,296,296,41,41,41,41,41,41,1,34,34,34],"floor_reached":56,"playtime":3223,"items_purged":["Strike_G","Strike_G+1","Defend_G"],"score":2188,"play_id":"6cfd55f7-124f-4d23-9a8a-b8ab2aa87008","local_time":"20210104122837","is_ascension_mode":true,"campfire_choices":[{"floor":7.0,"key":"REST"},{"data":"Strike_G+1","floor":10.0,"key":"PURGE"},{"data":"ReplayTheSpireMod:Scrap Shanks","floor":12.0,"key":"SMITH"},{"floor":23.0,"key":"REST"},{"floor":28.0,"key":"RECALL"},{"data":"Strike_G+1","floor":30.0,"key":"PURGE"},{"data":"Strike_G+1","floor":32.0,"key":"PURGE"},{"data":"Defend_G","floor":40.0,"key":"PURGE"},{"data":"Defend_G","floor":49.0,"key":"PURGE"},{"data":"Defend_G+1","floor":53,"key":"SMITH"}],"circlet_count":0,"master_deck":["AscendersBane","Defend_G+2","Defend_G+1","Survivor","Neutralize+1","hubris:Sniper","Dagger Spray+1","Quick Slash+1","Sneak Up","Dagger Spray","ReplayTheSpireMod:Scrap Shanks+1","conspire:PoisonWeapons+1","Envenom","Quick Slash+1","Storm of Steel","Prepared","ReplayTheSpireMod:Scrap Shanks","Hidden Blade","Hidden Blade","Catalyst","Concentrate","Corpse Explosion","Prepared","Cloak And Dagger","Adrenaline","ReplayTheSpireMod:Scrap Shanks","Cloak And Dagger+1","hubris:SlightOfHand+1","Calculated Gamble+1","hubris:Sniper+1","Prepared","Backstab","hubris:Sniper+1"],"relics":["Ring of the Snake","HushsDoor","aspiration:Nostalgia","Replay:M_StaffOfTheSnake","Replay:Baseball","ReplayTheSpireMod:Ninjato","Peace Pipe","hubris:Towel","Runic Pyramid","Eternal Feather","Iron Hammer","Meat on the Bone","Pen Nib","Simple Rune","Red Mask","BookofShadows","aspiration:VileToxins","SteamSale","hubris:DisguiseKit"],"acts_visited":["Exordium","TheCity","TheBeyond","TheEnding"],"potions_floor_usage":[50,56],"damage_taken":[{"damage":1.0,"enemies":"Jaw Worm","floor":1.0,"turns":5.0},{"damage":0.0,"enemies":"2 Louse","floor":4.0,"turns":2.0},{"damage":17.0,"enemies":"Lagavulin","floor":6.0,"turns":5.0},{"damage":20.0,"enemies":"3 Sentries","floor":8.0,"turns":7.0},{"damage":4.0,"enemies":"conspire:RoseBush","floor":11.0,"turns":2.0},{"damage":0.0,"enemies":"Exordium Wildlife","floor":14.0,"turns":4.0},{"damage":43.0,"enemies":"Slime Boss","floor":16.0,"turns":8.0},{"damage":14.0,"enemies":"Shell Parasite","floor":18.0,"turns":6.0},{"damage":0.0,"enemies":"Chosen","floor":22.0,"turns":2.0},{"damage":0.0,"enemies":"conspire:Head Lice","floor":24.0,"turns":3.0},{"damage":0.0,"enemies":"Snake Plant","floor":25.0,"turns":2.0},{"damage":25.0,"enemies":"Book of Stabbing","floor":27.0,"turns":3.0},{"damage":0.0,"enemies":"Slavers","floor":29.0,"turns":2.0},{"damage":0.0,"enemies":"Chosen and Byrds","floor":31.0,"turns":1.0},{"damage":25.0,"enemies":"Collector","floor":33.0,"turns":3.0},{"damage":1.0,"enemies":"Orb Walker","floor":35.0,"turns":2.0},{"damage":13.0,"enemies":"conspire:MimicChest","floor":36.0,"turns":3.0},{"damage":0.0,"enemies":"3 Darklings","floor":39.0,"turns":2.0},{"damage":4.0,"enemies":"Nemesis","floor":41.0,"turns":3.0},{"damage":2.0,"enemies":"4 Shapes","floor":42.0,"turns":4.0},{"damage":0.0,"enemies":"Giant Head","floor":44.0,"turns":1.0},{"damage":3.0,"enemies":"Sphere and 2 Shapes","floor":45.0,"turns":2.0},{"damage":16,"enemies":"hubris:GrandSnecko","floor":50,"turns":2},{"damage":23,"enemies":"Time Eater","floor":51,"turns":4},{"damage":0,"enemies":"Shield and Spear","floor":55,"turns":1},{"damage":69,"enemies":"Delirium","floor":56,"turns":4}],"seed_played":"2028411148788900473","potions_obtained":[{"floor":6.0,"key":"LiquidMemories"},{"floor":8.0,"key":"LiquidMemories"},{"floor":22.0,"key":"Adrenaline Potion"},{"floor":27.0,"key":"AttackPotion"},{"floor":29.0,"key":"ColorlessPotion"},{"floor":33.0,"key":"Fire Potion"},{"floor":36.0,"key":"Milkshake"},{"floor":39.0,"key":"LifebloodPotion"},{"floor":41.0,"key":"SneckoOil"},{"floor":55,"key":"Flashbang"}],"is_trial":false,"path_per_floor":["M","?","$","M","?","E","R","E","T","R","M","R","?","M","R","B",null,"M","?","$","$","M","R","E","M","T","E","R","E","R","M","R","B",null,"M","?","$","?","M","R","E","M","T","E","M","?","?","$","R","B","B",null,"R","$","E","B"],"character_chosen":"THE_SILENT","items_purchased":["Dagger Spray","Prepared","ReplayTheSpireMod:Scrap Shanks","Adrenaline","ReplayTheSpireMod:Scrap Shanks","SteamSale","Prepared","Backstab"],"campfire_rested":2,"item_purchase_floors":[3,20,21,37,37,48,48,54],"current_hp_per_floor":[58,47,47,47,47,30,49,29,29,29,25,25,25,25,44,1,50,36,36,36,36,36,55,55,55,55,30,45,45,60,60,66,41,60,59,46,46,46,46,64,60,58,58,58,55,34,34,34,52,36,25,56,66,66,66,0,0],"gold":34,"neow_bonus":"NOSTALGIA","is_daily":false,"chose_seed":false,"campfire_upgraded":2,"win_rate":0.0,"timestamp":1609759717,"path_taken":["M","?","$","M","?","E","R","E","T","R","M","R","?","M","R","BOSS","M","?","?","$","M","R","E","M","T","E","R","E","R","?","R","BOSS","M","?","$","?","M","R","E","?","T","E","?","?","?","$","R","BOSS","BOSS","R","$","E","BOSS"],"items_purchased_type":["Card","Card","Card","Card","Card","Relic","Card","Card"],"build_version":"2020-12-22","purchased_purges":3,"victory":false,"max_hp_per_floor":[66,66,66,66,66,66,66,66,66,66,66,66,66,66,66,66,66,66,66,66,66,66,66,66,66,66,66,66,66,66,66,66,66,66,66,66,66,66,66,66,66,66,66,66,66,66,66,66,66,66,66,66,66,66,66,66,66],"card_choices":[{"not_picked":["Bomb","Outmaneuver"],"picked":"hubris:Sniper","floor":1.0},{"not_picked":["Acrobatics","Flying Knee"],"picked":"Quick Slash","floor":4.0},{"not_picked":["Doppelganger","hubris:Sniper"],"picked":"Sneak Up","floor":6.0},{"not_picked":["Bouncing Flask","ReplayTheSpireMod:Exploit Weakness"],"picked":"Dagger Spray","floor":8.0},{"not_picked":["Blade Dance","Draining Mist"],"picked":"ReplayTheSpireMod:Scrap Shanks","floor":11.0},{"not_picked":["Acrobatics","Draining Mist"],"picked":"conspire:PoisonWeapons","floor":14.0},{"not_picked":["A Thousand Cuts","ReplayTheSpireMod:Necrosis"],"picked":"Envenom","floor":16.0},{"not_picked":["Bane","Dagger Throw"],"picked":"Quick Slash+1","floor":18.0},{"not_picked":["Caltrops","Deflect"],"picked":"Hidden Blade","floor":22.0},{"not_picked":["Acrobatics","Skewer"],"picked":"Hidden Blade","floor":24.0},{"not_picked":["Deadly Poison","Flechettes","Backflip+1"],"picked":"SKIP","floor":25.0},{"not_picked":["Noxious Fumes","Sucker Punch"],"picked":"Catalyst","floor":27.0},{"not_picked":["Draining Mist","Unload"],"picked":"Concentrate","floor":29.0},{"not_picked":["Toxin Wave","Bane","Flying Knee"],"picked":"SKIP","floor":31.0},{"not_picked":["Phantasmal Killer","ReplayTheSpireMod:From All Sides"],"picked":"Corpse Explosion","floor":33.0},{"not_picked":["Flying Knee","Endless Agony+1"],"picked":"Prepared","floor":35.0},{"not_picked":["Replay:Poison Smokescreen+1","Blur"],"picked":"Cloak And Dagger","floor":36.0},{"not_picked":["hubris:Counter","Deadly Poison"],"picked":"Cloak And Dagger+1","floor":39.0},{"not_picked":["Flying Knee","Reflex+1","Acrobatics"],"picked":"SKIP","floor":41.0},{"not_picked":["Hidden Blade+1","Blade Dance+1","Poisoned Stab"],"picked":"SKIP","floor":42.0},{"not_picked":["Deadly Poison","Flying Knee"],"picked":"hubris:SlightOfHand+1","floor":44.0},{"not_picked":["Draining Mist+1","Blade Dance+1"],"picked":"Calculated Gamble+1","floor":45.0},{"not_picked":["Terror","Finisher+1"],"picked":"hubris:Sniper+1","floor":46.0},{"not_picked":["Acrobatics+1","Calculated Gamble"],"picked":"hubris:Sniper+1","floor":55}],"player_experience":1245246,"relics_obtained":[{"floor":6.0,"key":"Replay:Baseball"},{"floor":8.0,"key":"ReplayTheSpireMod:Ninjato"},{"floor":9.0,"key":"Peace Pipe"},{"floor":24.0,"key":"Eternal Feather"},{"floor":26.0,"key":"Iron Hammer"},{"floor":27.0,"key":"Meat on the Bone"},{"floor":29.0,"key":"Pen Nib"},{"floor":36.0,"key":"Simple Rune"},{"floor":41.0,"key":"BookofShadows"},{"floor":44.0,"key":"aspiration:VileToxins"},{"floor":55,"key":"hubris:DisguiseKit"}],"event_choices":[{"damage_healed":0.0,"max_hp_gain":0.0,"max_hp_loss":0.0,"gold_gain":75.0,"event_name":"betterThird:BetterGoop","player_choice":"Gold","floor":2.0,"gold_loss":0.0,"damage_taken":11.0},{"damage_healed":0.0,"max_hp_gain":0.0,"max_hp_loss":0.0,"gold_gain":0.0,"event_name":"Tomb of Lord Red Mask","player_choice":"Paid","floor":38.0,"gold_loss":63.0,"damage_taken":0.0,"relics_obtained":["Red Mask"]}],"is_beta":false,"boss_relics":[{"not_picked":["aspiration:RitualDagger","Ring of the Serpent"],"picked":"Runic Pyramid"},{"not_picked":[]},{"not_picked":["Replay:Wanted Poster","hubris:CrackedHourglass","Sozu"]}],"items_purged_floors":[3,21,48],"is_endless":false,"potions_floor_spawned":[6,8,22,27,29,33,36,39,41,55],"killed_by":"Delirium","ascension_level":20}}