{"host":"baymyijz6sxaqj5s","time":1609760761,"event":{"mods":["AchievementEnabler","BaseMod","Colored Map","Colored Powertips","DeckTracker","Highlight Path","KOR Keyword Fix","Keyboard Shortcuts","Minty Spire (QoL Compilation)","Quick Restart","StSLib","SuperFastMode"],"gold_per_floor":[112,92,109,120,132,132,146,146,169,183,183,200,220,231,231,327,327,341,341,341],"floor_reached":19,"playtime":772,"items_purged":[],"score":165,"play_id":"2c2535e1-d6f4-4934-bed2-b725c64a651d","local_time":"20210104204601","is_ascension_mode":false,"campfire_choices":[{"data":"Eruption","floor":6,"key":"SMITH"},{"floor":15,"key":"REST"}],"circlet_count":0,"master_deck":["Strike_P","Strike_P","Defend_P","Defend_P","Defend_P","Defend_P","Eruption+1","Vigilance","Protect","Prostrate","EmptyBody","EmptyMind","Nirvana","Establishment","CutThroughFate","Judgement","PathToVictory","Consecrate+1"],"relics":["PureWater","Happy Flower","Velvet Choker"],"acts_visited":["Exordium","TheCity"],"potions_floor_usage":[7,12,16,16,16],"damage_taken":[{"damage":4,"enemies":"2 Louse","floor":1,"turns":3},{"damage":1,"enemies":"Cultist","floor":3,"turns":5},{"damage":12,"enemies":"Small Slimes","floor":4,"turns":6},{"damage":3,"enemies":"3 Louse","floor":5,"turns":5},{"damage":0,"enemies":"Gremlin Gang","floor":7,"turns":7},{"damage":3,"enemies":"2 Fungi Beasts","floor":10,"turns":5},{"damage":9,"enemies":"Lots of Slimes","floor":12,"turns":6},{"damage":2,"enemies":"Blue Slaver","floor":13,"turns":6},{"damage":0,"enemies":"Red Slaver","floor":14,"turns":4},{"damage":13,"enemies":"The Guardian","floor":16,"turns":11},{"damage":78,"enemies":"3 Byrds","floor":18,"turns":9},{"damage":5,"enemies":"Chosen","floor":19,"turns":1}],"seed_played":"-6299371100852855748","potions_obtained":[{"floor":2,"key":"Fire Potion"},{"floor":5,"key":"ColorlessPotion"},{"floor":7,"key":"Dexterity Potion"},{"floor":10,"key":"CultistPotion"},{"floor":14,"key":"Ambrosia"},{"floor":18,"key":"FearPotion"}],"is_trial":false,"path_per_floor":["M","?","M","M","M","R","M","?","T","M","?","M","M","M","R","B",null,"M","M"],"character_chosen":"WATCHER","items_purchased":[],"campfire_rested":1,"item_purchase_floors":[],"current_hp_per_floor":[75,75,74,62,59,59,59,52,52,49,49,40,38,38,61,48,79,1,0,0],"gold":341,"neow_bonus":"TEN_PERCENT_HP_BONUS","is_daily":false,"chose_seed":false,"campfire_upgraded":1,"win_rate":0.0,"timestamp":1609760761,"path_taken":["M","?","?","M","M","R","M","?","T","M","?","M","M","M","R","BOSS","M","?"],"items_purchased_type":[],"build_version":"2020-12-22","purchased_purges":0,"victory":false,"max_hp_per_floor":[79,79,79,79,79,79,79,79,79,79,79,79,79,79,79,79,79,79,79,79],"card_choices":[{"not_picked":["CutThroughFate","Halt"],"picked":"Protect","floor":1},{"not_picked":["Meditate","PathToVictory","ReachHeaven"],"picked":"SKIP","floor":3},{"not_picked":["ReachHeaven","FollowUp"],"picked":"Prostrate","floor":4},{"not_picked":["Scrawl","WindmillStrike"],"picked":"EmptyBody","floor":5},{"not_picked":["FollowUp","Indignation"],"picked":"EmptyMind","floor":7},{"not_picked":["Wallop","WreathOfFlame"],"picked":"Nirvana","floor":10},{"not_picked":["FollowUp","Protect"],"picked":"CutThroughFate","floor":12},{"not_picked":["BattleHymn","Nirvana"],"picked":"Judgement","floor":13},{"not_picked":["Crescendo","FollowUp"],"picked":"PathToVictory","floor":14},{"not_picked":["BowlingBash","JustLucky"],"picked":"Consecrate+1","floor":18}],"player_experience":322036,"relics_obtained":[{"floor":9,"key":"Happy Flower"}],"event_choices":[{"damage_healed":0,"gold_gain":0,"player_choice":"Bought 1 Potion","damage_taken":0,"max_hp_gain":0,"max_hp_loss":0,"event_name":"The Woman in Blue","floor":2,"gold_loss":0},{"cards_removed":["Strike_P"],"damage_healed":0,"gold_gain":0,"player_choice":"Card Removal","damage_taken":7,"max_hp_gain":0,"max_hp_loss":0,"event_name":"Golden Wing","floor":8,"gold_loss":0},{"damage_healed":0,"gold_gain":0,"cards_transformed":["Strike_P"],"player_choice":"Transformed","damage_taken":0,"max_hp_gain":0,"max_hp_loss":0,"event_name":"Transmorgrifier","floor":11,"gold_loss":0,"cards_obtained":["Establishment"]}],"is_beta":false,"boss_relics":[{"not_picked":["Cursed Key","SacredBark"],"picked":"Velvet Choker"}],"items_purged_floors":[],"is_endless":false,"potions_floor_spawned":[5,7,10,14,18],"killed_by":"Chosen","ascension_level":0}}