{"host":"jgqxb38yl0c1w101","time":1609732328,"event":{"mods":["BaseMod","Colored Map","Downfall","Minty Spire (QoL Compilation)","StSLib"],"gold_per_floor":[99,99,99,99,119,151,151,51,62,62,91,76,89,109,120,120,120],"floor_reached":16,"playtime":1035,"items_purged":[],"score":116,"play_id":"9e0c0c31-5d30-4bbf-87cc-44365151baf1","local_time":"20210103225208","is_ascension_mode":true,"campfire_choices":[{"floor":1,"key":"RECALL"},{"data":"bronze:OilSpill","floor":8,"key":"SMITH"}],"circlet_count":0,"master_deck":["bronze:Strike","bronze:Strike","bronze:Strike","bronze:Strike","bronze:Defend","bronze:Defend","bronze:Defend","bronze:Defend","bronze:Replicate+1","bronze:Goto","bronze:BitShift","bronze:OilSpill+1","bronze:Spike+1","bronze:DazingPulse+1","bronze:Overload","bronze:ChildClass","bronze:Break","bronze:FineTuning","bronze:CloningBeam","bronze:Return","bronze:FineTuning","bronze:OilSpill"],"relics":["bronze:BronzeCore","downfall:HeartsMalice","Art of War","downfall:HeartBlessingRed","Centennial Puzzle"],"acts_visited":["Exordium"],"potions_floor_usage":[11,16,16],"damage_taken":[{"damage":0,"enemies":"2 Louse","floor":2,"turns":1},{"damage":0,"enemies":"Jaw Worm","floor":3,"turns":1},{"damage":0,"enemies":"Jaw Worm","floor":4,"turns":1},{"damage":1,"enemies":"Cultist","floor":5,"turns":3},{"damage":24,"enemies":"3 Sentries","floor":6,"turns":8},{"damage":5,"enemies":"Exordium Wildlife","floor":9,"turns":4},{"damage":16,"enemies":"Gremlin Nob","floor":11,"turns":3},{"damage":0,"enemies":"downfall:FleeingMerchant","floor":12,"turns":4},{"damage":5,"enemies":"Lots of Slimes","floor":13,"turns":2},{"damage":0,"enemies":"2 Fungi Beasts","floor":14,"turns":2},{"damage":5,"enemies":"3 Louse","floor":15,"turns":2},{"damage":14,"enemies":"downfall:Ironclad","floor":16,"turns":4}],"seed_played":"4670488221579861494","potions_obtained":[{"floor":5,"key":"CultistPotion"},{"floor":6,"key":"LiquidMemories"},{"floor":9,"key":"bronze:BuildAFunctionPotion"},{"floor":11,"key":"bronze:FreeFunctionsPotion"}],"is_trial":false,"path_per_floor":["R","M","M","?","M","E","T","R","M","?","E","$","M","M","M","B"],"character_chosen":"THE_AUTOMATON","items_purchased":[],"campfire_rested":0,"item_purchase_floors":[],"current_hp_per_floor":[70,70,70,70,69,45,45,45,40,40,24,24,19,19,14,0,0],"gold":120,"neow_bonus":"THREE_ENEMY_KILL","is_daily":false,"chose_seed":false,"campfire_upgraded":1,"win_rate":0.0,"timestamp":1609732328,"path_taken":["R","M","M","?","M","E","T","R","M","?","E","$","M","M","M","BOSS"],"items_purchased_type":[],"build_version":"2020-12-22","purchased_purges":0,"victory":false,"max_hp_per_floor":[70,70,70,70,70,70,70,70,70,70,70,70,70,70,70,70,70],"card_choices":[{"not_picked":["bronze:Allocate","bronze:DelayedGuard"],"picked":"bronze:BitShift","floor":2},{"not_picked":["bronze:Invalidate","bronze:FineTuning"],"picked":"bronze:OilSpill","floor":3},{"not_picked":[],"picked":"bronze:Spike","floor":4},{"not_picked":[],"picked":"bronze:DazingPulse","floor":4},{"not_picked":["bronze:Break","bronze:FineTuning"],"picked":"bronze:Overload","floor":4},{"not_picked":["bronze:Frontload","bronze:WildBeam"],"picked":"bronze:ChildClass","floor":5},{"not_picked":["bronze:Turbo","bronze:DarkDash"],"picked":"bronze:Break","floor":6},{"not_picked":["bronze:Repulsor","bronze:Return"],"picked":"bronze:FineTuning","floor":9},{"not_picked":["bronze:ShipIt","bronze:Overheat"],"picked":"bronze:CloningBeam","floor":11},{"not_picked":["bronze:Frontload","bronze:Overheat"],"picked":"bronze:Return","floor":12},{"not_picked":["bronze:ChosenStrike","bronze:ItsAFeature"],"picked":"bronze:FineTuning","floor":13},{"not_picked":["bronze:Branch","bronze:BitShift"],"picked":"bronze:OilSpill","floor":14},{"not_picked":["bronze:ChosenStrike","bronze:RecursiveStrike","bronze:Return"],"picked":"SKIP","floor":15}],"player_experience":143221,"relics_obtained":[{"floor":6,"key":"Art of War"},{"floor":11,"key":"Centennial Puzzle"}],"event_choices":[],"is_beta":false,"boss_relics":[],"items_purged_floors":[],"is_endless":false,"potions_floor_spawned":[5,6,9,11],"killed_by":"downfall:Ironclad","ascension_level":1}}