{"host":"Noah","time":1609723239,"event":{"mods":["BaseMod","Colored Map","Custom Start","Hermit","Jorbs\u0027s Wanderer Trilogy","Minty Spire (QoL Compilation)","Replay The Spire","StSLib","The Blue Laboratory"],"gold_per_floor":[11,23,43,63,82,107,117,136,136,136,136,170,170,199,199,296,296,314,325,17,17,30,30,30],"floor_reached":23,"playtime":1541,"items_purged":[],"score":450,"play_id":"334ff93b-c2a8-404a-b7e3-1356e59d764a","local_time":"20210103202039","is_ascension_mode":true,"campfire_choices":[{"floor":10,"key":"REST"},{"floor":13,"key":"REST"},{"data":"Night Terror","floor":15,"key":"SMITH"},{"data":"ReplayTheSpireMod:Shiv Toss","floor":15,"key":"SMITH"}],"circlet_count":0,"master_deck":["AscendersBane","Strike_G","Strike_G","Strike_G","Strike_G","Defend_G","Defend_G","Defend_G","Defend_G","Survivor","Neutralize","Footwork","Quick Slash","Blade Dance","Riddle With Holes","ReplayTheSpireMod:Shiv Toss+1","Night Terror+1","PiercingWail","Voices","Tools of the Trade","Footwork","A Thousand Cuts","Blade Dance+1","PiercingWail","Accuracy"],"relics":["Ring of the Snake","Pantograph","Ornamental Fan","Ring of Hypnosis","Ring of Fury","Replay:Rubber Ducky","Replay:Arrowhead","Replay:Bronze Core","InkBottle"],"acts_visited":["Exordium","TheCity"],"potions_floor_usage":[12,19,19,22,23],"damage_taken":[{"damage":6,"enemies":"Cultist","floor":1,"turns":4},{"damage":4,"enemies":"2 Louse","floor":2,"turns":4},{"damage":0,"enemies":"Jaw Worm","floor":3,"turns":5},{"damage":2,"enemies":"Blue Slaver","floor":4,"turns":4},{"damage":0,"enemies":"2 Fungi Beasts","floor":5,"turns":4},{"damage":21,"enemies":"3 Sentries","floor":6,"turns":8},{"damage":10,"enemies":"Exordium Wildlife","floor":7,"turns":4},{"damage":7,"enemies":"Red Slaver","floor":8,"turns":4},{"damage":10,"enemies":"Gremlin Nob","floor":12,"turns":3},{"damage":0,"enemies":"Lagavulin","floor":14,"turns":8},{"damage":0,"enemies":"Hexaghost","floor":16,"turns":13},{"damage":24,"enemies":"Spheric Guardian","floor":18,"turns":6},{"damage":15,"enemies":"2 Thieves","floor":19,"turns":4},{"damage":11,"enemies":"Centurion and Healer","floor":22,"turns":4},{"damage":25,"enemies":"Book of Stabbing","floor":23,"turns":4}],"seed_played":"-4046800990815773836","potions_obtained":[{"floor":1,"key":"Explosive Potion"},{"floor":3,"key":"blueLaboratory:NullPotion"},{"floor":7,"key":"blueLaboratory:EnvenomedCoating"},{"floor":12,"key":"blueLaboratory:EnvenomedCoating"},{"floor":14,"key":"Adrenaline Potion"},{"floor":18,"key":"SteroidPotion"},{"floor":19,"key":"blueLaboratory:FruitPunch"},{"floor":22,"key":"Explosive Potion"}],"is_trial":false,"path_per_floor":["M","M","M","M","M","E","M","M","T","R","?","E","R","E","R","B",null,"M","M","$","?","M","E"],"character_chosen":"THE_SILENT","items_purchased":["PiercingWail","InkBottle"],"campfire_rested":2,"item_purchase_floors":[20,20],"current_hp_per_floor":[57,53,53,51,51,30,20,13,13,34,34,24,45,45,45,70,70,46,31,31,31,22,0,0],"gold":30,"neow_bonus":"REMOVE_TWO","is_daily":false,"chose_seed":false,"campfire_upgraded":2,"win_rate":0.0,"timestamp":1609723239,"path_taken":["M","M","M","?","M","E","M","M","T","R","?","E","R","E","R","BOSS","M","M","$","?","M","E"],"items_purchased_type":["Card","Relic"],"build_version":"2020-12-18","purchased_purges":0,"victory":false,"max_hp_per_floor":[70,70,70,70,70,70,70,70,70,70,70,70,70,70,70,70,70,70,70,70,70,72,72,72],"card_choices":[{"not_picked":["Choke","Acrobatics"],"picked":"Footwork","floor":1},{"not_picked":["Deflect","Underhanded Strike"],"picked":"Quick Slash","floor":2},{"not_picked":["Calculated Gamble","Caltrops"],"picked":"Blade Dance","floor":3},{"not_picked":["Catalyst","Cloak And Dagger"],"picked":"Riddle With Holes","floor":4},{"not_picked":["Fluid Movement","Quick Slash"],"picked":"ReplayTheSpireMod:Shiv Toss","floor":5},{"not_picked":["ReplayTheSpireMod:Speed Training","Flying Knee"],"picked":"Night Terror","floor":6},{"not_picked":["Cloak And Dagger","Bouncing Flask"],"picked":"PiercingWail","floor":7},{"not_picked":["Deadly Poison","Reflex","Prepared"],"picked":"SKIP","floor":8},{"not_picked":["Acrobatics","Deflect"],"picked":"Tools of the Trade","floor":12},{"not_picked":["Bane","Backflip"],"picked":"Footwork","floor":14},{"not_picked":["Grand Finale","Bullet Time"],"picked":"A Thousand Cuts","floor":16},{"not_picked":["Quick Slash","ReplayTheSpireMod:Shiv Toss"],"picked":"Blade Dance+1","floor":18},{"not_picked":["Poisoned Stab","Deadly Poison","Reflex"],"picked":"SKIP","floor":19},{"not_picked":["Underhanded Strike","Deflect"],"picked":"Accuracy","floor":22}],"player_experience":847771,"relics_obtained":[{"floor":6,"key":"Pantograph"},{"floor":9,"key":"Ornamental Fan"},{"floor":11,"key":"Ring of Hypnosis"},{"floor":11,"key":"Ring of Fury"},{"floor":12,"key":"Replay:Rubber Ducky"},{"floor":14,"key":"Replay:Arrowhead"}],"event_choices":[{"damage_healed":0,"gold_gain":0,"player_choice":"Ignored","damage_taken":0,"max_hp_gain":0,"max_hp_loss":0,"event_name":"Ghosts","floor":21,"gold_loss":0}],"is_beta":true,"boss_relics":[{"not_picked":["Replay:Drink Me","Ring of the Serpent"],"picked":"Replay:Bronze Core"}],"items_purged_floors":[],"is_endless":false,"potions_floor_spawned":[1,3,7,12,14,18,19,22],"killed_by":"Book of Stabbing","ascension_level":11}}