{"host":"h4lp0eeso8a0ssq0","time":1609738342,"event":{"mods":["2.2 Compatiblity","AchievementEnabler","BaseMod","CapriCore","Colored Map","Minty Spire (QoL Compilation)","StSLib","SuperFastMode"],"gold_per_floor":[115,129,146,160,177,208,208,208,208,243,301,301,311,326,326,424,424,440,355,134,162,181,181,211,211,211,211,231,131,131,151,151,253,253,270,116,134,180,198,420,420,452,452,452,462,477,491,509,509,509,509,509,46,77,77],"floor_reached":56,"playtime":2180,"items_purged":["Strike_G","Pain","Strike_G"],"score":1261,"play_id":"dd441990-0924-44fb-9708-c9dd77e68e8e","local_time":"20210104143222","is_ascension_mode":false,"campfire_choices":[{"data":"Footwork","floor":7.0,"key":"SMITH"},{"floor":12.0,"key":"REST"},{"data":"Sadistic Nature","floor":15.0,"key":"SMITH"},{"data":"Malaise","floor":23.0,"key":"SMITH"},{"data":"Neutralize","floor":25.0,"key":"SMITH"},{"data":"Caltrops","floor":30.0,"key":"SMITH"},{"data":"Noxious Fumes","floor":32.0,"key":"SMITH"},{"floor":41.0,"key":"REST"},{"floor":44.0,"key":"REST"},{"floor":49.0,"key":"RECALL"},{"data":"Night Terror","floor":52.0,"key":"SMITH"}],"circlet_count":0,"master_deck":["Strike_G","Defend_G","Defend_G","Defend_G","Defend_G","Defend_G","Survivor","Neutralize+1","Sadistic Nature+1","Dagger Spray","Noxious Fumes+1","Footwork+1","Backflip","Cloak And Dagger","Poisoned Stab","Malaise+1","Acrobatics","Caltrops+1","Outmaneuver","Corpse Explosion","PiercingWail","Backflip+1","Poisoned Stab","Catalyst+1","Night Terror+1","Leg Sweep","Caltrops"],"relics":["Ring of the Snake","Ice Cream","InkBottle","CaptainsWheel","Mercury Hourglass","Cursed Key","Pantograph","Regal Pillow","Red Mask","Happy Flower","Philosopher\u0027s Stone","Anchor","Thread and Needle","Art of War","Lee\u0027s Waffle","Akabeko"],"acts_visited":["Exordium","TheCity","TheBeyond","TheEnding"],"potions_floor_usage":[55,55,55,55,55,55],"damage_taken":[{"damage":1.0,"enemies":"Jaw Worm","floor":1.0,"turns":5.0},{"damage":0.0,"enemies":"Small Slimes","floor":2.0,"turns":3.0},{"damage":7.0,"enemies":"2 Louse","floor":3.0,"turns":3.0},{"damage":1.0,"enemies":"Exordium Wildlife","floor":4.0,"turns":3.0},{"damage":2.0,"enemies":"3 Louse","floor":5.0,"turns":4.0},{"damage":10.0,"enemies":"Lagavulin","floor":6.0,"turns":8.0},{"damage":2.0,"enemies":"Gremlin Nob","floor":10.0,"turns":3.0},{"damage":13.0,"enemies":"Gremlin Nob","floor":11.0,"turns":6.0},{"damage":1.0,"enemies":"Looter","floor":13.0,"turns":4.0},{"damage":3.0,"enemies":"Blue Slaver","floor":14.0,"turns":3.0},{"damage":13.0,"enemies":"Hexaghost","floor":16.0,"turns":8.0},{"damage":2.0,"enemies":"Shell Parasite","floor":18.0,"turns":6.0},{"damage":10.0,"enemies":"Masked Bandits","floor":21.0,"turns":3.0},{"damage":2.0,"enemies":"Spheric Guardian","floor":22.0,"turns":5.0},{"damage":0.0,"enemies":"Book of Stabbing","floor":24.0,"turns":5.0},{"damage":7.0,"enemies":"Centurion and Healer","floor":28.0,"turns":3.0},{"damage":0.0,"enemies":"Shelled Parasite and Fungi","floor":31.0,"turns":4.0},{"damage":7.0,"enemies":"Collector","floor":33.0,"turns":8.0},{"damage":0.0,"enemies":"3 Shapes","floor":35.0,"turns":2.0},{"damage":10.0,"enemies":"3 Darklings","floor":37.0,"turns":4.0},{"damage":6.0,"enemies":"2 Orb Walkers","floor":38.0,"turns":4.0},{"damage":0.0,"enemies":"4 Shapes","floor":39.0,"turns":3.0},{"damage":19.0,"enemies":"Reptomancer","floor":42.0,"turns":6.0},{"damage":0.0,"enemies":"Sphere and 2 Shapes","floor":45.0,"turns":3.0},{"damage":0.0,"enemies":"Writhing Mass","floor":46.0,"turns":5.0},{"damage":0.0,"enemies":"3 Darklings","floor":47.0,"turns":2.0},{"damage":0.0,"enemies":"Spire Growth","floor":48.0,"turns":6.0},{"damage":10.0,"enemies":"Time Eater","floor":50.0,"turns":13.0},{"damage":1.0,"enemies":"Shield and Spear","floor":54.0,"turns":5.0},{"damage":62,"enemies":"The Heart","floor":55,"turns":8}],"seed_played":"2566665419492569438","potions_obtained":[{"floor":1.0,"key":"ColorlessPotion"},{"floor":10.0,"key":"Swift Potion"},{"floor":11.0,"key":"BlessingOfTheForge"},{"floor":16.0,"key":"FearPotion"},{"floor":21.0,"key":"PowerPotion"},{"floor":24.0,"key":"AttackPotion"},{"floor":35.0,"key":"Poison Potion"},{"floor":39.0,"key":"Strength Potion"},{"floor":46.0,"key":"PowerPotion"}],"is_trial":false,"path_per_floor":["M","M","M","M","M","E","R","?","T","E","?","R","M","M","R","B",null,"M","?","$","?","M","R","E","R","T","?","M","$","R","M","R","B",null,"M","$","M","?","M","?","R","E","T","R","M","M","M","M","R","B",null,"R","$","E","B",null],"character_chosen":"THE_SILENT","items_purchased":["Regal Pillow","Anchor","Lee\u0027s Waffle","EntropicBrew","Caltrops"],"campfire_rested":3,"item_purchase_floors":[20,36,53,53,53],"current_hp_per_floor":[62,62,55,54,52,42,42,42,42,40,27,45,44,41,41,28,63,61,61,61,51,49,49,49,49,49,49,42,42,42,42,42,56,63,63,63,53,47,47,47,63,44,44,63,63,63,63,63,63,53,63,63,70,69,8],"gold":77,"neow_bonus":"RANDOM_COLORLESS_2","is_daily":false,"chose_seed":false,"campfire_upgraded":7,"win_rate":0.0,"timestamp":1609738342,"path_taken":["M","M","M","M","M","E","R","?","T","E","?","R","M","M","R","BOSS","M","?","$","?","M","R","E","R","T","?","M","$","R","M","R","BOSS","M","$","M","?","M","?","R","E","T","R","M","M","M","M","R","BOSS","R","$","E","BOSS"],"items_purchased_type":["Relic","Relic","Relic","Potion","Card"],"build_version":"2020-12-22","purchased_purges":3,"victory":true,"max_hp_per_floor":[63,63,63,63,63,63,63,63,63,63,63,63,63,63,63,63,63,63,63,63,63,63,63,63,63,63,63,63,63,63,63,63,63,63,63,63,63,63,63,63,63,63,63,63,63,63,63,63,63,63,63,63,70,70,70],"card_choices":[{"not_picked":["Secret Technique","Violence"],"picked":"Sadistic Nature","floor":0.0},{"not_picked":["Underhanded Strike","Outmaneuver"],"picked":"Dagger Spray","floor":1.0},{"not_picked":["Infinite Blades","Prepared"],"picked":"Noxious Fumes","floor":2.0},{"not_picked":["Underhanded Strike","Cloak And Dagger"],"picked":"Footwork","floor":3.0},{"not_picked":["Footwork","Outmaneuver"],"picked":"Backflip","floor":4.0},{"not_picked":["Quick Slash","Reflex"],"picked":"Cloak And Dagger","floor":5.0},{"not_picked":["Escape Plan","Bane"],"picked":"Poisoned Stab","floor":6.0},{"not_picked":["Dagger Spray","Dodge and Roll"],"picked":"Malaise","floor":10.0},{"not_picked":["Dagger Spray","Eviscerate"],"picked":"Acrobatics","floor":11.0},{"not_picked":["Sucker Punch","Outmaneuver"],"picked":"Caltrops","floor":13.0},{"not_picked":["Flying Knee","Dagger Spray"],"picked":"Outmaneuver","floor":14.0},{"not_picked":["Grand Finale","Glass Knife"],"picked":"Corpse Explosion","floor":16.0},{"not_picked":["Blade Dance","Accuracy"],"picked":"PiercingWail","floor":18.0},{"not_picked":["Underhanded Strike","Finisher","Outmaneuver+1"],"picked":"SKIP","floor":22.0},{"not_picked":["Choke","Accuracy+1"],"picked":"Backflip+1","floor":24.0},{"not_picked":["Deflect","Deadly Poison"],"picked":"Poisoned Stab","floor":28.0},{"not_picked":["Finisher","Cloak And Dagger"],"picked":"Catalyst+1","floor":31.0},{"not_picked":["Tools of the Trade","Corpse Explosion"],"picked":"Night Terror","floor":33.0},{"not_picked":["Cloak And Dagger+1","Concentrate"],"picked":"Leg Sweep","floor":35.0},{"not_picked":["Sucker Punch","Quick Slash+1","Backflip"],"picked":"SKIP","floor":37.0},{"not_picked":["Prepared","Quick Slash","Dash+1"],"picked":"SKIP","floor":39.0},{"not_picked":["Outmaneuver+1","Predator+1","PiercingWail"],"picked":"SKIP","floor":42.0},{"not_picked":["Masterful Stab+1","Envenom","Cloak And Dagger+1"],"picked":"SKIP","floor":45.0},{"not_picked":["Underhanded Strike","PiercingWail+1","Noxious Fumes+1"],"picked":"SKIP","floor":46.0},{"not_picked":["Quick Slash","Deadly Poison+1","Underhanded Strike"],"picked":"SKIP","floor":47.0},{"not_picked":["Backflip","Dodge and Roll+1","Skewer+1"],"picked":"SKIP","floor":48.0},{"not_picked":["Quick Slash","Bane+1","Heel Hook+1"],"picked":"SKIP","floor":54.0}],"player_experience":44688,"relics_obtained":[{"floor":6.0,"key":"Ice Cream"},{"floor":9.0,"key":"InkBottle"},{"floor":10.0,"key":"CaptainsWheel"},{"floor":11.0,"key":"Mercury Hourglass"},{"floor":21.0,"key":"Red Mask"},{"floor":24.0,"key":"Happy Flower"},{"floor":38.0,"key":"Thread and Needle"},{"floor":42.0,"key":"Art of War"},{"floor":54.0,"key":"Akabeko"}],"event_choices":[{"cards_removed":["Strike_G"],"damage_healed":0.0,"max_hp_gain":0.0,"max_hp_loss":0.0,"gold_gain":0.0,"event_name":"Living Wall","player_choice":"Forget","floor":8.0,"gold_loss":0.0,"damage_taken":0.0},{"damage_healed":0.0,"max_hp_gain":0.0,"max_hp_loss":0.0,"gold_gain":30.0,"event_name":"Dead Adventurer","player_choice":"Searched \u00272\u0027 times","floor":11.0,"gold_loss":0.0,"damage_taken":0.0},{"damage_healed":0.0,"max_hp_gain":0.0,"max_hp_loss":0.0,"gold_gain":0.0,"event_name":"Addict","player_choice":"Obtained Relic","floor":19.0,"gold_loss":85.0,"damage_taken":0.0,"relics_obtained":["Pantograph"]},{"damage_healed":0.0,"max_hp_gain":0.0,"max_hp_loss":0.0,"gold_gain":0.0,"event_name":"Masked Bandits","player_choice":"Fought Bandits","floor":21.0,"gold_loss":0.0,"damage_taken":0.0},{"cards_removed":["Strike_G"],"damage_healed":0.0,"max_hp_gain":0.0,"max_hp_loss":0.0,"gold_gain":0.0,"event_name":"Back to Basics","player_choice":"Elegance","floor":27.0,"gold_loss":0.0,"damage_taken":0.0},{"damage_healed":0.0,"max_hp_gain":0.0,"max_hp_loss":0.0,"gold_gain":0.0,"event_name":"Mysterious Sphere","player_choice":"Fight","floor":38.0,"gold_loss":0.0,"damage_taken":0.0},{"damage_healed":0.0,"max_hp_gain":0.0,"max_hp_loss":0.0,"gold_gain":222.0,"event_name":"Tomb of Lord Red Mask","player_choice":"Wore Mask","floor":40.0,"gold_loss":0.0,"damage_taken":0.0}],"is_beta":false,"boss_relics":[{"not_picked":["Runic Pyramid","Snecko Eye"],"picked":"Cursed Key"},{"not_picked":["Tiny House","Coffee Dripper"],"picked":"Philosopher\u0027s Stone"}],"items_purged_floors":[20,29,53],"is_endless":false,"potions_floor_spawned":[1,10,11,16,21,24,35,39,46,47,54],"ascension_level":0}}