{"host":"ga4s3hj9m6nkn6gp","time":1609782988,"event":{"mods":["AchievementEnabler","BaseMod","Colored Powertips","Highlight Path","Minty Spire (QoL Compilation)","Relic Stats","everything is the same but u backflip on backflip"],"gold_per_floor":[111,129,204,204,67,67,100,118,118,118,152,169,169,183,183,256,256,274,199,199,199,212,212,242,261,287,17,17,17,32,43,43,43,43],"floor_reached":33,"playtime":2449,"items_purged":[],"score":600,"play_id":"65a747f5-621d-43af-8c2f-54d6884433ce","local_time":"20210104185628","is_ascension_mode":true,"campfire_choices":[{"data":"Glass Knife","floor":6.0,"key":"SMITH"},{"data":"Bouncing Flask","floor":10.0,"key":"SMITH"},{"data":"Terror","floor":13,"key":"SMITH"},{"data":"Blade Dance","floor":15,"key":"SMITH"},{"data":"Cloak And Dagger","floor":23,"key":"SMITH"},{"floor":29,"key":"REST"},{"floor":32,"key":"REST"}],"circlet_count":0,"master_deck":["AscendersBane","Strike_G","Strike_G","Strike_G","Defend_G","Defend_G","Defend_G","Defend_G","Defend_G","Survivor","Neutralize","Glass Knife+1","Flying Knee","Endless Agony","Terror+1","Blade Dance+1","After Image","Bouncing Flask+1","Dodge and Roll","Backflip","After Image","CurseOfTheBell","Cloak And Dagger+1","Underhanded Strike","Acrobatics","Phantasmal Killer","Acrobatics","Wraith Form v2","Leg Sweep","Prepared+1","Bullet Time","Calculated Gamble+1"],"relics":["Ring of the Snake","Gremlin Horn","Sundial","Question Card","CaptainsWheel","Calling Bell","Bronze Scales","InkBottle","Thread and Needle","Dream Catcher","Strawberry","Kunai"],"acts_visited":["Exordium","TheCity"],"potions_floor_usage":[11,24,30,30],"damage_taken":[{"damage":0.0,"enemies":"2 Louse","floor":1.0,"turns":2.0},{"damage":0.0,"enemies":"Jaw Worm","floor":2.0,"turns":3.0},{"damage":0.0,"enemies":"Gremlin Nob","floor":7.0,"turns":2.0},{"damage":0.0,"enemies":"Cultist","floor":8.0,"turns":2.0},{"damage":3,"enemies":"Lagavulin","floor":11,"turns":5},{"damage":5,"enemies":"Red Slaver","floor":12,"turns":3},{"damage":3,"enemies":"Blue Slaver","floor":14,"turns":2},{"damage":3,"enemies":"The Guardian","floor":16,"turns":8},{"damage":3,"enemies":"Chosen","floor":18,"turns":5},{"damage":4,"enemies":"Shell Parasite","floor":22,"turns":4},{"damage":11,"enemies":"Gremlin Leader","floor":24,"turns":6},{"damage":13,"enemies":"Snake Plant","floor":25,"turns":4},{"damage":12,"enemies":"Shelled Parasite and Fungi","floor":30,"turns":4},{"damage":21,"enemies":"Cultist and Chosen","floor":31,"turns":8},{"damage":40,"enemies":"Champ","floor":33,"turns":13}],"seed_played":"3746764944316140348","potions_obtained":[{"floor":7.0,"key":"SkillPotion"},{"floor":11,"key":"SteroidPotion"},{"floor":14,"key":"CultistPotion"},{"floor":24,"key":"Explosive Potion"}],"is_trial":false,"path_per_floor":["M","M","?","?","$","R","E","M","T","R","E","M","R","M","R","B",null,"M","?","?","?","M","R","E","M","T","$","?","R","M","M","R","B"],"character_chosen":"THE_SILENT","items_purchased":["Terror","Blade Dance","Kunai"],"campfire_rested":2,"item_purchase_floors":[5,5,27],"current_hp_per_floor":[59,59,48,43,43,43,43,43,43,43,40,35,35,32,32,29,57,54,54,36,36,32,32,21,8,15,15,15,38,26,5,28,0,0],"gold":43,"neow_bonus":"ONE_RANDOM_RARE_CARD","is_daily":false,"chose_seed":false,"campfire_upgraded":5,"win_rate":0.0,"timestamp":1609782988,"path_taken":["M","M","?","?","$","R","E","M","T","R","E","M","R","M","R","BOSS","M","?","?","?","?","R","E","M","T","?","?","R","M","M","R","BOSS"],"items_purchased_type":["Card","Card","Relic"],"build_version":"2020-12-22","purchased_purges":0,"victory":false,"max_hp_per_floor":[66,66,66,66,66,66,66,66,66,66,66,66,66,66,66,66,66,66,66,71,71,71,71,71,71,78,78,78,78,78,78,78,78,78],"relic_stats":{"Dream Catcher":2,"Gremlin Horn":[7,7],"counters":[15,71],"Sundial":[6],"Bronze Scales":[117],"Kunai":[14],"Question Card":13,"obtain_stats":[{"Calling Bell":17,"CaptainsWheel":11,"Dream Catcher":24,"Gremlin Horn":4,"Sundial":7,"Bronze Scales":17,"Strawberry":26,"Thread and Needle":17,"Kunai":27,"Question Card":9,"InkBottle":17,"Ring of the Snake":0},{"Calling Bell":8,"CaptainsWheel":5,"Dream Catcher":11,"Gremlin Horn":2,"Sundial":3,"Bronze Scales":8,"Strawberry":12,"Thread and Needle":8,"Kunai":12,"Question Card":4,"InkBottle":8,"Ring of the Snake":0},{"Calling Bell":27,"CaptainsWheel":14,"Dream Catcher":42,"Gremlin Horn":5,"Sundial":7,"Bronze Scales":27,"Strawberry":46,"Thread and Needle":27,"Kunai":46,"Question Card":9,"InkBottle":27,"Ring of the Snake":0}],"InkBottle":[16],"Ring of the Snake":[30]},"card_choices":[{"not_picked":["Outmaneuver","Deadly Poison"],"picked":"Flying Knee","floor":1.0},{"not_picked":["Concentrate","Tactician"],"picked":"Endless Agony","floor":2.0},{"not_picked":["Bane","Crippling Poison"],"picked":"After Image","floor":7.0},{"not_picked":["All Out Attack","Flying Knee"],"picked":"Bouncing Flask","floor":8.0},{"not_picked":["Concentrate","Predator","Eviscerate"],"picked":"Dodge and Roll","floor":11},{"not_picked":["Sucker Punch","Deflect","Flying Knee"],"picked":"Backflip","floor":12},{"not_picked":["Bane","Concentrate","Dodge and Roll","Setup"],"picked":"SKIP","floor":14},{"not_picked":["Bullet Time","Adrenaline","Envenom"],"picked":"After Image","floor":16},{"not_picked":["Underhanded Strike","Sucker Punch","Well Laid Plans"],"picked":"Cloak And Dagger","floor":18},{"not_picked":["Backstab","Flechettes","Dodge and Roll"],"picked":"Acrobatics","floor":22},{"not_picked":["Outmaneuver","Quick Slash","Flechettes"],"picked":"Phantasmal Killer","floor":24},{"not_picked":["Heel Hook","Flying Knee","Eviscerate+1"],"picked":"Acrobatics","floor":25},{"not_picked":["Acrobatics","Dagger Spray+1","Skewer"],"picked":"Leg Sweep","floor":29},{"not_picked":["All Out Attack","Sucker Punch","Dagger Spray"],"picked":"Prepared+1","floor":30},{"not_picked":["Acrobatics+1","Quick Slash","Dagger Throw"],"picked":"Bullet Time","floor":31},{"not_picked":["Dagger Spray","Prepared","Reflex"],"picked":"Calculated Gamble+1","floor":32}],"player_experience":573926,"relics_obtained":[{"floor":7.0,"key":"Sundial"},{"floor":9.0,"key":"Question Card"},{"floor":11,"key":"CaptainsWheel"},{"floor":17,"key":"Bronze Scales"},{"floor":17,"key":"InkBottle"},{"floor":17,"key":"Thread and Needle"},{"floor":24,"key":"Dream Catcher"},{"floor":26,"key":"Strawberry"}],"event_choices":[{"damage_healed":0.0,"max_hp_gain":0.0,"max_hp_loss":0.0,"gold_gain":75.0,"event_name":"World of Goop","player_choice":"Gather Gold","floor":3.0,"gold_loss":0.0,"damage_taken":11.0},{"damage_healed":0.0,"max_hp_gain":0.0,"max_hp_loss":0.0,"gold_gain":0.0,"event_name":"Scrap Ooze","player_choice":"Success","floor":4.0,"gold_loss":0.0,"damage_taken":5.0,"relics_obtained":["Gremlin Horn"]},{"cards_removed":["Strike_G"],"damage_healed":0,"gold_gain":0,"player_choice":"Gave Gold","damage_taken":0,"max_hp_gain":0,"max_hp_loss":0,"event_name":"Beggar","floor":19,"gold_loss":75},{"damage_healed":0,"gold_gain":0,"player_choice":"Shed Blood","damage_taken":23,"max_hp_gain":5,"max_hp_loss":0,"event_name":"Forgotten Altar","floor":20,"gold_loss":0},{"damage_healed":0,"gold_gain":0,"cards_transformed":["Strike_G"],"player_choice":"Transformed","damage_taken":0,"max_hp_gain":0,"max_hp_loss":0,"event_name":"Transmorgrifier","floor":21,"gold_loss":0,"cards_obtained":["Underhanded Strike"]},{"damage_healed":0,"gold_gain":0,"player_choice":"Read","damage_taken":0,"max_hp_gain":0,"max_hp_loss":0,"event_name":"The Library","floor":28,"gold_loss":0,"cards_obtained":["Wraith Form v2"]}],"is_beta":false,"boss_relics":[{"not_picked":["Coffee Dripper","Black Star"],"picked":"Calling Bell"}],"items_purged_floors":[],"is_endless":false,"potions_floor_spawned":[7,11,14,16,18,22,24],"killed_by":"Champ","ascension_level":20}}