{"host":"e8rlfedn69rz2s07","time":1609798848,"event":{"mods":["AchievementEnabler","BaseMod","Minty Spire (QoL Compilation)","Permanent Neow","Relic Stats"],"gold_per_floor":[11,11,25,25,41,41,51,51,51,62,87,12,23,39,39,116,116,134,148,148,73,87,114,114,147,147,147,147,147],"floor_reached":28,"playtime":1001,"items_purged":["Strike_G"],"score":520,"play_id":"91941313-3d76-4748-8253-37f43b452d3d","local_time":"20210105002048","is_ascension_mode":true,"campfire_choices":[{"data":"Crippling Poison","floor":6.0,"key":"SMITH"},{"floor":15.0,"key":"REST"},{"floor":24,"key":"REST"},{"floor":27,"key":"REST"}],"circlet_count":0,"master_deck":["AscendersBane","Strike_G","Strike_G","Strike_G","Strike_G","Defend_G","Defend_G","Defend_G","Defend_G","Defend_G","Survivor","Neutralize","Malaise","Crippling Poison+1","Prepared","Poisoned Stab","Skewer","Catalyst+1","Bouncing Flask","Deadly Poison","Die Die Die","Adrenaline","Crippling Poison","Malaise"],"relics":["Ring of the Snake","WarpedTongs","White Beast Statue","Bottled Lightning","HoveringKite","Letter Opener","Potion Belt","InkBottle"],"acts_visited":["Exordium","TheCity"],"potions_floor_usage":[16,16,22,25],"damage_taken":[{"damage":21.0,"enemies":"Jaw Worm","floor":1.0,"turns":9.0},{"damage":2.0,"enemies":"Cultist","floor":3.0,"turns":4.0},{"damage":2.0,"enemies":"2 Louse","floor":5.0,"turns":4.0},{"damage":6.0,"enemies":"Blue Slaver","floor":7.0,"turns":7.0},{"damage":0.0,"enemies":"Exordium Wildlife","floor":10.0,"turns":4.0},{"damage":24.0,"enemies":"Gremlin Nob","floor":11.0,"turns":6.0},{"damage":0.0,"enemies":"3 Louse","floor":13.0,"turns":2.0},{"damage":3.0,"enemies":"Gremlin Gang","floor":14.0,"turns":3.0},{"damage":18,"enemies":"Slime Boss","floor":16,"turns":4},{"damage":0,"enemies":"Spheric Guardian","floor":18,"turns":3},{"damage":27,"enemies":"2 Thieves","floor":19,"turns":4},{"damage":0,"enemies":"3 Cultists","floor":22,"turns":3},{"damage":12,"enemies":"Gremlin Leader","floor":23,"turns":4},{"damage":16,"enemies":"Slavers","floor":25,"turns":3},{"damage":38,"enemies":"Cultist and Chosen","floor":28,"turns":3}],"seed_played":"5050181538852354330","potions_obtained":[{"floor":5.0,"key":"Regen Potion"},{"floor":10.0,"key":"EntropicBrew"},{"floor":11.0,"key":"Energy Potion"},{"floor":13.0,"key":"Strength Potion"},{"floor":14.0,"key":"FearPotion"},{"floor":16,"key":"FearPotion"},{"floor":18,"key":"SpeedPotion"},{"floor":19,"key":"Block Potion"},{"floor":22,"key":"DuplicationPotion"},{"floor":25,"key":"Dexterity Potion"}],"is_trial":false,"path_per_floor":["M","?","M","$","M","R","M","?","T","M","E","$","M","M","R","B",null,"M","M","?","$","M","E","R","E","T","R","M"],"character_chosen":"THE_SILENT","items_purchased":["Bouncing Flask"],"campfire_rested":3,"item_purchase_floors":[12],"current_hp_per_floor":[38,38,36,36,34,34,43,36,36,36,12,12,12,9,28,10,52,52,25,25,25,25,13,32,16,16,35,0,0],"gold":147,"neow_bonus":"THREE_RARE_CARDS","is_daily":false,"chose_seed":false,"campfire_upgraded":1,"win_rate":0.0,"timestamp":1609798848,"path_taken":["M","?","M","?","M","R","M","?","T","M","E","?","?","M","R","BOSS","M","M","?","$","?","E","R","E","T","R","M"],"items_purchased_type":["Card"],"build_version":"2020-12-22","purchased_purges":1,"victory":false,"max_hp_per_floor":[66,66,66,66,66,66,66,66,66,66,66,66,66,66,66,66,66,66,66,66,66,66,66,66,66,66,66,66,66],"relic_stats":{"counters":[15,63],"HoveringKite":[6],"Letter Opener":[30],"obtain_stats":[{"Potion Belt":25,"HoveringKite":17,"Bottled Lightning":11,"Letter Opener":23,"White Beast Statue":9,"InkBottle":26,"Ring of the Snake":0,"WarpedTongs":2},{"Potion Belt":14,"HoveringKite":9,"Bottled Lightning":6,"Letter Opener":13,"White Beast Statue":4,"InkBottle":14,"Ring of the Snake":0,"WarpedTongs":1},{"Potion Belt":60,"HoveringKite":43,"Bottled Lightning":34,"Letter Opener":57,"White Beast Statue":24,"InkBottle":60,"Ring of the Snake":0,"WarpedTongs":9}],"InkBottle":[0],"Ring of the Snake":[30],"WarpedTongs":[54]},"card_choices":[{"not_picked":["Grand Finale","Night Terror"],"picked":"Malaise","floor":0.0},{"not_picked":["Quick Slash","Cloak And Dagger"],"picked":"Crippling Poison","floor":1.0},{"not_picked":["Setup","Acrobatics"],"picked":"Prepared","floor":3.0},{"not_picked":["Prepared","Deflect"],"picked":"Poisoned Stab","floor":5.0},{"not_picked":["Sucker Punch","Acrobatics","Escape Plan"],"picked":"SKIP","floor":7.0},{"not_picked":["Outmaneuver","Dagger Throw"],"picked":"Skewer","floor":10.0},{"not_picked":["Adrenaline","Prepared"],"picked":"Catalyst","floor":11.0},{"not_picked":["Poisoned Stab","Dagger Spray"],"picked":"Deadly Poison","floor":13.0},{"not_picked":["Flechettes","PiercingWail"],"picked":"Die Die Die","floor":14.0},{"not_picked":["Venomology","Glass Knife"],"picked":"Adrenaline","floor":16},{"not_picked":["Reflex+1","Flying Knee"],"picked":"Crippling Poison","floor":18},{"not_picked":["Deadly Poison","Blade Dance","Cloak And Dagger"],"picked":"SKIP","floor":19},{"not_picked":["Heel Hook","Eviscerate","Dodge and Roll"],"picked":"SKIP","floor":22},{"not_picked":["Storm of Steel","Deflect","Slice+1"],"picked":"SKIP","floor":23},{"not_picked":["Underhanded Strike","PiercingWail"],"picked":"Malaise","floor":25}],"player_experience":948183,"relics_obtained":[{"floor":9.0,"key":"White Beast Statue"},{"floor":11.0,"key":"Bottled Lightning"},{"floor":23,"key":"Letter Opener"},{"floor":25,"key":"Potion Belt"},{"floor":26,"key":"InkBottle"}],"event_choices":[{"damage_healed":0.0,"max_hp_gain":0.0,"max_hp_loss":0.0,"gold_gain":0.0,"event_name":"Accursed Blacksmith","player_choice":"Rummage","floor":2.0,"gold_loss":0.0,"damage_taken":0.0,"relics_obtained":["WarpedTongs"],"cards_obtained":["Pain"]},{"cards_removed":["Pain"],"damage_healed":0.0,"max_hp_gain":0.0,"max_hp_loss":0.0,"gold_gain":0.0,"event_name":"Golden Wing","player_choice":"Card Removal","floor":8.0,"gold_loss":0.0,"damage_taken":7.0},{"damage_healed":0,"gold_gain":0,"player_choice":"Upgraded","damage_taken":0,"max_hp_gain":0,"max_hp_loss":0,"event_name":"Upgrade Shrine","floor":20,"gold_loss":0,"cards_upgraded":["Catalyst"]}],"is_beta":false,"boss_relics":[{"not_picked":["Black Star","Astrolabe"],"picked":"HoveringKite"}],"items_purged_floors":[21],"is_endless":false,"potions_floor_spawned":[5,10,11,13,14,16,18,19,22,23,25],"killed_by":"Cultist and Chosen","ascension_level":20}}