{"host":"vmugobr08l5sawtn","time":1609793249,"event":{"mods":["BaseMod","Colored Map","Colored Powertips","Minty Spire (QoL Compilation)"],"gold_per_floor":[113,288,306,317,242,242,262,42,42,56,86,86,113,128,128,233,233,249,249,264,282,299,328,341,370,396,431,431,448,448,448,448,546,546,563,563,563,582,582,582,286,304,304,304,304],"floor_reached":44,"playtime":2557,"items_purged":["Doubt","Shame"],"score":995,"play_id":"2e27ef4d-82e9-4d47-bfbf-9a928d342b75","local_time":"20210104214728","is_ascension_mode":true,"campfire_choices":[{"data":"Eruption","floor":6,"key":"SMITH"},{"data":"CrushJoints","floor":12,"key":"SMITH"},{"data":"Adaptation","floor":15,"key":"SMITH"},{"data":"SashWhip","floor":30,"key":"SMITH"},{"data":"Vigilance","floor":32,"key":"SMITH"},{"floor":40,"key":"REST"}],"circlet_count":0,"master_deck":["AscendersBane","Strike_P+1","Strike_P+1","Strike_P","Strike_P+1","Defend_P+1","Defend_P","Defend_P","Eruption+1","Vigilance+1","FlurryOfBlows","SashWhip+1","FlurryOfBlows+1","CrushJoints+1","Shame","Tantrum+1","EmptyBody+1","Adaptation+1","LessonLearned+1","TalkToTheHand+1","Protect","EmptyFist+1","Decay","FlurryOfBlows+1","Doubt","FlurryOfBlows+1","Ragnarok+1","Parasite","CutThroughFate+1","Pain"],"relics":["Cursed Key","PreservedInsect","White Beast Statue","Molten Egg 2","Whetstone","Black Star","Pear","Eternal Feather","InkBottle","Unceasing Top","Smiling Mask","Yang","Singing Bowl","Snecko Eye","Orichalcum","Oddly Smooth Stone","Sundial"],"acts_visited":["Exordium","TheCity","TheBeyond"],"potions_floor_usage":[11,16,23,23,23,24,25,27,29,33,35,38,42,44],"damage_taken":[{"damage":0,"enemies":"Cultist","floor":1,"turns":4},{"damage":0,"enemies":"2 Louse","floor":3,"turns":1},{"damage":0,"enemies":"Small Slimes","floor":4,"turns":2},{"damage":12,"enemies":"Exordium Wildlife","floor":7,"turns":3},{"damage":1,"enemies":"2 Fungi Beasts","floor":10,"turns":3},{"damage":0,"enemies":"Gremlin Nob","floor":11,"turns":2},{"damage":0,"enemies":"Lagavulin","floor":13,"turns":4},{"damage":0,"enemies":"Looter","floor":14,"turns":1},{"damage":0,"enemies":"Slime Boss","floor":16,"turns":3},{"damage":0,"enemies":"Spheric Guardian","floor":18,"turns":2},{"damage":0,"enemies":"Shell Parasite","floor":20,"turns":3},{"damage":2,"enemies":"Snecko","floor":21,"turns":3},{"damage":9,"enemies":"3 Cultists","floor":22,"turns":4},{"damage":41,"enemies":"Book of Stabbing","floor":23,"turns":6},{"damage":3,"enemies":"Cultist and Chosen","floor":24,"turns":5},{"damage":26,"enemies":"Slavers","floor":25,"turns":6},{"damage":2,"enemies":"Gremlin Leader","floor":27,"turns":3},{"damage":10,"enemies":"Centurion and Healer","floor":29,"turns":4},{"damage":69,"enemies":"Champ","floor":33,"turns":10},{"damage":21,"enemies":"Orb Walker","floor":35,"turns":6},{"damage":69,"enemies":"3 Darklings","floor":38,"turns":6},{"damage":4,"enemies":"Writhing Mass","floor":42,"turns":8},{"damage":70,"enemies":"Reptomancer","floor":44,"turns":2}],"seed_played":"-4519128809323502094","potions_obtained":[{"floor":10,"key":"Strength Potion"},{"floor":11,"key":"GamblersBrew"},{"floor":13,"key":"Block Potion"},{"floor":14,"key":"SpeedPotion"},{"floor":16,"key":"LiquidBronze"},{"floor":18,"key":"LiquidMemories"},{"floor":19,"key":"FairyPotion"},{"floor":19,"key":"EntropicBrew"},{"floor":23,"key":"Swift Potion"},{"floor":24,"key":"DistilledChaos"},{"floor":25,"key":"AttackPotion"},{"floor":27,"key":"Explosive Potion"},{"floor":29,"key":"BottledMiracle"},{"floor":33,"key":"DistilledChaos"},{"floor":35,"key":"PowerPotion"},{"floor":38,"key":"Strength Potion"},{"floor":42,"key":"SteroidPotion"}],"is_trial":false,"path_per_floor":["M","?","M","M","$","R","M","$","T","M","E","R","E","M","R","B",null,"M","?","M","M","M","E","M","E","T","E","?","M","R","T","R","B",null,"M","?","?","M","T","R","$","M","T","E"],"character_chosen":"WATCHER","items_purchased":["FlurryOfBlows","CrushJoints","PreservedInsect","Oddly Smooth Stone","Block Potion","Block Potion"],"campfire_rested":1,"item_purchase_floors":[8,8,8,41,41,41],"current_hp_per_floor":[65,65,65,65,65,65,53,53,53,52,52,52,52,52,52,52,67,67,67,67,65,56,25,22,24,24,24,52,42,57,57,72,5,66,45,45,45,5,5,45,45,41,41,0,0],"gold":304,"neow_bonus":"BOSS_RELIC","is_daily":false,"chose_seed":false,"campfire_upgraded":5,"win_rate":0.0,"timestamp":1609793248,"path_taken":["M","?","M","M","$","R","M","$","T","M","E","R","E","M","R","BOSS","M","?","M","?","M","E","M","E","T","E","?","M","R","?","R","BOSS","M","?","?","M","?","R","$","M","T","E"],"items_purchased_type":["Card","Card","Relic","Relic","Potion","Potion"],"build_version":"2020-12-22","purchased_purges":2,"victory":false,"max_hp_per_floor":[72,72,72,72,72,72,72,72,72,72,72,72,72,72,72,72,72,72,72,72,72,72,82,82,82,82,84,84,84,84,84,84,86,86,86,86,86,86,86,86,86,86,86,86,86],"card_choices":[{"not_picked":["ThirdEye","Swivel"],"picked":"FlurryOfBlows","floor":1},{"not_picked":["Prostrate","FlyingSleeves","JustLucky"],"picked":"SKIP","floor":3},{"not_picked":["Halt","JustLucky"],"picked":"SashWhip","floor":4},{"not_picked":["FollowUp","Halt","Crescendo"],"picked":"SKIP","floor":7},{"not_picked":["ThirdEye","Omniscience","FlyingSleeves"],"picked":"SKIP","floor":10},{"not_picked":["DevaForm","EmptyBody"],"picked":"Tantrum+1","floor":11},{"not_picked":["Weave+1","PathToVictory"],"picked":"EmptyBody","floor":13},{"not_picked":["Protect","ThirdEye"],"picked":"Adaptation","floor":14},{"not_picked":["Ragnarok+1","Alpha"],"picked":"LessonLearned+1","floor":16},{"not_picked":["Evaluate","PathToVictory","WreathOfFlame+1"],"picked":"SKIP","floor":18},{"not_picked":["CarveReality+1","Pray"],"picked":"TalkToTheHand+1","floor":20},{"not_picked":["EmptyBody","Halt+1","FlyingSleeves+1"],"picked":"SKIP","floor":21},{"not_picked":["Crescendo+1","Evaluate","Conclude+1"],"picked":"SKIP","floor":22},{"not_picked":["Crescendo+1","Evaluate","Conclude+1"],"picked":"SKIP","floor":22},{"not_picked":["Crescendo+1","Evaluate","Conclude+1"],"picked":"SKIP","floor":22},{"not_picked":["Crescendo+1","Evaluate","Conclude+1"],"picked":"SKIP","floor":22},{"not_picked":["Conclude+1","SignatureMove+1"],"picked":"Protect","floor":23},{"not_picked":["FollowUp+1","PathToVictory","Crescendo"],"picked":"SKIP","floor":24},{"not_picked":["BattleHymn+1","Protect"],"picked":"EmptyFist+1","floor":25},{"not_picked":["FollowUp+1","Study","CarveReality+1"],"picked":"Singing Bowl","floor":27},{"not_picked":["Halt","Study"],"picked":"FlurryOfBlows+1","floor":29},{"not_picked":["Devotion","Wish","Alpha"],"picked":"Singing Bowl","floor":33},{"not_picked":["Crescendo+1","FollowUp+1"],"picked":"FlurryOfBlows+1","floor":35},{"not_picked":["Worship","Protect+1"],"picked":"Ragnarok+1","floor":38},{"not_picked":["ForeignInfluence","JustLucky+1"],"picked":"CutThroughFate+1","floor":42}],"player_experience":364086,"relics_obtained":[{"floor":9,"key":"White Beast Statue"},{"floor":11,"key":"Molten Egg 2"},{"floor":13,"key":"Whetstone"},{"floor":23,"key":"Pear"},{"floor":23,"key":"Eternal Feather"},{"floor":25,"key":"InkBottle"},{"floor":25,"key":"Unceasing Top"},{"floor":26,"key":"Smiling Mask"},{"floor":27,"key":"Yang"},{"floor":27,"key":"Singing Bowl"},{"floor":39,"key":"Orichalcum"},{"floor":43,"key":"Sundial"}],"event_choices":[{"damage_healed":0,"gold_gain":175,"player_choice":"AGREE","damage_taken":0,"max_hp_gain":0,"max_hp_loss":0,"event_name":"Liars Game","floor":2,"gold_loss":0,"cards_obtained":["Doubt"]},{"damage_healed":0,"gold_gain":0,"player_choice":"Got Potions","damage_taken":0,"max_hp_gain":0,"max_hp_loss":0,"event_name":"Lab","floor":19,"gold_loss":0},{"damage_healed":28,"gold_gain":0,"player_choice":"Heal","damage_taken":0,"max_hp_gain":0,"max_hp_loss":0,"event_name":"The Library","floor":28,"gold_loss":0},{"damage_healed":0,"gold_gain":0,"player_choice":"Ignored","damage_taken":0,"max_hp_gain":0,"max_hp_loss":0,"event_name":"Tomb of Lord Red Mask","floor":36,"gold_loss":0},{"cards_removed":["Defend_P"],"damage_healed":0,"gold_gain":0,"player_choice":"Removed Skill","damage_taken":0,"max_hp_gain":0,"max_hp_loss":0,"event_name":"Falling","floor":37,"gold_loss":0}],"is_beta":false,"boss_relics":[{"not_picked":["Pandora\u0027s Box","Fusion Hammer"],"picked":"Black Star"},{"not_picked":["Philosopher\u0027s Stone","Coffee Dripper"],"picked":"Snecko Eye"}],"items_purged_floors":[5,41],"is_endless":false,"potions_floor_spawned":[10,11,13,14,16,18,20,21,22,23,24,25,27,29,33,35,38,42],"killed_by":"Reptomancer","ascension_level":10}}