{"host":"xz7n3qy1zq36rzpg","time":1609747994,"event":{"mods":["BaseMod","Colored Map","Colored Powertips","Highlight Path","Minty Spire (QoL Compilation)","Quick Restart","Shop Mod"],"gold_per_floor":[116,66,84,84,9,49,65,88,133,152,175,195,195,238,238,238,238],"floor_reached":16,"playtime":592,"items_purged":["Injury"],"score":123,"play_id":"10c6b126-6662-4648-b64e-fe56dd80c526","local_time":"20210104091314","is_ascension_mode":true,"campfire_choices":[{"floor":13,"key":"REST"},{"floor":15,"key":"REST"}],"circlet_count":0,"master_deck":["Strike_B","Strike_B","Strike_B","Strike_B","Defend_B","Defend_B","Defend_B","Zap","Dualcast","Gash","Sweeping Beam","Redo","Redo","Ball Lightning","Darkness","Capacitor","Gash"],"relics":["Cracked Core","Golden Idol","Strawberry","Smiling Mask","Lantern","Akabeko"],"acts_visited":["Exordium"],"potions_floor_usage":[3,14,16,16],"damage_taken":[{"damage":7,"enemies":"Small Slimes","floor":1,"turns":3},{"damage":2,"enemies":"Jaw Worm","floor":3,"turns":2},{"damage":34,"enemies":"Gremlin Nob","floor":6,"turns":5},{"damage":16,"enemies":"2 Louse","floor":7,"turns":3},{"damage":12,"enemies":"2 Fungi Beasts","floor":10,"turns":3},{"damage":6,"enemies":"Looter","floor":11,"turns":2},{"damage":1,"enemies":"Lots of Slimes","floor":12,"turns":3},{"damage":26,"enemies":"Lagavulin","floor":14,"turns":5},{"damage":26,"enemies":"Slime Boss","floor":16,"turns":6}],"seed_played":"-6636850808352279038","potions_obtained":[{"floor":0,"key":"BlessingOfTheForge"},{"floor":0,"key":"Strength Potion"},{"floor":0,"key":"Fire Potion"},{"floor":3,"key":"LiquidBronze"},{"floor":14,"key":"Explosive Potion"}],"is_trial":false,"path_per_floor":["M","?","M","?","$","E","M","T","T","M","M","M","R","E","R","B"],"character_chosen":"DEFECT","items_purchased":[],"campfire_rested":2,"item_purchase_floors":[],"current_hp_per_floor":[68,68,66,66,66,39,23,23,23,11,5,4,28,2,26,0,0],"gold":238,"neow_bonus":"THREE_SMALL_POTIONS","is_daily":false,"chose_seed":false,"campfire_upgraded":0,"win_rate":0.0,"timestamp":1609747994,"path_taken":["M","?","M","?","?","E","M","?","T","M","M","M","R","E","R","BOSS"],"items_purchased_type":[],"build_version":"2020-12-22","purchased_purges":1,"victory":false,"max_hp_per_floor":[75,75,75,75,75,82,82,82,82,82,82,82,82,82,82,82,82],"card_choices":[{"not_picked":["Fusion","Storm"],"picked":"Gash","floor":1},{"not_picked":["Leap","Redo"],"picked":"Sweeping Beam","floor":3},{"not_picked":["Aggregate","Stack"],"picked":"Redo","floor":6},{"not_picked":["Thunder Strike","Streamline"],"picked":"Redo","floor":7},{"not_picked":["Consume","Cold Snap"],"picked":"Ball Lightning","floor":10},{"not_picked":["Loop","Heatsinks"],"picked":"Darkness","floor":11},{"not_picked":["Steam Power","Tempest"],"picked":"Capacitor","floor":12},{"not_picked":["Darkness","Thunder Strike"],"picked":"Gash","floor":14}],"player_experience":301560,"relics_obtained":[{"floor":6,"key":"Strawberry"},{"floor":8,"key":"Smiling Mask"},{"floor":9,"key":"Lantern"},{"floor":14,"key":"Akabeko"}],"event_choices":[{"cards_removed":["Defend_B"],"damage_healed":0,"gold_gain":0,"player_choice":"Card Removal","damage_taken":0,"max_hp_gain":0,"max_hp_loss":0,"event_name":"The Cleric","floor":2,"gold_loss":50},{"damage_healed":0,"gold_gain":0,"player_choice":"Take Wound","damage_taken":0,"relics_obtained":["Golden Idol"],"max_hp_gain":0,"max_hp_loss":0,"event_name":"Golden Idol","floor":4,"gold_loss":0,"cards_obtained":["Injury"]}],"is_beta":false,"boss_relics":[],"items_purged_floors":[5],"is_endless":false,"potions_floor_spawned":[1,3,7,12,14],"killed_by":"Slime Boss","ascension_level":2}}