{"host":"11728qvdvolffudn","time":1609759781,"event":{"mods":["BaseMod","Block Reminder","Colored Powertips","Custom Start","Displayed Cursed Tome","Highlight Path","Minty Spire (QoL Compilation)","Permanent Neow","Quick Restart","Rare Cards Sparkle","Relic Stats"],"gold_per_floor":[114,114,39,49,49,49,49,49,49,49,59,87,87,105,105,209,209,227,213,213,213,213],"floor_reached":21,"playtime":976,"items_purged":["Strike_R"],"score":167,"play_id":"e3d85084-68de-4a0b-ace2-d7897fca99c7","local_time":"20210104112941","is_ascension_mode":false,"campfire_choices":[{"data":"Iron Wave","floor":6,"key":"SMITH"},{"data":"Flex","floor":8,"key":"SMITH"},{"floor":15,"key":"REST"}],"circlet_count":0,"master_deck":["Strike_R","Strike_R","Strike_R","Defend_R","Defend_R","Defend_R+1","Defend_R+1","Bash+1","Iron Wave+1","Flex+1","Flex","Limit Break","Ghostly Armor"],"relics":["Black Blood","Bird Faced Urn","White Beast Statue","Odd Mushroom"],"acts_visited":["Exordium","TheCity"],"potions_floor_usage":[16,16,16,16],"damage_taken":[{"damage":3,"enemies":"Small Slimes","floor":1,"turns":3},{"damage":5,"enemies":"2 Louse","floor":4,"turns":3},{"damage":0,"enemies":"Cultist","floor":11,"turns":3},{"damage":11,"enemies":"The Mushroom Lair","floor":12,"turns":7},{"damage":3,"enemies":"Lots of Slimes","floor":14,"turns":6},{"damage":27,"enemies":"Slime Boss","floor":16,"turns":12},{"damage":24,"enemies":"Shell Parasite","floor":18,"turns":7},{"damage":20,"enemies":"2 Thieves","floor":19,"turns":4},{"damage":46,"enemies":"Cultist and Chosen","floor":21,"turns":9}],"seed_played":"2687273376114787345","potions_obtained":[{"floor":11,"key":"GamblersBrew"},{"floor":12,"key":"Explosive Potion"},{"floor":14,"key":"EntropicBrew"},{"floor":16,"key":"BloodPotion"},{"floor":18,"key":"Dexterity Potion"}],"is_trial":false,"path_per_floor":["M","?","$","M","?","R","?","R","T","?","M","?","$","M","R","B",null,"M","M","?","M"],"character_chosen":"IRONCLAD","items_purchased":[],"campfire_rested":1,"item_purchase_floors":[],"current_hp_per_floor":[80,73,73,74,58,58,25,25,25,25,31,26,26,29,53,32,80,68,60,60,14,14],"gold":213,"neow_bonus":"THREE_CARDS","is_daily":false,"chose_seed":false,"campfire_upgraded":2,"win_rate":0.0,"timestamp":1609759781,"path_taken":["M","?","$","M","?","R","?","R","T","?","M","?","$","M","R","BOSS","M","M","?","?"],"items_purchased_type":[],"build_version":"2020-12-22","purchased_purges":1,"victory":false,"max_hp_per_floor":[80,80,80,80,80,80,80,80,80,80,80,80,80,80,80,80,80,80,80,80,80,80],"relic_stats":{"counters":[9,54],"Bird Faced Urn":[0],"Black Blood":57,"obtain_stats":[{"Bird Faced Urn":7,"Black Blood":17,"Odd Mushroom":12,"Burning Blood":0,"White Beast Statue":9},{"Bird Faced Urn":2,"Black Blood":6,"Odd Mushroom":4,"Burning Blood":0,"White Beast Statue":2},{"Bird Faced Urn":6,"Black Blood":34,"Odd Mushroom":16,"Burning Blood":0,"White Beast Statue":6}]},"card_choices":[{"not_picked":["Wild Strike","Seeing Red"],"picked":"Iron Wave","floor":0},{"not_picked":["Clash","Rampage"],"picked":"Flex","floor":1},{"not_picked":["Clothesline","True Grit","Warcry"],"picked":"SKIP","floor":4},{"not_picked":["Clothesline","Metallicize","Uppercut"],"picked":"SKIP","floor":11},{"not_picked":["Perfected Strike","Fire Breathing"],"picked":"Flex","floor":12},{"not_picked":["Pommel Strike","Entrench","Body Slam"],"picked":"SKIP","floor":14},{"not_picked":["Exhume","Corruption"],"picked":"Limit Break","floor":16},{"not_picked":["Clash+1","Havoc","Bloodletting"],"picked":"SKIP","floor":18},{"not_picked":["Havoc","Clothesline"],"picked":"Ghostly Armor","floor":19}],"player_experience":66161,"relics_obtained":[{"floor":9,"key":"White Beast Statue"},{"floor":12,"key":"Odd Mushroom"}],"event_choices":[{"cards_removed":["Strike_R"],"damage_healed":0,"gold_gain":0,"player_choice":"Card Removal","damage_taken":7,"max_hp_gain":0,"max_hp_loss":0,"event_name":"Golden Wing","floor":2,"gold_loss":0},{"damage_healed":0,"gold_gain":0,"player_choice":"Entered Light","damage_taken":16,"max_hp_gain":0,"max_hp_loss":0,"event_name":"Shining Light","floor":5,"gold_loss":0,"cards_upgraded":["Bash","Defend_R"]},{"damage_healed":0,"gold_gain":0,"player_choice":"Success","damage_taken":33,"relics_obtained":["Bird Faced Urn"],"max_hp_gain":0,"max_hp_loss":0,"event_name":"Scrap Ooze","floor":7,"gold_loss":0},{"damage_healed":0,"gold_gain":0,"player_choice":"Grow","damage_taken":0,"max_hp_gain":0,"max_hp_loss":0,"event_name":"Living Wall","floor":10,"gold_loss":0,"cards_upgraded":["Defend_R"]},{"damage_healed":0,"gold_gain":0,"player_choice":"Fought Mushrooms","damage_taken":0,"max_hp_gain":0,"max_hp_loss":0,"event_name":"Mushrooms","floor":12,"gold_loss":0},{"damage_healed":0,"gold_gain":0,"player_choice":"Got Potions","damage_taken":0,"max_hp_gain":0,"max_hp_loss":0,"event_name":"Lab","floor":20,"gold_loss":0}],"is_beta":false,"boss_relics":[{"not_picked":["Tiny House","Calling Bell"],"picked":"Black Blood"}],"items_purged_floors":[3],"is_endless":false,"potions_floor_spawned":[11,12,14,16,18,19],"killed_by":"Cultist and Chosen","ascension_level":0}}