{"host":"q6wyndrixvj3w9nl","time":1609794237,"event":{"mods":["AchievementEnabler","BaseMod","Colored Map","Curses Come First","Hermit","Jorbs\u0027s Wanderer Trilogy","Minty Spire (QoL Compilation)","Permanent Neow","Quick Restart","Rare Cards Sparkle","Relic Stats","StSLib","The Cursed","The Disciple","The Hierophant","The Runesmith"],"gold_per_floor":[110,129,129,144,162,188,188,205,287,287,287,287,299,314,314,428,428,428],"floor_reached":17,"playtime":1543,"items_purged":[],"score":159,"play_id":"c9a7924f-521b-4f0b-a354-af37ca51d4f4","local_time":"20210104220357","is_ascension_mode":false,"campfire_choices":[{"data":"PrimeTime","floor":7,"key":"SMITH"},{"data":"ExoVibe","floor":10,"key":"SMITH"},{"data":"Keepsakes","floor":12,"key":"SMITH"},{"data":"LockedMawBank","floor":15,"key":"SMITH"}],"circlet_count":0,"master_deck":["Strike_Br","Strike_Br","Strike_Br","Defend_Br","Defend_Br","Defend_Br","Defend_Br","SecondHand","PatternShift","PrimeTime+1","Keepsakes+1","HandsUpB","Backlash","RageCommand","ExoVibe+3","LockedMawBank+1","LockedBell"],"relics":["Chronometer","Ginger","Runesmith:Nanobots","SlaversCollar"],"acts_visited":["Exordium","TheCity"],"potions_floor_usage":[6],"damage_taken":[{"damage":0,"enemies":"Small Slimes","floor":1,"turns":4},{"damage":1,"enemies":"Jaw Worm","floor":2,"turns":6},{"damage":0,"enemies":"2 Louse","floor":4,"turns":3},{"damage":0,"enemies":"Looter","floor":5,"turns":4},{"damage":25,"enemies":"Gremlin Nob","floor":6,"turns":5},{"damage":2,"enemies":"Large Slime","floor":8,"turns":6},{"damage":0,"enemies":"Blue Slaver","floor":13,"turns":2},{"damage":0,"enemies":"Looter","floor":14,"turns":2},{"damage":12,"enemies":"Slime Boss","floor":16,"turns":7}],"seed_played":"-7301851701787393313","potions_obtained":[{"floor":1,"key":"DuplicationPotion"},{"floor":8,"key":"Energy Potion"},{"floor":13,"key":"DuplicationPotion"},{"floor":14,"key":"FairyPotion"},{"floor":16,"key":"SpeedPotion"}],"is_trial":false,"path_per_floor":["M","M","?","M","M","E","R","M","T","R","?","R","M","M","R","B",null],"character_chosen":"CHRONO_CLASS","items_purchased":[],"campfire_rested":0,"item_purchase_floors":[],"current_hp_per_floor":[71,70,70,70,70,45,45,43,43,43,43,43,43,43,43,31,71,71],"gold":428,"neow_bonus":"TEN_PERCENT_HP_BONUS","is_daily":false,"chose_seed":false,"campfire_upgraded":4,"win_rate":0.0,"timestamp":1609794237,"path_taken":["M","M","?","M","M","E","R","M","T","R","?","R","M","M","R","BOSS"],"items_purchased_type":[],"build_version":"2020-12-22","purchased_purges":0,"victory":false,"max_hp_per_floor":[71,71,71,71,71,71,71,71,71,71,71,71,71,71,71,71,71,71],"relic_stats":{"counters":[9,38],"Ginger":[1],"obtain_stats":[{"SlaversCollar":17,"Runesmith:Nanobots":9,"Chronometer":0,"Ginger":6},{"SlaversCollar":9,"Runesmith:Nanobots":6,"Chronometer":0,"Ginger":5},{"SlaversCollar":38,"Runesmith:Nanobots":27,"Chronometer":0,"Ginger":22}]},"card_choices":[{"not_picked":["Engulf","BiteCommand"],"picked":"PrimeTime","floor":1},{"not_picked":["Goo","ShortSighted"],"picked":"Keepsakes","floor":2},{"not_picked":["LockedWhetstone","ShortSighted"],"picked":"HandsUpB","floor":4},{"not_picked":["HandsUpC","LockedMedicine"],"picked":"Backlash","floor":5},{"not_picked":["BiteCommand","Parity"],"picked":"RageCommand","floor":6},{"not_picked":["HandsUpB","VestedLegacy"],"picked":"ExoVibe","floor":8},{"not_picked":["CrunchTime","LockedTurtyl","HandsUpB"],"picked":"SKIP","floor":13},{"not_picked":["WakeUpCall","Break"],"picked":"LockedMawBank","floor":14},{"not_picked":["LockedAstrolabe","MasterKey"],"picked":"LockedBell","floor":16}],"player_experience":383371,"relics_obtained":[{"floor":6,"key":"Ginger"},{"floor":9,"key":"Runesmith:Nanobots"}],"event_choices":[{"damage_healed":0,"gold_gain":0,"player_choice":"Ignored","damage_taken":0,"max_hp_gain":0,"max_hp_loss":0,"event_name":"Liars Game","floor":3,"gold_loss":0},{"cards_removed":["Strike_Br"],"damage_healed":0,"gold_gain":0,"player_choice":"Forget","damage_taken":0,"max_hp_gain":0,"max_hp_loss":0,"event_name":"Living Wall","floor":11,"gold_loss":0}],"is_beta":false,"boss_relics":[{"not_picked":["Ectoplasm","Sozu"],"picked":"SlaversCollar"}],"items_purged_floors":[],"is_endless":false,"potions_floor_spawned":[1,8,13,14,16],"ascension_level":0}}