{"host":"kabf61oc9jgfwufg","time":1609779424,"event":{"mods":["AchievementEnabler","Act Like it!","Aspiration","BaseMod","Conspire","GifTheSpireLib","Halation","HexUI Lib","Hubris","Infinite Spire","Minty Spire (QoL Compilation)","Pale of the Ancients","Rare Cards Sparkle","Replay The Spire","StSLib","The Jungle"],"gold_per_floor":[112,44,61,61,73,88,88,103,103,103,115,190,201,221,221,320,320,337,337,337,337,350,350,362,362,362,376,376,376,376],"floor_reached":29,"playtime":764,"items_purged":["Strike_P","Defend_P"],"score":219,"play_id":"9933fd39-3b52-4a88-8038-104ad0f9a360","local_time":"20210104165704","is_ascension_mode":false,"campfire_choices":[{"data":"Adaptation","floor":10,"key":"SMITH"},{"data":"Eruption","floor":15,"key":"SMITH"},{"data":"infinitespire:Starlight","floor":23,"key":"SMITH"},{"data":"EmptyFist","floor":25,"key":"SMITH"}],"circlet_count":0,"master_deck":["Strike_P","Strike_P","Strike_P","Defend_P","Defend_P","Defend_P","Eruption+1","Vigilance","Adaptation+1","EmptyFist+1","FlyingSleeves","Parasite","Tantrum","Establishment","infinitespire:Starlight+1","EmptyFist+1","MentalFortress","Shame"],"relics":["Burning Blood","NeowsBlessing","infinitespire:Cubic Diamond","conspire:GlowingRock","conspire:SpecialSausage","hubris:TinFlute","Blue Doll","Singing Bowl","halation:PromiseList"],"acts_visited":["Exordium","TheCity"],"potions_floor_usage":[16,16,22,27],"damage_taken":[{"damage":0,"enemies":"Jaw Worm","floor":1,"turns":1},{"damage":0,"enemies":"2 Louse","floor":3,"turns":1},{"damage":0,"enemies":"Small Slimes","floor":5,"turns":1},{"damage":16,"enemies":"Exordium Wildlife","floor":6,"turns":3},{"damage":31,"enemies":"Lots of Slimes","floor":8,"turns":4},{"damage":0,"enemies":"Gremlin Gang","floor":11,"turns":3},{"damage":15,"enemies":"Looter","floor":13,"turns":3},{"damage":8,"enemies":"Blue Slaver","floor":14,"turns":3},{"damage":26,"enemies":"Slime Boss","floor":16,"turns":7},{"damage":30,"enemies":"2 Thieves","floor":18,"turns":4},{"damage":15,"enemies":"3 Byrds","floor":22,"turns":4},{"damage":11,"enemies":"Snecko","floor":24,"turns":3},{"damage":26,"enemies":"Centurion and Healer","floor":27,"turns":4},{"damage":14,"enemies":"Snake Plant","floor":29,"turns":2}],"seed_played":"-4984989667662509768","potions_obtained":[{"floor":5,"key":"EssenceOfSteel"},{"floor":8,"key":"SteroidPotion"},{"floor":13,"key":"SpeedPotion"},{"floor":18,"key":"SkillPotion"},{"floor":22,"key":"Languid Potion"}],"is_trial":false,"path_per_floor":["M","$","M","?","M","M","?","M","T","R","M","?","M","M","R","B",null,"M","AVR","$","?","M","R","M","R","T","M","?","M"],"character_chosen":"WATCHER","items_purchased":["Adaptation","Blue Doll"],"campfire_rested":0,"item_purchase_floors":[2,20],"current_hp_per_floor":[72,72,72,72,72,62,72,47,47,47,53,42,33,31,31,11,72,48,48,33,33,34,34,29,29,29,9,9,0,0],"gold":376,"neow_bonus":"THREE_ENEMY_KILL","is_daily":false,"chose_seed":false,"campfire_upgraded":4,"win_rate":0.0,"timestamp":1609779424,"path_taken":["M","$","M","?","M","M","?","M","T","R","M","?","?","M","R","BOSS","M","AVR","?","?","M","R","M","R","T","M","?","M"],"items_purchased_type":["Card","Relic"],"build_version":"2020-12-22","purchased_purges":2,"victory":false,"max_hp_per_floor":[72,72,72,72,72,72,72,72,72,72,72,72,72,72,72,72,72,72,72,72,72,72,72,72,72,72,72,72,72,72],"card_choices":[{"not_picked":["TalkToTheHand","Evaluate","Halt"],"picked":"SKIP","floor":1},{"not_picked":["CutThroughFate","JustLucky","CrushJoints"],"picked":"SKIP","floor":3},{"not_picked":["Fasting2","BowlingBash"],"picked":"EmptyFist","floor":5},{"not_picked":["Perseverance","EmptyBody"],"picked":"FlyingSleeves","floor":6},{"not_picked":["Consecrate","TalkToTheHand"],"picked":"Tantrum","floor":8},{"not_picked":["Halt","Prostrate","JustLucky"],"picked":"SKIP","floor":11},{"not_picked":["ThirdEye","SashWhip","Replay:ManipulateFuture"],"picked":"SKIP","floor":13},{"not_picked":["Wallop","Nirvana","MasterReality"],"picked":"SKIP","floor":14},{"not_picked":["Judgement","DeusExMachina"],"picked":"Establishment","floor":16},{"not_picked":["WaveOfTheHand","ClearTheMind","Replay:Hum"],"picked":"SKIP","floor":18},{"not_picked":["InnerPeace","Evaluate","ThirdEye"],"picked":"SKIP","floor":22},{"not_picked":["Crescendo","PathToVictory"],"picked":"EmptyFist+1","floor":24},{"not_picked":["CutThroughFate","Protect"],"picked":"MentalFortress","floor":27}],"player_experience":34283,"relics_obtained":[{"floor":9,"key":"conspire:GlowingRock"},{"floor":26,"key":"Singing Bowl"}],"event_choices":[{"damage_healed":18,"gold_gain":0,"player_choice":"Healed and dodged fight","damage_taken":0,"max_hp_gain":0,"max_hp_loss":0,"event_name":"Mushrooms","floor":7,"gold_loss":0,"cards_obtained":["Parasite"]},{"damage_healed":0,"gold_gain":75,"player_choice":"Gather Gold","damage_taken":11,"max_hp_gain":0,"max_hp_loss":0,"event_name":"World of Goop","floor":12,"gold_loss":0},{"damage_healed":0,"gold_gain":0,"player_choice":"Stole Relic","damage_taken":0,"relics_obtained":["halation:PromiseList"],"max_hp_gain":0,"max_hp_loss":0,"event_name":"Addict","floor":28,"gold_loss":0,"cards_obtained":["Shame"]}],"is_beta":false,"boss_relics":[{"not_picked":["SacredBark","halation:MonkeysPaw"],"picked":"conspire:SpecialSausage"}],"items_purged_floors":[19,20],"is_endless":false,"potions_floor_spawned":[5,8,13,14,18,22],"killed_by":"Snake Plant","ascension_level":0}}