{"host":"9k1ekd5e3lrdz5qp","time":1609718436,"event":{"mods":["Act Like it!","Bard","BaseMod","Beaked The Cultist","Better Altar","Better Skull","Better Third Choice","Conspire","Downfall","Elementarium","Hubris","Infinite Spire","Minty Spire (QoL Compilation)","Replay The Spire","StSLib"],"gold_per_floor":[99,117,117,24,89,116,116,216,230,230,261,276,276,290,303,303,303,303],"floor_reached":16,"playtime":842,"items_purged":[],"score":131,"play_id":"ee650bb6-0277-4d3d-a041-2d37d9b65973","local_time":"20210103170036","is_ascension_mode":true,"campfire_choices":[{"data":"champ:Taunt","floor":1.0,"key":"SMITH"},{"floor":10.0,"key":"REST"}],"circlet_count":0,"master_deck":["champ:Strike","champ:Strike","champ:Strike","champ:Defend","champ:Defend","champ:Defend","champ:Defend","champ:Execute","champ:Taunt+1","champ:BerserkersShout","champ:Shatter","champ:EnragedBash","champ:RecklessLeap","Looming Evil","sneckomod:Bewildered","champ:AdrenalArmor"],"relics":["Cursed Key","Prayer Wheel","infinitespire:PuzzleCube","Ornamental Fan","CloakClasp","hubris:OldNail","hubris:Icosahedron"],"acts_visited":["Exordium"],"potions_floor_usage":[16,16],"damage_taken":[{"damage":6.0,"enemies":"Jaw Worm","floor":2.0,"turns":4.0},{"damage":19.0,"enemies":"downfall:FleeingMerchant","floor":4.0,"turns":4.0},{"damage":38.0,"enemies":"Gremlin Nob","floor":5.0,"turns":4.0},{"damage":84.0,"enemies":"Gremlin Nob","floor":8.0,"turns":7.0},{"damage":19.0,"enemies":"2 Louse","floor":9.0,"turns":3.0},{"damage":35.0,"enemies":"Gremlin Nob","floor":11.0,"turns":2.0},{"damage":25.0,"enemies":"Small Slimes","floor":12.0,"turns":4.0},{"damage":17.0,"enemies":"3 Louse","floor":14.0,"turns":3.0},{"damage":24.0,"enemies":"Exordium Wildlife","floor":15.0,"turns":3.0},{"damage":53,"enemies":"downfall:Defect","floor":16,"turns":4}],"seed_played":"-6507595735237328989","potions_obtained":[{"floor":8.0,"key":"Death Potion"},{"floor":9.0,"key":"Swift Potion"},{"floor":12.0,"key":"Adrenaline Potion"},{"floor":14.0,"key":"Venom Potion"}],"is_trial":false,"path_per_floor":["R","M","?","$","?","T","T","?","M","R","E","M","?","M","M","B"],"character_chosen":"THE_CHAMP","items_purchased":["champ:EnragedBash"],"campfire_rested":1,"item_purchase_floors":[4],"current_hp_per_floor":[90,89,89,89,71,71,71,33,29,56,44,42,42,42,42,0,0,0],"gold":303,"neow_bonus":"BOSS_RELIC","is_daily":false,"chose_seed":false,"campfire_upgraded":1,"win_rate":0.0,"timestamp":1609718436,"path_taken":["R","M","?","$","?","?","T","?","M","R","E","M","?","?","M","BOSS"],"items_purchased_type":["Card"],"build_version":"2020-12-22","purchased_purges":0,"victory":false,"max_hp_per_floor":[90,90,90,90,90,90,90,90,90,90,90,90,90,90,90,90,90,90],"card_choices":[{"not_picked":["champ:GutPunch","champ:RageSigil"],"picked":"champ:BerserkersShout","floor":2.0},{"not_picked":["champ:RageSigil","champ:Control"],"picked":"champ:Shatter","floor":4.0},{"not_picked":["champ:TornadoPunch","champ:ShieldWall"],"picked":"champ:RecklessLeap","floor":5.0},{"not_picked":["champ:GutPunch","champ:PerfectedStrike","champ:Duel"],"picked":"SKIP","floor":9.0},{"not_picked":["champ:GutPunch","champ:PerfectedStrike","champ:RageSigil"],"picked":"SKIP","floor":9.0},{"not_picked":["champ:GladiatorStyle","champ:RageSigil","champ:IronFortress"],"picked":"SKIP","floor":11.0},{"not_picked":["champ:FlashCut","champ:Balance","champ:PerfectedStrike"],"picked":"SKIP","floor":12.0},{"not_picked":["champ:BladeFlurry","champ:SteelEdge","champ:BringItOn"],"picked":"SKIP","floor":12.0},{"not_picked":["champ:ViciousMockery","champ:Aggression"],"picked":"champ:AdrenalArmor","floor":14.0},{"not_picked":["champ:Control","champ:BladeFlurry","champ:ShieldWall"],"picked":"SKIP","floor":14.0},{"not_picked":["champ:ShieldSigil","champ:SkillfulDodge","champ:GladiatorsShout"],"picked":"SKIP","floor":15.0},{"not_picked":["champ:Haymaker","champ:FocusedGladiator","champ:BladeFlurry"],"picked":"SKIP","floor":15.0}],"player_experience":1246902,"relics_obtained":[{"floor":5.0,"key":"Prayer Wheel"},{"floor":6.0,"key":"infinitespire:PuzzleCube"},{"floor":7.0,"key":"Ornamental Fan"},{"floor":8.0,"key":"CloakClasp"},{"floor":11.0,"key":"hubris:OldNail"}],"event_choices":[],"is_beta":false,"boss_relics":[],"items_purged_floors":[],"is_endless":false,"potions_floor_spawned":[8,9,12,14],"killed_by":"downfall:Defect","ascension_level":1}}