{"host":"55yei7x27djrlaep","time":1609755168,"event":{"mods":["Act Like it!","Aspiration","BaseMod","Better Altar","Better Match","Better Note","Better Sensory Stone","Better Skull","Better Third Choice","BetterRewards","Colored Map","Conspire","Friendly Minions","GifTheSpireLib","Gremlin Mod","Halation","Hubris","Marisa????????","Minty Spire (QoL Compilation)","Pale of the Ancients","Replay The Spire","StSLib","Stuff the Spire","The Marked"],"gold_per_floor":[114,316,329,54,54,88,88,122,122,142,142,58,92,107,107,212,212,227,342,358,46,62,62,91,107,107,107,107,133,133,163,163,242,242,260,273,298,309,309,334,334,367,367,400,420,452,16,28,28,28,39,55,55,55,55,65,65,65,65,65,65],"floor_reached":60,"playtime":4984,"items_purged":["Strike_G","Strike_G","ReplayTheSpireMod:Splinters","StuffTheSpire:ClusterCrunch"],"score":2107,"play_id":"4466171e-5ac3-46c6-a494-5ebaf5dae5df","local_time":"20210104131248","is_ascension_mode":true,"campfire_choices":[{"floor":7,"key":"REST"},{"data":"Footwork","floor":11,"key":"SMITH"},{"floor":15,"key":"DIG"},{"floor":23,"key":"REST"},{"floor":30,"key":"RECALL"},{"data":"hubris:SlightOfHand","floor":32,"key":"PURGE"},{"data":"A Thousand Cuts","floor":41,"key":"SMITH"},{"data":"Cloak And Dagger","floor":41,"key":"SMITH"},{"data":"Defend_G","floor":49,"key":"PURGE"},{"data":"After Image","floor":57,"key":"SMITH"},{"floor":57,"key":"DIG"}],"circlet_count":0,"master_deck":["Strike_G+1","Strike_G","Strike_G","Defend_G+1","Defend_G","Defend_G","Survivor","Neutralize","Footwork+1","StuffTheSpire:DoubleShiv","conspire:PoisonWeapons","Accuracy","Slice","Dodge and Roll","Acrobatics","Hidden Blade","ReplayTheSpireMod:The Works","After Image+1","Die Die Die+1","Storm of Steel","Flying Knee","Expertise","Cloak And Dagger+1","Escape Plan","Blade Dance","A Thousand Cuts+1","Calculated Gamble","Quick Slash+1","conspire:Banana","ReplayTheSpireMod:Private Reserves","Hidden Blade","Malaise","Glass Knife","PiercingWail+1","Backflip","Deflect","Escape Plan","Deflect+1","Backstab","Quick Slash","Escape Plan","Pain"],"relics":["Ring of the Snake","hubris:SlimyHat","hubris:EmptyBottle","StuffTheSpire:Gunfinga","hubris:Zylophone","Basket Of Snakes","halation:Toothbrush","hubris:CuriousFeather","Bag of Marbles","hubris:GlazedTorus","Durian","conspire:DecoderRing","hubris:Metronome","Vajra","Replay:Grab Bag","hubris:TerracottaHorce","ChewingGum","aspiration:SecretTechniqueScroll","Simple Rune","StuffTheSpire:GrapeVine","aspiration:SeaSaltIceCream","hubris:RunicObelisk","Orichalcum","HornCleat","halation:EternalFortune","halation:PenCase","StuffTheSpire:WitherSkull","Black Star","WingedGreaves","halation:PinkSoulGem","Pear","Blue Doll","Toy Ornithopter","StuffTheSpire:SapphireSignet","Nunchaku","aspiration:StickyExplosives_weak","halation:SelfBoilingWater","Blood Vial","Replay:Multitool","paleoftheancients:Timepiece","paleoftheancients:KeyRelic","Gremlin Horn","CultistMask","paleoftheancients:SoulOfTheSilent","WarpedTongs","Calipers","Pantograph","Tingsha"],"acts_visited":["Exordium","TheCity","TheBeyond","paleoftheancients:PaleOfTheAncients"],"potions_floor_usage":[6,6,14,14,29,31,35,35,35,40,40,44,50,50,56,56,56,60,60],"damage_taken":[{"damage":5,"enemies":"Small Slimes","floor":1,"turns":3},{"damage":2,"enemies":"conspire:RoseBush","floor":3,"turns":2},{"damage":3,"enemies":"Replay:BlueRogue","floor":6,"turns":2},{"damage":4,"enemies":"Lagavulin","floor":8,"turns":4},{"damage":0,"enemies":"Cultist","floor":10,"turns":2},{"damage":8,"enemies":"Replay:BlueRogue","floor":13,"turns":2},{"damage":9,"enemies":"conspire:2 RoseBushes","floor":14,"turns":2},{"damage":19,"enemies":"Hexaghost","floor":16,"turns":4},{"damage":0,"enemies":"Spheric Guardian","floor":18,"turns":2},{"damage":10,"enemies":"Shell Parasite","floor":20,"turns":2},{"damage":0,"enemies":"Sentry and Sphere","floor":22,"turns":2},{"damage":0,"enemies":"Replay:Snechameleon","floor":24,"turns":2},{"damage":0,"enemies":"Centurion and Healer","floor":25,"turns":1},{"damage":0,"enemies":"conspire:Head Lice","floor":29,"turns":2},{"damage":0,"enemies":"conspire:SneckoGhost","floor":31,"turns":2},{"damage":5,"enemies":"conspire:MysteriousRune","floor":33,"turns":5},{"damage":3,"enemies":"3 Shapes","floor":35,"turns":2},{"damage":0,"enemies":"Orb Walker","floor":36,"turns":1},{"damage":0,"enemies":"Mind Bloom Boss Battle","floor":37,"turns":3},{"damage":0,"enemies":"Spire Growth","floor":38,"turns":3},{"damage":0,"enemies":"Giant Head","floor":40,"turns":5},{"damage":0,"enemies":"Nemesis","floor":42,"turns":3},{"damage":0,"enemies":"Reptomancer","floor":44,"turns":3},{"damage":0,"enemies":"Writhing Mass","floor":45,"turns":4},{"damage":0,"enemies":"Giant Head","floor":46,"turns":4},{"damage":0,"enemies":"4 Shapes","floor":48,"turns":4},{"damage":3,"enemies":"Time Eater","floor":50,"turns":8},{"damage":0,"enemies":"Time Eater","floor":51,"turns":9},{"damage":0,"enemies":"Time Eater","floor":52,"turns":2},{"damage":39,"enemies":"Time Eater","floor":56,"turns":10},{"damage":307,"enemies":"paleoftheancients:N","floor":60,"turns":20}],"seed_played":"-6736464530542882303","potions_obtained":[{"floor":3,"key":"Adrenaline Potion"},{"floor":10,"key":"Fruit Juice"},{"floor":13,"key":"Explosive Potion"},{"floor":25,"key":"EssenceOfSteel"},{"floor":29,"key":"Block Potion"},{"floor":31,"key":"Ancient Potion"},{"floor":33,"key":"GamblersBrew"},{"floor":37,"key":"Swift Potion"},{"floor":42,"key":"CunningPotion"},{"floor":44,"key":"SkillPotion"},{"floor":52,"key":"Ancient Potion"}],"is_trial":false,"path_per_floor":["M","?","M","$","?","E","R","E","T","M","R","$","E","M","R_BF","B",null,"M","?","M","$","M","R","E","M","T","?","?","E","R","E","R_BF","B",null,"M","M","?","M","?","E","R","E","T","E","M","E","$","M","R","B","M","M","?","T","R","M","R","T","?","B"],"character_chosen":"THE_SILENT","items_purchased":["Footwork","StuffTheSpire:DoubleShiv","hubris:SlimyHat","hubris:EmptyBottle","StuffTheSpire:Gunfinga","conspire:PoisonWeapons","Basket Of Snakes","halation:Toothbrush","Accuracy","Slice","After Image","Expertise","Cloak And Dagger","aspiration:SeaSaltIceCream","hubris:SlightOfHand","Replay:Multitool"],"campfire_rested":2,"item_purchase_floors":[0,0,0,0,0,0,0,0,0,0,4,12,12,21,21,47],"current_hp_per_floor":[19,19,17,20,23,20,43,44,44,44,44,44,36,37,37,18,75,75,25,15,15,15,43,43,43,43,46,46,47,47,47,50,46,88,85,85,89,92,92,106,106,107,107,112,112,113,116,122,125,136,137,138,138,138,138,115,115,115,115,0,0],"gold":65,"neow_bonus":"","is_daily":false,"chose_seed":false,"campfire_upgraded":4,"win_rate":0.0,"timestamp":1609755168,"path_taken":["M","?","M","$","?","E","R","E","T","M","R","$","E","?","R_BF","BOSS","M","?","?","?","M","R","E","M","T","?","?","E","R","E","R_BF","BOSS","M","M","?","M","?","E","R","E","T","E","M","E","?","?","R","BOSS","M","M","?","T","R","M","R","T","?","BOSS"],"items_purchased_type":["Card","Card","Relic","Relic","Relic","Card","Relic","Relic","Card","Card","Card","Card","Card","Relic","Card","Relic"],"build_version":"2020-12-22","purchased_purges":4,"victory":false,"max_hp_per_floor":[73,73,73,76,79,79,79,84,84,84,84,84,84,94,94,94,94,94,94,94,94,94,94,94,94,94,97,97,98,98,98,101,102,102,102,102,106,109,109,123,123,124,124,124,124,125,128,132,135,136,137,138,138,138,138,139,139,139,139,140,140],"card_choices":[{"not_picked":["Prepared","ReplayTheSpireMod:Exploit Weakness"],"picked":"Acrobatics","floor":1},{"not_picked":["StuffTheSpire:ClusterCrunch","Prepared"],"picked":"Hidden Blade","floor":2},{"not_picked":["Outmaneuver","Prepared"],"picked":"ReplayTheSpireMod:The Works","floor":3},{"not_picked":["Tools of the Trade","Poisoned Stab"],"picked":"Die Die Die","floor":6},{"not_picked":["Cloak And Dagger","Dagger Throw"],"picked":"Storm of Steel","floor":8},{"not_picked":["StuffTheSpire:ClusterCrunch","StuffTheSpire:Injection"],"picked":"Flying Knee","floor":10},{"not_picked":["Toxin Wave","Replay:Poison Smokescreen"],"picked":"Escape Plan","floor":13},{"not_picked":["StuffTheSpire:Python","Dash"],"picked":"Blade Dance","floor":14},{"not_picked":["Replay:Bag of Tricks","Die Die Die"],"picked":"A Thousand Cuts","floor":16},{"not_picked":["Sucker Punch","Quick Slash"],"picked":"StuffTheSpire:ClusterCrunch","floor":18},{"not_picked":["Sucker Punch","StuffTheSpire:BumpUp","Dagger Spray"],"picked":"SKIP","floor":20},{"not_picked":["StuffTheSpire:Repulse","Wraith Form v2","Crippling Poison"],"picked":"SKIP","floor":22},{"not_picked":["Bane","Eviscerate"],"picked":"Calculated Gamble","floor":24},{"not_picked":["StuffTheSpire:BumpUp","Predator"],"picked":"Quick Slash+1","floor":25},{"not_picked":["Impatience","Good Instincts"],"picked":"conspire:Banana","floor":28},{"not_picked":["hubris:Insight","Survey Options"],"picked":"ReplayTheSpireMod:Private Reserves","floor":28},{"not_picked":["Poisoned Stab","StuffTheSpire:Sprint+1"],"picked":"Hidden Blade","floor":29},{"not_picked":["StuffTheSpire:Injection","StuffTheSpire:Python"],"picked":"Malaise","floor":31},{"not_picked":["Poison Darts","Wraith Form v2"],"picked":"Glass Knife","floor":33},{"not_picked":["StuffTheSpire:ClusterCrunch","Endless Agony","hubris:Counter"],"picked":"SKIP","floor":35},{"not_picked":["Draining Mist+1","Outmaneuver"],"picked":"PiercingWail+1","floor":36},{"not_picked":["hubris:SlightOfHand","Outmaneuver","Replay:Poison Smokescreen"],"picked":"SKIP","floor":38},{"not_picked":["Atom Bomb","conspire:DoublingDagger","Bane"],"picked":"SKIP","floor":40},{"not_picked":["Hidden Blade","Underhanded Strike"],"picked":"Backflip","floor":42},{"not_picked":["StuffTheSpire:Repulse+1","Reflex+1"],"picked":"Deflect","floor":44},{"not_picked":["Prepared","Endless Agony"],"picked":"Escape Plan","floor":45},{"not_picked":["Dodge and Roll","Deadly Poison"],"picked":"Deflect+1","floor":46},{"not_picked":["hubris:Sniper+1","Outmaneuver"],"picked":"Backstab","floor":48},{"not_picked":["Sucker Punch","Flechettes"],"picked":"Quick Slash","floor":51},{"not_picked":["hubris:TrickCloak","Outmaneuver"],"picked":"Escape Plan","floor":52},{"not_picked":["Heel Hook","Flechettes","Outmaneuver"],"picked":"SKIP","floor":56}],"player_experience":413181,"relics_obtained":[{"floor":6,"key":"hubris:GlazedTorus"},{"floor":8,"key":"Durian"},{"floor":9,"key":"conspire:DecoderRing"},{"floor":13,"key":"hubris:Metronome"},{"floor":15,"key":"Vajra"},{"floor":24,"key":"Orichalcum"},{"floor":26,"key":"HornCleat"},{"floor":29,"key":"halation:PenCase"},{"floor":31,"key":"StuffTheSpire:WitherSkull"},{"floor":37,"key":"WingedGreaves"},{"floor":37,"key":"halation:EternalFortune"},{"floor":38,"key":"halation:EternalFortune"},{"floor":40,"key":"halation:EternalFortune"},{"floor":40,"key":"Pear"},{"floor":40,"key":"Blue Doll"},{"floor":42,"key":"Toy Ornithopter"},{"floor":42,"key":"StuffTheSpire:SapphireSignet"},{"floor":44,"key":"Nunchaku"},{"floor":44,"key":"aspiration:StickyExplosives_weak"},{"floor":46,"key":"halation:SelfBoilingWater"},{"floor":46,"key":"Blood Vial"},{"floor":48,"key":"halation:EternalFortune"},{"floor":51,"key":"paleoftheancients:SoulOfTheSilent"},{"floor":54,"key":"Calipers"},{"floor":56,"key":"paleoftheancients:SoulOfTheShrineMaiden"},{"floor":57,"key":"Pantograph"},{"floor":58,"key":"Tingsha"}],"event_choices":[{"cards_removed":["Defend_G"],"damage_healed":0,"gold_gain":0,"player_choice":"Purged","damage_taken":0,"max_hp_gain":0,"max_hp_loss":0,"event_name":"Purifier","floor":5,"gold_loss":0},{"damage_healed":0,"gold_gain":115,"player_choice":"RE GO RE ","damage_taken":55,"relics_obtained":["Simple Rune","StuffTheSpire:GrapeVine"],"max_hp_gain":0,"max_hp_loss":0,"event_name":"betterSkull:BetterSkull","floor":19,"gold_loss":0,"cards_upgraded":[]},{"damage_healed":0,"gold_gain":2,"player_choice":"1","damage_taken":0,"max_hp_gain":0,"max_hp_loss":0,"event_name":"betterStone:BetterStone","floor":28,"gold_loss":0},{"damage_healed":0,"gold_gain":0,"player_choice":"Fight","damage_taken":0,"max_hp_gain":0,"max_hp_loss":0,"event_name":"MindBloom","floor":37,"gold_loss":0},{"damage_healed":0,"gold_gain":0,"player_choice":"Rummage","damage_taken":0,"relics_obtained":["WarpedTongs"],"max_hp_gain":0,"max_hp_loss":0,"event_name":"Accursed Blacksmith","floor":53,"gold_loss":0,"cards_obtained":["Pain"]}],"is_beta":false,"boss_relics":[{"not_picked":["Empty Cage","aspiration:PoetsPen_weak"],"picked":"Replay:Grab Bag"},{"not_picked":["hubris:CrackedHourglass","ReplayTheSpireMod:Onyx Gauntlets"],"picked":"hubris:TerracottaHorce"},{"not_picked":["ReplayTheSpireMod:DimensionalGlitch","Runic Dome"],"picked":"ChewingGum"},{"not_picked":["aspiration:RitualDagger","halation:PinkAlligatorPlush"],"picked":"aspiration:SecretTechniqueScroll"},{"not_picked":["halation:Yufonium","StuffTheSpire:RunicHypercube"],"picked":"Black Star"}],"items_purged_floors":[0,0,4,47],"is_endless":false,"potions_floor_spawned":[3,10,13,25,29,31,33,37,42,44,45,48,52],"killed_by":"paleoftheancients:N","ascension_level":9}}