{"host":"cwd5s03r1oaxs6mx","time":1609770215,"event":{"mods":["Act Like it!","BaseMod","Better Third Choice","BetterRewards","CapriCore","Card Filter","Colored Map","Custom Start","DeckTracker","Friendly Minions","Hubris","Infinite Spire","Marisa£¨Ùöéë¡¡Øª×âÞÞ£©","Minty Spire (QoL Compilation)","Quick Restart","Relic Stats","Shop Mod","Spicy Shops","StSLib","SuperFastMode"],"gold_per_floor":[116,16,91,141,158,186,186,213,291,291,291,321,321,340,340,412,412,427,427,439,519,385,385,385],"floor_reached":23,"playtime":846,"items_purged":["Strike_R","Defend_R","Seeing Red"],"score":410,"play_id":"d57073e5-0379-4844-8617-cbbf3ce4ae5f","local_time":"20210104232335","is_ascension_mode":true,"campfire_choices":[{"floor":7,"key":"REST"},{"floor":11,"key":"REST"},{"data":"Body Slam","floor":13,"key":"SMITH"},{"data":"Armaments","floor":15,"key":"SMITH"}],"circlet_count":0,"master_deck":["AscendersBane","Bash","Body Slam+1","Armaments+1","Shrug It Off","Shrug It Off","Limit Break","Iron Wave","Limit Break","Rage","Seeing Red","Ghostly Armor","Dual Wield","Cleave","Juggernaut","Power Through","Good Instincts"],"relics":["Burning Blood","Medical Kit","Oddly Smooth Stone","Lizard Tail","Akabeko","Bottled Lightning","Singing Bowl","Pandora\u0027s Box"],"acts_visited":["Exordium","TheCity"],"potions_floor_usage":[16,23],"damage_taken":[{"damage":11,"enemies":"Cultist","floor":1,"turns":4},{"damage":2,"enemies":"Small Slimes","floor":5,"turns":4},{"damage":54,"enemies":"Gremlin Nob","floor":6,"turns":5},{"damage":71,"enemies":"3 Sentries","floor":8,"turns":21},{"damage":24,"enemies":"Lagavulin","floor":12,"turns":9},{"damage":0,"enemies":"2 Louse","floor":14,"turns":3},{"damage":10,"enemies":"The Guardian","floor":16,"turns":11},{"damage":11,"enemies":"Spheric Guardian","floor":18,"turns":4},{"damage":18,"enemies":"2 Thieves","floor":20,"turns":3},{"damage":71,"enemies":"Slavers","floor":23,"turns":6}],"seed_played":"8380759858391449309","potions_obtained":[{"floor":6,"key":"DuplicationPotion"},{"floor":8,"key":"Strength Potion"},{"floor":16,"key":"Regen Potion"}],"is_trial":false,"path_per_floor":["M","$","?","?","M","E","R","E","T","?","R","E","R","M","R","B",null,"M","AVR","M","T","$","E"],"character_chosen":"IRONCLAD","items_purchased":["Body Slam","Armaments","Shrug It Off","Medical Kit","Oddly Smooth Stone","Power Through","Good Instincts"],"campfire_rested":2,"item_purchase_floors":[0,0,0,0,0,22,22],"current_hp_per_floor":[63,63,52,52,56,8,30,7,7,7,29,13,13,21,21,17,64,61,61,51,51,51,0,0],"gold":385,"neow_bonus":"","is_daily":false,"chose_seed":false,"campfire_upgraded":2,"win_rate":0.0,"timestamp":1609770215,"path_taken":["M","$","?","?","?","E","R","E","T","?","R","E","R","M","R","BOSS","M","AVR","M","?","?","E"],"items_purchased_type":["Card","Card","Card","Relic","Relic","Card","Card"],"build_version":"2020-12-22","purchased_purges":3,"victory":false,"max_hp_per_floor":[75,75,75,75,75,75,75,75,75,75,75,77,77,79,79,79,79,81,81,83,83,83,83,83],"relic_stats":{"Lizard Tail":37,"Singing Bowl":8,"counters":[113,414],"Pandora\u0027s Box":["Rage","Seeing Red","Ghostly Armor","Seeing Red","Dual Wield","Cleave","Juggernaut"],"Medical Kit":[8],"obtain_stats":[{"infinitespire:BottledMercury":26,"Vajra":31,"Whetstone":6,"Boot":12,"Sozu":34,"Centennial Puzzle":29,"Lizard Tail":6,"infinitespire:ShieldingShard":27,"hubris:AstralHammer":0,"DollysMirror":0,"Prayer Wheel":31,"Kunai":38,"hubris:MobiusCoin":45,"Girya":8,"hubris:DuctTape":48,"Dead Branch":0,"Blue Candle":9,"Oddly Smooth Stone":29,"Letter Opener":0,"infinitespire:Magic Flask":25,"Question Card":0,"Akabeko":8,"hubris:Zylophone":19,"Du-Vu Doll":25,"Bottled Flame":14,"Molten Egg 2":26,"Pandora\u0027s Box":17,"Mark of Pain":34,"Black Star":17,"Unceasing Top":0,"Singing Bowl":12,"Magic Flower":9,"StoneCalendar":7,"Mango":37,"hubris:SlimyHat":0,"Bag of Preparation":0,"Burning Blood":0,"hubris:BlackHole":34,"Dream Catcher":25,"hubris:Icosahedron":22,"hubris:Backtick":28,"Mummified Hand":6,"infinitespire:Bottled Soul":10,"Toolbox":54,"hubris:ScarierMask":17,"hubris:IronBody":28,"Chemical X":0,"hubris:ChampionShield":40,"Runic Pyramid":17,"The Courier":9,"infinitespire:FocusingShard":40,"Omamori":29,"hubris:Towel":5,"Medical Kit":0,"MawBank":24,"White Beast Statue":55,"Mercury Hourglass":46,"Peace Pipe":10,"Strange Spoon":19,"Anchor":10,"CaptainsWheel":46,"hubris:Spice":9,"hubris:BundleOfHerbs":40,"infinitespire:Burning Sword":17,"Art of War":31,"Membership Card":11,"Bottled Lightning":9,"Toy Ornithopter":45,"infinitespire:Midas Blood":26,"hubris:BottledRain":0},{"infinitespire:BottledMercury":40,"Vajra":67,"Whetstone":85,"Boot":58,"Sozu":17,"Centennial Puzzle":15,"Lizard Tail":106,"infinitespire:ShieldingShard":41,"hubris:AstralHammer":51,"DollysMirror":51,"Prayer Wheel":16,"Kunai":98,"hubris:MobiusCoin":22,"Girya":86,"hubris:DuctTape":24,"Dead Branch":51,"Blue Candle":86,"Oddly Smooth Stone":66,"Letter Opener":28,"infinitespire:Magic Flask":93,"Question Card":28,"Akabeko":107,"hubris:Zylophone":38,"Du-Vu Doll":64,"Bottled Flame":8,"Molten Egg 2":12,"Pandora\u0027s Box":110,"Mark of Pain":45,"Black Star":60,"Unceasing Top":81,"Singing Bowl":108,"Magic Flower":5,"StoneCalendar":33,"Mango":48,"hubris:SlimyHat":0,"Bag of Preparation":51,"Burning Blood":0,"hubris:BlackHole":68,"Dream Catcher":64,"hubris:Icosahedron":39,"hubris:Backtick":93,"Mummified Hand":4,"infinitespire:Bottled Soul":34,"Toolbox":79,"hubris:ScarierMask":88,"hubris:IronBody":93,"Chemical X":0,"hubris:ChampionShield":20,"Runic Pyramid":37,"The Courier":33,"infinitespire:FocusingShard":72,"Omamori":42,"hubris:Towel":84,"Medical Kit":0,"MawBank":12,"White Beast Statue":27,"Mercury Hourglass":76,"Peace Pipe":57,"Strange Spoon":38,"Anchor":6,"CaptainsWheel":76,"hubris:Spice":56,"hubris:BundleOfHerbs":72,"infinitespire:Burning Sword":9,"Art of War":67,"Membership Card":6,"Bottled Lightning":107,"Toy Ornithopter":74,"infinitespire:Midas Blood":64,"hubris:BottledRain":100},{"infinitespire:BottledMercury":166,"Vajra":273,"Whetstone":310,"Boot":238,"Sozu":85,"Centennial Puzzle":78,"Lizard Tail":357,"infinitespire:ShieldingShard":171,"hubris:AstralHammer":215,"DollysMirror":215,"Prayer Wheel":81,"Kunai":324,"hubris:MobiusCoin":97,"Girya":311,"hubris:DuctTape":102,"Dead Branch":215,"Blue Candle":311,"Oddly Smooth Stone":269,"Letter Opener":120,"infinitespire:Magic Flask":318,"Question Card":120,"Akabeko":378,"hubris:Zylophone":160,"Du-Vu Doll":260,"Bottled Flame":46,"Molten Egg 2":70,"Pandora\u0027s Box":401,"Mark of Pain":190,"Black Star":247,"Unceasing Top":306,"Singing Bowl":387,"Magic Flower":34,"StoneCalendar":138,"Mango":205,"hubris:SlimyHat":0,"Bag of Preparation":215,"Burning Blood":0,"hubris:BlackHole":283,"Dream Catcher":260,"hubris:Icosahedron":163,"hubris:Backtick":318,"Mummified Hand":30,"infinitespire:Bottled Soul":142,"Toolbox":301,"hubris:ScarierMask":313,"hubris:IronBody":318,"Chemical X":0,"hubris:ChampionShield":92,"Runic Pyramid":157,"The Courier":138,"infinitespire:FocusingShard":287,"Omamori":177,"hubris:Towel":309,"Medical Kit":0,"MawBank":70,"White Beast Statue":114,"Mercury Hourglass":296,"Peace Pipe":235,"Strange Spoon":160,"Anchor":38,"CaptainsWheel":296,"hubris:Spice":233,"hubris:BundleOfHerbs":287,"infinitespire:Burning Sword":56,"Art of War":273,"Membership Card":38,"Bottled Lightning":378,"Toy Ornithopter":289,"infinitespire:Midas Blood":260,"hubris:BottledRain":329}],"Burning Blood":568},"card_choices":[{"not_picked":["True Grit","Iron Wave"],"picked":"Shrug It Off","floor":1},{"not_picked":["Thunderclap","Reckless Charge","Anger"],"picked":"SKIP","floor":5},{"not_picked":["Warcry","Battle Trance"],"picked":"Limit Break","floor":6},{"not_picked":["Perfected Strike","Wild Strike"],"picked":"Iron Wave","floor":8},{"not_picked":["Rupture","Searing Blow","Second Wind"],"picked":"Singing Bowl","floor":12},{"not_picked":["Iron Wave","Whirlwind","Infernal Blade"],"picked":"Singing Bowl","floor":14},{"not_picked":["Offering","Berserk"],"picked":"Limit Break","floor":16},{"not_picked":["Pommel Strike","Clash","Clothesline"],"picked":"Singing Bowl","floor":18},{"not_picked":["Rage+1","Heavy Blade","Cleave"],"picked":"Singing Bowl","floor":20}],"player_experience":1006383,"relics_obtained":[{"floor":6,"key":"Lizard Tail"},{"floor":8,"key":"Akabeko"},{"floor":9,"key":"Bottled Lightning"},{"floor":12,"key":"Singing Bowl"}],"event_choices":[{"damage_healed":0,"gold_gain":75,"player_choice":"Gold","damage_taken":11,"max_hp_gain":0,"max_hp_loss":0,"event_name":"betterThird:BetterGoop","floor":3,"gold_loss":0},{"damage_healed":0,"gold_gain":50,"player_choice":"Pray","damage_taken":0,"max_hp_gain":0,"max_hp_loss":0,"event_name":"Golden Shrine","floor":4,"gold_loss":0},{"damage_healed":0,"gold_gain":0,"player_choice":"Got Potions","damage_taken":0,"max_hp_gain":0,"max_hp_loss":0,"event_name":"Lab","floor":10,"gold_loss":0}],"is_beta":false,"boss_relics":[{"not_picked":["Velvet Choker","hubris:CrackedHourglass"],"picked":"Pandora\u0027s Box"}],"items_purged_floors":[0,2,19],"is_endless":false,"potions_floor_spawned":[6,8,16],"killed_by":"Slavers","ascension_level":20}}