{"host":"tnsigirk6wurdark","time":1609747036,"event":{"mods":["BaseMod","Highlight Path","Minty Spire (QoL Compilation)","Quick Restart","Relic Sorter","SuperFastMode","Synergy Search"],"gold_per_floor":[112,112,34,47,64,64,64,64,64,82,117,117,151,151,151,247,247,266,284,303,303,317,361,361,361,361,97,108,126,139,168,168,168,168],"floor_reached":33,"playtime":1465,"items_purged":["Strike_G"],"score":614,"play_id":"f84118ab-7f60-47f1-ac27-0bf6354d45ad","local_time":"20210104075716","is_ascension_mode":true,"campfire_choices":[{"data":"Accuracy","floor":6,"key":"SMITH"},{"data":"Blade Dance","floor":8,"key":"SMITH"},{"data":"Blade Dance","floor":12,"key":"SMITH"},{"floor":15,"key":"REST"},{"floor":25,"key":"REST"},{"data":"A Thousand Cuts","floor":32,"key":"SMITH"}],"circlet_count":0,"master_deck":["AscendersBane","Strike_G","Strike_G","Strike_G","Defend_G","Defend_G","Defend_G","Defend_G","Defend_G","Survivor","Neutralize","Blade Dance","Accuracy+1","Blade Dance+1","Blade Dance+1","Deflect","Phantasmal Killer","PiercingWail","Blade Dance","PiercingWail","Blade Dance","Blade Dance+1","Outmaneuver+1","A Thousand Cuts+1"],"relics":["Ring of the Snake","NeowsBlessing","Bloody Idol","Turnip","Lantern","Spirit Poop","Gremlin Horn","MutagenicStrength","Strawberry","Blood Vial","Happy Flower"],"acts_visited":["Exordium","TheCity"],"potions_floor_usage":[10,16,20,20,23,28,29,31,33],"damage_taken":[{"damage":0,"enemies":"Cultist","floor":1,"turns":1},{"damage":0,"enemies":"2 Louse","floor":4,"turns":1},{"damage":0,"enemies":"Jaw Worm","floor":5,"turns":1},{"damage":0,"enemies":"Large Slime","floor":10,"turns":1},{"damage":26,"enemies":"Gremlin Nob","floor":11,"turns":4},{"damage":15,"enemies":"Lagavulin","floor":13,"turns":5},{"damage":30,"enemies":"The Guardian","floor":16,"turns":10},{"damage":6,"enemies":"2 Thieves","floor":18,"turns":3},{"damage":0,"enemies":"Chosen","floor":19,"turns":3},{"damage":12,"enemies":"Centurion and Healer","floor":20,"turns":5},{"damage":14,"enemies":"Shelled Parasite and Fungi","floor":22,"turns":4},{"damage":0,"enemies":"Book of Stabbing","floor":23,"turns":3},{"damage":0,"enemies":"Sentry and Sphere","floor":28,"turns":1},{"damage":19,"enemies":"Snecko","floor":29,"turns":4},{"damage":0,"enemies":"3 Cultists","floor":30,"turns":2},{"damage":0,"enemies":"Gremlin Leader","floor":31,"turns":3},{"damage":80,"enemies":"Automaton","floor":33,"turns":6}],"seed_played":"5849628284154882485","potions_obtained":[{"floor":4,"key":"DuplicationPotion"},{"floor":13,"key":"FearPotion"},{"floor":16,"key":"SneckoOil"},{"floor":19,"key":"SkillPotion"},{"floor":20,"key":"Energy Potion"},{"floor":28,"key":"Poison Potion"},{"floor":31,"key":"Poison Potion"}],"is_trial":false,"path_per_floor":["M","?","$","M","M","R","?","R","T","M","E","R","E","?","R","B",null,"M","M","M","?","M","E","?","R","T","$","M","M","M","E","R","B"],"character_chosen":"THE_SILENT","items_purchased":["Accuracy","Blade Dance","CunningPotion","LiquidMemories"],"campfire_rested":2,"item_purchase_floors":[3,27,27,27],"current_hp_per_floor":[59,59,59,59,59,59,59,59,59,59,33,33,18,18,37,7,51,45,45,33,33,19,26,26,47,47,47,54,42,49,56,56,0,0],"gold":168,"neow_bonus":"THREE_ENEMY_KILL","is_daily":false,"chose_seed":false,"campfire_upgraded":4,"win_rate":0.0,"timestamp":1609747036,"path_taken":["M","?","?","M","M","R","?","R","T","?","E","R","E","?","R","BOSS","M","?","M","?","M","E","?","R","T","$","M","M","M","E","R","BOSS"],"items_purchased_type":["Card","Card","Potion","Potion"],"build_version":"2020-12-22","purchased_purges":1,"victory":false,"max_hp_per_floor":[66,66,66,66,66,66,66,66,66,66,66,66,66,66,66,66,66,66,66,66,66,66,73,73,73,73,73,73,73,73,73,73,73,73],"card_choices":[{"not_picked":["Slice","Flying Knee"],"picked":"Blade Dance","floor":1},{"not_picked":["Escape Plan","Flying Knee"],"picked":"Blade Dance","floor":4},{"not_picked":["Footwork","Masterful Stab","Predator"],"picked":"SKIP","floor":5},{"not_picked":["Flying Knee","Poisoned Stab"],"picked":"Blade Dance","floor":10},{"not_picked":["Night Terror","Underhanded Strike"],"picked":"Deflect","floor":11},{"not_picked":["Flying Knee","Dagger Spray","Blur"],"picked":"SKIP","floor":13},{"not_picked":["Night Terror","Grand Finale"],"picked":"Phantasmal Killer","floor":16},{"not_picked":["Acrobatics","Bouncing Flask"],"picked":"PiercingWail","floor":18},{"not_picked":["Bane","Acrobatics","Flying Knee+1"],"picked":"SKIP","floor":19},{"not_picked":["Dodge and Roll","Flechettes"],"picked":"Blade Dance","floor":20},{"not_picked":["Flying Knee","Acrobatics","Storm of Steel"],"picked":"SKIP","floor":22},{"not_picked":["Dagger Spray","Underhanded Strike+1"],"picked":"PiercingWail","floor":23},{"not_picked":["Dagger Spray","Poisoned Stab","Underhanded Strike"],"picked":"SKIP","floor":28},{"not_picked":["Well Laid Plans","Setup"],"picked":"Blade Dance+1","floor":29},{"not_picked":["Footwork","Cloak And Dagger"],"picked":"Outmaneuver+1","floor":30},{"not_picked":["Unload","Malaise"],"picked":"A Thousand Cuts","floor":31}],"player_experience":633283,"relics_obtained":[{"floor":9,"key":"Gremlin Horn"},{"floor":11,"key":"Turnip"},{"floor":13,"key":"Lantern"},{"floor":23,"key":"Strawberry"},{"floor":26,"key":"Blood Vial"},{"floor":31,"key":"Happy Flower"}],"event_choices":[{"cards_removed":["Strike_G"],"damage_healed":0,"gold_gain":0,"player_choice":"Purged","damage_taken":0,"max_hp_gain":0,"max_hp_loss":0,"event_name":"Purifier","floor":2,"gold_loss":0},{"damage_healed":0,"gold_gain":0,"player_choice":"Take Wound","damage_taken":0,"relics_obtained":["Golden Idol"],"max_hp_gain":0,"max_hp_loss":0,"event_name":"Golden Idol","floor":7,"gold_loss":0,"cards_obtained":["Injury"]},{"cards_removed":["Injury"],"damage_healed":0,"gold_gain":0,"player_choice":"Offered Curse","damage_taken":0,"relics_obtained":["Spirit Poop"],"max_hp_gain":0,"max_hp_loss":0,"event_name":"Bonfire Elementals","floor":14,"gold_loss":0},{"damage_healed":0,"gold_gain":0,"player_choice":"Inject Mutagens","damage_taken":0,"relics_obtained":["MutagenicStrength"],"max_hp_gain":0,"max_hp_loss":0,"event_name":"Drug Dealer","floor":21,"gold_loss":0},{"damage_healed":0,"gold_gain":0,"player_choice":"Gave Idol","damage_taken":0,"relics_obtained":["Bloody Idol"],"max_hp_gain":0,"max_hp_loss":0,"event_name":"Forgotten Altar","floor":24,"relics_lost":["Golden Idol"],"gold_loss":0}],"is_beta":false,"boss_relics":[{"not_picked":["Ring of the Serpent","Velvet Choker","Runic Pyramid"]}],"items_purged_floors":[27],"is_endless":false,"potions_floor_spawned":[4,13,16,19,20,28,31],"killed_by":"Automaton","ascension_level":14}}