{"host":"16bdbdkejmwbwkj8","time":1609764875,"event":{"mods":["BaseMod","Colored Map","Downfall","Minty Spire (QoL Compilation)","StSLib"],"gold_per_floor":[113,125,125,138,148,58,83,8,8,23,35,20,20,20,20,120,120,134,153,171,171,171,171,197,36,55,55,4,104,104,122,122,122,122,122],"floor_reached":33,"playtime":2251,"items_purged":["Slimebound:Strike_Slimebound","Regret"],"score":262,"play_id":"fa10809d-1503-4e2a-8aa8-03150ae66cfa","local_time":"20210104075435","is_ascension_mode":false,"campfire_choices":[{"data":"Slimebound:Split","floor":8,"key":"SMITH"},{"data":"Slimebound:LevelUp","floor":13,"key":"SMITH"},{"data":"Slimebound:PrepareCrush","floor":15,"key":"SMITH"},{"data":"Slimebound:MinionMaster","floor":23,"key":"SMITH"},{"data":"Slimebound:SplitBruiser","floor":30,"key":"SMITH"},{"floor":32,"key":"REST"}],"circlet_count":0,"master_deck":["Slimebound:Tackle","Slimebound:Defend_Slimebound+1","Slimebound:Defend_Slimebound","Slimebound:Defend_Slimebound+1","Slimebound:Defend_Slimebound","Slimebound:Split+1","Slimebound:CorrosiveSpit","Slimebound:SplitMire","Slimebound:SlimeSpikes","Slimebound:PressTheAttack","Slimebound:PressTheAttack","Slimebound:RejuvenatingLick","Slimebound:SplitAcid+1","Slimebound:SplitBruiser","Slimebound:PrepareCrush+1","Slimebound:LevelUp+1","Slimebound:MinionMaster+1","Slimebound:SlimeSpikes","Slimebound:LeechingTouch","Slimebound:MegaLick","Necronomicurse","Slimebound:LivingWall","Slimebound:DivideAndConquer","Slimebound:SlimeSpikes","Bite","Bite","Bite","Bite","Bite","Slimebound:SplitBruiser+1","Slimebound:Equalize","Slimebound:Equalize"],"relics":["Slimebound:AbsorbEndCombat","downfall:HeartBlessingBlue","Slimebound:TarBlob","Necronomicon","Omamori"],"acts_visited":["Exordium","TheCity"],"potions_floor_usage":[12,16,25,28,28],"damage_taken":[{"damage":8,"enemies":"Small Slimes","floor":1,"turns":3},{"damage":9,"enemies":"Jaw Worm","floor":2,"turns":4},{"damage":8,"enemies":"2 Louse","floor":4,"turns":2},{"damage":17,"enemies":"Exordium Wildlife","floor":5,"turns":5},{"damage":13,"enemies":"downfall:FleeingMerchant","floor":6,"turns":4},{"damage":18,"enemies":"Lots of Slimes","floor":10,"turns":2},{"damage":32,"enemies":"Exordium Thugs","floor":11,"turns":3},{"damage":25,"enemies":"downfall:FleeingMerchant","floor":12,"turns":4},{"damage":66,"enemies":"downfall:Defect","floor":16,"turns":5},{"damage":28,"enemies":"Shell Parasite","floor":18,"turns":4},{"damage":14,"enemies":"Spheric Guardian","floor":19,"turns":3},{"damage":30,"enemies":"Cultist and Chosen","floor":20,"turns":3},{"damage":30,"enemies":"downfall:FleeingMerchant","floor":25,"turns":4},{"damage":23,"enemies":"Centurion and Healer","floor":26,"turns":5},{"damage":29,"enemies":"downfall:FleeingMerchant","floor":28,"turns":4},{"damage":60,"enemies":"Shelled Parasite and Fungi","floor":31,"turns":6},{"damage":47,"enemies":"downfall:Silent","floor":33,"turns":2}],"seed_played":"7735079816397774828","potions_obtained":[{"floor":1,"key":"LiquidMemories"},{"floor":4,"key":"Block Potion"},{"floor":11,"key":"Slimebound:SpawnSlimePotion"},{"floor":16,"key":"Slimebound:ThreeZeroPotion"},{"floor":20,"key":"AttackPotion"},{"floor":31,"key":"LiquidBronze"}],"is_trial":false,"path_per_floor":["M","M","?","M","M","$","T","R","?","M","M","$","R","?","R","B",null,"M","M","M","?","?","R","T","$","M","?","$","?","R","M","R","B"],"character_chosen":"SLIMEBOUND","items_purchased":["Slimebound:DivideAndConquer","Slimebound:Equalize"],"campfire_rested":1,"item_purchase_floors":[25,28],"current_hp_per_floor":[60,60,60,60,58,59,59,69,69,63,57,60,60,60,60,18,70,62,62,66,66,50,50,50,38,43,43,49,49,49,19,33,0,0,0],"gold":122,"neow_bonus":"THREE_CARDS","is_daily":false,"chose_seed":false,"campfire_upgraded":5,"win_rate":0.0,"timestamp":1609764875,"path_taken":["M","M","?","M","M","$","T","R","?","M","M","$","R","?","R","BOSS","M","M","M","?","?","R","T","$","M","?","$","?","R","M","R","BOSS"],"items_purchased_type":["Card","Card"],"build_version":"2020-12-22","purchased_purges":2,"victory":false,"max_hp_per_floor":[60,60,60,60,60,60,60,70,70,70,70,70,70,70,70,70,70,70,70,70,70,70,70,70,70,70,49,49,49,49,49,49,49,49,49],"card_choices":[{"not_picked":["Slimebound:Replication","Slimebound:Prepare"],"picked":"Slimebound:SplitMire","floor":0},{"not_picked":["Slimebound:Dissolve","Slimebound:SpikyOuterGoop"],"picked":"Slimebound:SlimeSpikes","floor":1},{"not_picked":["Slimebound:SlimeSpikes","Slimebound:FormOfPuddle"],"picked":"Slimebound:PressTheAttack","floor":2},{"not_picked":["Slimebound:LeechEnergy","Slimebound:ViciousTackle"],"picked":"Slimebound:PressTheAttack","floor":4},{"not_picked":["Slimebound:SplitMire","Slimebound:ViciousTackle"],"picked":"Slimebound:RejuvenatingLick","floor":5},{"not_picked":["Slimebound:GrowthPunch","Slimebound:RollThrough"],"picked":"Slimebound:SplitAcid","floor":6},{"not_picked":["Slimebound:DivideAndConquer","Slimebound:FormOfPuddle"],"picked":"Slimebound:SplitBruiser","floor":10},{"not_picked":["Slimebound:GrowthPunch","Slimebound:MegaLick"],"picked":"Slimebound:PrepareCrush","floor":11},{"not_picked":["Slimebound:ServeAndProtect","Slimebound:SlimeSpikes"],"picked":"Slimebound:LevelUp","floor":12},{"not_picked":["Slimebound:DouseInSlime","Slimebound:OneTwoCombo"],"picked":"Slimebound:MinionMaster","floor":16},{"not_picked":["Slimebound:ComboTackle","Slimebound:GrowthPunch+1"],"picked":"Slimebound:SlimeSpikes","floor":18},{"not_picked":["Slimebound:Dissolve+1","Slimebound:SlimeBrawl"],"picked":"Slimebound:LeechingTouch","floor":19},{"not_picked":["Slimebound:OneTwoCombo","Slimebound:SlimeSpikes"],"picked":"Slimebound:MegaLick","floor":20},{"not_picked":["Slimebound:GrowthPunch","Slimebound:RollThrough"],"picked":"Slimebound:LivingWall","floor":25},{"not_picked":["Slimebound:Prepare","Slimebound:HauntingLick+1"],"picked":"Slimebound:SlimeSpikes","floor":26},{"not_picked":["Slimebound:BestDefense+1","Slimebound:SlimeSlap"],"picked":"Slimebound:SplitBruiser","floor":28},{"not_picked":["Slimebound:ComboTackle","Slimebound:SplitAcid"],"picked":"Slimebound:Equalize","floor":31}],"player_experience":103121,"relics_obtained":[{"floor":22,"key":"Necronomicon"},{"floor":24,"key":"Omamori"}],"event_choices":[{"damage_healed":0,"gold_gain":0,"player_choice":"Ignored","damage_taken":0,"max_hp_gain":0,"max_hp_loss":0,"event_name":"Ghosts","floor":21,"gold_loss":0},{"damage_healed":0,"gold_gain":0,"player_choice":"Became a vampire","damage_taken":0,"max_hp_gain":0,"max_hp_loss":21,"event_name":"Vampires","floor":27,"gold_loss":0,"cards_obtained":["Bite","Bite","Bite","Bite","Bite"]}],"is_beta":false,"boss_relics":[{"not_picked":["Cursed Key","Calling Bell"],"picked":"Slimebound:TarBlob"}],"items_purged_floors":[6,25],"is_endless":false,"potions_floor_spawned":[1,4,11,16,20,31],"killed_by":"downfall:Silent","ascension_level":0}}