{"host":"56ghxnzsglgdq727","time":1609727123,"event":{"mods":["AchievementEnabler","BaseMod","Downfall","Minty Spire (QoL Compilation)","StSLib"],"gold_per_floor":[199,212,212,212,212,224,301,301,329,353,353,353,353,58,76,179,179,179,179,279,172,196,196,196,196],"floor_reached":23,"playtime":1383,"items_purged":["hexamod:Defend","hexamod:Defend"],"score":177,"play_id":"a99d7255-a982-40fa-91b3-e618d3db0042","local_time":"20210103212523","is_ascension_mode":false,"campfire_choices":[{"data":"hexamod:Float","floor":1,"key":"SMITH"},{"data":"hexamod:EtherealExpedition","floor":11,"key":"SMITH"},{"floor":13,"key":"REST"},{"data":"hexamod:EtherealExpedition","floor":18,"key":"SMITH"}],"circlet_count":0,"master_deck":["hexamod:Strike","hexamod:Sear","hexamod:Float+1","hexamod:ChargedBarrage","hexamod:SecondSeal","hexamod:FirstSeal","hexamod:HeatShield","hexamod:EtherealExpedition+1","hexamod:SearingWound+1","hexamod:PhantomFireball+1","hexamod:EtherealExpedition+1","hexamod:SixthSeal","hexamod:EtherealExpedition"],"relics":["hexamod:SpiritBrand","Ornamental Fan","Empty Cage"],"acts_visited":["Exordium","TheCity"],"potions_floor_usage":[14,16,16],"damage_taken":[{"damage":5,"enemies":"Jaw Worm","floor":2,"turns":3},{"damage":0,"enemies":"Cultist","floor":4,"turns":1},{"damage":2,"enemies":"Small Slimes","floor":6,"turns":3},{"damage":14,"enemies":"2 Fungi Beasts","floor":9,"turns":4},{"damage":12,"enemies":"Exordium Wildlife","floor":10,"turns":5},{"damage":5,"enemies":"downfall:FleeingMerchant","floor":14,"turns":4},{"damage":16,"enemies":"Large Slime","floor":15,"turns":5},{"damage":29,"enemies":"downfall:Watcher","floor":16,"turns":6},{"damage":9,"enemies":"downfall:FleeingMerchant","floor":21,"turns":4},{"damage":26,"enemies":"Shell Parasite","floor":22,"turns":7},{"damage":27,"enemies":"Gremlin Leader","floor":23,"turns":4}],"seed_played":"1647442922269786209","potions_obtained":[{"floor":9,"key":"DuplicationPotion"},{"floor":10,"key":"hexamod:DoubleChargePotion"},{"floor":15,"key":"Energy Potion"},{"floor":16,"key":"SteroidPotion"}],"is_trial":false,"path_per_floor":["R","M","?","M","?","M","T","?","M","M","R","?","R","$","M","B",null,"R","?","?","$","M","E"],"character_chosen":"THE_SPIRIT","items_purchased":["hexamod:SearingWound","hexamod:PhantomFireball"],"campfire_rested":1,"item_purchase_floors":[14,14],"current_hp_per_floor":[70,65,65,65,65,63,63,56,49,44,44,44,65,67,58,29,70,70,70,70,68,49,22,22,22],"gold":196,"neow_bonus":"HUNDRED_GOLD","is_daily":false,"chose_seed":false,"campfire_upgraded":3,"win_rate":0.0,"timestamp":1609727123,"path_taken":["R","M","?","M","?","?","T","?","M","M","R","?","R","$","M","BOSS","R","?","?","$","M","E"],"items_purchased_type":["Card","Card"],"build_version":"2020-12-22","purchased_purges":2,"victory":false,"max_hp_per_floor":[70,70,70,70,70,70,70,70,70,70,70,70,70,70,70,70,70,70,70,70,70,70,70,70,70],"card_choices":[{"not_picked":["hexamod:BacktrackSmack","hexamod:GhostShield","hexamod:SwordOfDarkness"],"picked":"SKIP","floor":2},{"not_picked":["hexamod:RecurringNightmare","hexamod:SpectralAdrenaline"],"picked":"hexamod:ChargedBarrage","floor":4},{"not_picked":["hexamod:GhostflameBarrier","hexamod:NightmareStrike"],"picked":"hexamod:SecondSeal","floor":6},{"not_picked":["hexamod:HauntingEcho","hexamod:GhostOfSpirePresent"],"picked":"hexamod:HeatShield","floor":9},{"not_picked":["hexamod:GhostLash","hexamod:Firestarter"],"picked":"hexamod:EtherealExpedition","floor":10},{"not_picked":["hexamod:NightmareGuise","hexamod:Hexaguard","hexamod:SpectersWail"],"picked":"SKIP","floor":14},{"not_picked":["hexamod:BacktrackSmack","hexamod:ThermalTransfer"],"picked":"hexamod:EtherealExpedition","floor":15},{"not_picked":["hexamod:EmpoweringStance","hexamod:CrushingStance"],"picked":"hexamod:SixthSeal","floor":16},{"not_picked":["hexamod:Hexaguard","hexamod:NightmareGuise+1"],"picked":"hexamod:EtherealExpedition","floor":21},{"not_picked":["hexamod:NightmareGuise","hexamod:FastForward","hexamod:SpectersWail"],"picked":"SKIP","floor":22}],"player_experience":115088,"relics_obtained":[{"floor":7,"key":"Ornamental Fan"}],"event_choices":[{"cards_removed":["hexamod:Strike"],"damage_healed":0,"gold_gain":0,"player_choice":"Purged","damage_taken":0,"max_hp_gain":0,"max_hp_loss":0,"event_name":"Purifier","floor":5,"gold_loss":0},{"cards_removed":["hexamod:Strike"],"damage_healed":0,"gold_gain":0,"player_choice":"Elegance","damage_taken":0,"max_hp_gain":0,"max_hp_loss":0,"event_name":"Back to Basics","floor":19,"gold_loss":0}],"is_beta":false,"boss_relics":[{"not_picked":["Calling Bell","Coffee Dripper"],"picked":"Empty Cage"}],"items_purged_floors":[14,21],"is_endless":false,"potions_floor_spawned":[9,10,15,16],"killed_by":"Gremlin Leader","ascension_level":0}}