{"host":"w3q5ijqu8eoknil3","time":1609738765,"event":{"mods":["AchievementEnabler","BaseMod","Block Reminder","Colored Powertips","Minty Spire (QoL Compilation)","Quick Restart","Relic Stats","ojb\u0027s Better Paths Mod","ojb\u0027s Info Mod","slay the spire mod where everything is the same but ironclad has a cowboy hat"],"gold_per_floor":[114,264,264,189,114,141,159,185,233,233,233,263,278,295,295,366,366,382,1,1,1,14,49,49,76,76,76,94,110,110,126,126,203,203,216,61,61,61],"floor_reached":37,"playtime":1435,"items_purged":["Doubt"],"score":1041,"play_id":"c83dc644-7fd0-4534-ab05-bd157f2da981","local_time":"20210104053925","is_ascension_mode":true,"campfire_choices":[{"data":"Bouncing Flask","floor":11,"key":"SMITH"},{"data":"Catalyst","floor":15,"key":"SMITH"},{"data":"Venomology","floor":24,"key":"SMITH"},{"floor":32,"key":"REST"}],"circlet_count":0,"master_deck":["AscendersBane","Survivor","Neutralize","Calculated Gamble","Bouncing Flask+1","Dagger Spray","Noxious Fumes+1","Backflip","Catalyst+1","Blur","Burst","Catalyst","Acrobatics","Masterful Stab","Predator","Venomology+1","Backflip","Backflip","Acrobatics+1","Leg Sweep","Dash+1","Predator","PiercingWail","PiercingWail","Adrenaline"],"relics":["Ring of the Snake","NeowsBlessing","Oddly Smooth Stone","Thread and Needle","Lantern","Bronze Scales","Pandora\u0027s Box","Strange Spoon","Akabeko","Enchiridion","Omamori","Boot","Pantograph","GremlinMask","Empty Cage","Potion Belt"],"acts_visited":["TheCity","TheBeyond"],"potions_floor_usage":[8,8,8,18,18,23,23,25,25,28,28,29,29,30,30,31,31,33,35,37],"damage_taken":[{"damage":0,"enemies":"Jaw Worm","floor":1,"turns":1},{"damage":0,"enemies":"Gremlin Nob","floor":6,"turns":1},{"damage":0,"enemies":"2 Louse","floor":7,"turns":1},{"damage":10,"enemies":"3 Sentries","floor":8,"turns":7},{"damage":11,"enemies":"Lagavulin","floor":12,"turns":5},{"damage":0,"enemies":"Small Slimes","floor":13,"turns":3},{"damage":5,"enemies":"2 Fungi Beasts","floor":14,"turns":3},{"damage":14,"enemies":"The Guardian","floor":16,"turns":6},{"damage":0,"enemies":"Shell Parasite","floor":18,"turns":2},{"damage":0,"enemies":"Spheric Guardian","floor":22,"turns":2},{"damage":0,"enemies":"Slavers","floor":23,"turns":4},{"damage":0,"enemies":"Gremlin Leader","floor":25,"turns":3},{"damage":0,"enemies":"Snake Plant","floor":28,"turns":3},{"damage":6,"enemies":"Centurion and Healer","floor":29,"turns":2},{"damage":22,"enemies":"Slavers","floor":30,"turns":3},{"damage":7,"enemies":"Snecko","floor":31,"turns":5},{"damage":0,"enemies":"Champ","floor":33,"turns":4},{"damage":10,"enemies":"Orb Walker","floor":35,"turns":3},{"damage":60,"enemies":"2 Orb Walkers","floor":37,"turns":7}],"seed_played":"8033305072436848641","potions_obtained":[{"floor":6,"key":"Fire Potion"},{"floor":7,"key":"EntropicBrew"},{"floor":13,"key":"PowerPotion"},{"floor":23,"key":"DuplicationPotion"},{"floor":25,"key":"Explosive Potion"},{"floor":28,"key":"LiquidBronze"},{"floor":35,"key":"Ancient Potion"}],"is_trial":false,"path_per_floor":["M","?","?","$","?","E","M","E","T","?","R","E","M","M","R","B",null,"M","$","?","?","M","E","R","E","T","?","M","M","E","M","R","B",null,"M","$","?"],"character_chosen":"THE_SILENT","items_purchased":["Strange Spoon","Akabeko","Leg Sweep","Potion Belt"],"campfire_rested":1,"item_purchase_floors":[19,19,19,36],"current_hp_per_floor":[59,59,64,64,64,64,64,54,54,54,54,43,43,38,38,24,59,59,59,38,38,38,38,38,38,38,38,38,32,10,3,24,49,66,56,56,0,0],"gold":61,"neow_bonus":"THREE_ENEMY_KILL","is_daily":false,"chose_seed":false,"campfire_upgraded":3,"win_rate":0.0,"timestamp":1609738765,"path_taken":["M","?","?","$","?","E","M","E","T","?","R","E","M","M","R","BOSS","M","$","?","?","?","E","R","E","T","?","M","M","E","?","R","BOSS","M","$","?"],"items_purchased_type":["Relic","Relic","Card","Relic"],"build_version":"2020-12-22","purchased_purges":1,"victory":false,"max_hp_per_floor":[66,66,71,71,71,71,71,71,71,71,71,71,71,71,71,71,71,71,71,71,71,71,71,71,71,71,71,71,71,71,71,71,71,71,71,71,71,71],"relic_stats":{"Strange Spoon":[18],"counters":[19,65],"Bronze Scales":[133],"Pantograph":25,"Pandora\u0027s Box":["Catalyst","Underhanded Strike","Acrobatics","Masterful Stab","Predator","Venomology","Backflip","Infinite Blades","Backflip"],"Boot":[27],"obtain_stats":[{"Potion Belt":36,"Lantern":9,"NeowsBlessing":0,"Oddly Smooth Stone":6,"Enchiridion":20,"Thread and Needle":8,"GremlinMask":27,"Omamori":23,"Boot":25,"Empty Cage":34,"Akabeko":19,"Strange Spoon":19,"Bronze Scales":12,"Pantograph":26,"Pandora\u0027s Box":17,"Ring of the Snake":0},{"Potion Belt":18,"Lantern":4,"NeowsBlessing":0,"Oddly Smooth Stone":2,"Enchiridion":9,"Thread and Needle":4,"GremlinMask":12,"Omamori":11,"Boot":12,"Empty Cage":17,"Akabeko":9,"Strange Spoon":9,"Bronze Scales":5,"Pantograph":12,"Pandora\u0027s Box":8,"Ring of the Snake":0},{"Potion Belt":58,"Lantern":10,"NeowsBlessing":0,"Oddly Smooth Stone":2,"Enchiridion":29,"Thread and Needle":10,"GremlinMask":38,"Omamori":35,"Boot":38,"Empty Cage":55,"Akabeko":29,"Strange Spoon":29,"Bronze Scales":15,"Pantograph":38,"Pandora\u0027s Box":27,"Ring of the Snake":0}],"Ring of the Snake":[38]},"card_choices":[{"not_picked":["Dagger Throw","Slice"],"picked":"Calculated Gamble","floor":1},{"not_picked":["All Out Attack","PiercingWail"],"picked":"Bouncing Flask","floor":6},{"not_picked":["Riddle With Holes","Deflect"],"picked":"Dagger Spray","floor":7},{"not_picked":["Eviscerate","Dodge and Roll"],"picked":"Noxious Fumes","floor":8},{"not_picked":["Acrobatics","Slice"],"picked":"Backflip","floor":12},{"not_picked":["Crippling Poison","Deadly Poison"],"picked":"Catalyst","floor":13},{"not_picked":["Acrobatics","Quick Slash"],"picked":"Blur","floor":14},{"not_picked":["Wraith Form v2","Bullet Time"],"picked":"Burst","floor":16},{"not_picked":["Blade Dance","Poisoned Stab"],"picked":"Acrobatics+1","floor":18},{"not_picked":["Slice","Poisoned Stab"],"picked":"Dash+1","floor":22},{"not_picked":["Prepared","Bane","Dagger Throw"],"picked":"SKIP","floor":23},{"not_picked":["Cloak And Dagger","Dodge and Roll","Grand Finale"],"picked":"SKIP","floor":25},{"not_picked":["Eviscerate","Slice"],"picked":"Predator","floor":28},{"not_picked":["Acrobatics","Dagger Spray"],"picked":"PiercingWail","floor":29},{"not_picked":["Backflip","Tactician"],"picked":"PiercingWail","floor":31},{"not_picked":["Unload","Doppelganger"],"picked":"Adrenaline","floor":33},{"not_picked":["Distraction","Backflip","Prepared"],"picked":"SKIP","floor":35}],"player_experience":944031,"relics_obtained":[{"floor":6,"key":"Oddly Smooth Stone"},{"floor":8,"key":"Thread and Needle"},{"floor":9,"key":"Lantern"},{"floor":12,"key":"Bronze Scales"},{"floor":20,"key":"Enchiridion"},{"floor":23,"key":"Omamori"},{"floor":25,"key":"Boot"},{"floor":26,"key":"Pantograph"}],"event_choices":[{"damage_healed":0,"gold_gain":150,"player_choice":"AGREE","damage_taken":0,"max_hp_gain":0,"max_hp_loss":0,"event_name":"Liars Game","floor":2,"gold_loss":0,"cards_obtained":["Doubt"]},{"damage_healed":0,"gold_gain":0,"player_choice":"Donut","damage_taken":0,"max_hp_gain":5,"max_hp_loss":0,"event_name":"Big Fish","floor":3,"gold_loss":0},{"cards_removed":["Strike_G"],"damage_healed":0,"gold_gain":0,"player_choice":"Card Removal","damage_taken":0,"max_hp_gain":0,"max_hp_loss":0,"event_name":"The Cleric","floor":5,"gold_loss":75},{"damage_healed":0,"gold_gain":0,"player_choice":"Upgraded","damage_taken":0,"max_hp_gain":0,"max_hp_loss":0,"event_name":"Upgrade Shrine","floor":10,"gold_loss":0,"cards_upgraded":["Noxious Fumes"]},{"damage_healed":0,"gold_gain":0,"player_choice":"Obtained Book","damage_taken":21,"max_hp_gain":0,"max_hp_loss":0,"event_name":"Cursed Tome","floor":20,"gold_loss":0},{"damage_healed":0,"gold_gain":0,"player_choice":"Ignored","damage_taken":0,"max_hp_gain":0,"max_hp_loss":0,"event_name":"Ghosts","floor":21,"gold_loss":0},{"damage_healed":0,"gold_gain":0,"player_choice":"Trade","damage_taken":0,"relics_obtained":["GremlinMask"],"max_hp_gain":0,"max_hp_loss":0,"event_name":"FaceTrader","floor":27,"gold_loss":0},{"damage_healed":0,"gold_gain":0,"player_choice":"Fight","damage_taken":0,"max_hp_gain":0,"max_hp_loss":0,"event_name":"Mysterious Sphere","floor":37,"gold_loss":0}],"is_beta":false,"boss_relics":[{"not_picked":["Ring of the Serpent","Snecko Eye"],"picked":"Pandora\u0027s Box"},{"not_picked":["Velvet Choker","Tiny House"],"picked":"Empty Cage"}],"items_purged_floors":[4],"is_endless":false,"potions_floor_spawned":[6,7,13,23,25,28,35],"killed_by":"2 Orb Walkers","ascension_level":15}}