{"host":"hn99riirbf0lv0ml","time":1609798335,"event":{"mods":["AchievementEnabler","Act Like it!","BaseMod","Colored Map","Colored Powertips","Downfall","Duelist Mod","Friendly Minions","Gensokyo","GifTheSpireLib","Jorbs\u0027s Wanderer Trilogy","Marisa????????","Minty Spire (QoL Compilation)","Rare Cards Sparkle","StSLib","The Animator","The Bug Knight","The Cursed","The Runesmith","The Servant 0.9.4"],"gold_per_floor":[119,131,131,141,152,152,152,27,53,10,10,21,21,40,40,40,40],"floor_reached":16,"playtime":2159,"items_purged":["Defend_B"],"score":92,"play_id":"a4fd7be8-8100-4d92-841a-6ffb5441fae3","local_time":"20210104171215","is_ascension_mode":false,"campfire_choices":[{"floor":6.0,"key":"REST"},{"floor":15,"key":"REST"}],"circlet_count":0,"master_deck":["Strike_B+1","Strike_B","Strike_B","Strike_B","Defend_B","Defend_B","Zap","Dualcast","Creative AI+1","Sweeping Beam","Go for the Eyes","Glacier","Force Field","Stack","Reprogram","Turbo","Leap"],"relics":["Cracked Core","Nunchaku","Juzu Bracelet"],"acts_visited":["Exordium"],"potions_floor_usage":[14,14,16],"damage_taken":[{"damage":10.0,"enemies":"Small Slimes","floor":1.0,"turns":3.0},{"damage":5.0,"enemies":"2 Louse","floor":2.0,"turns":2.0},{"damage":5.0,"enemies":"Jaw Worm","floor":4.0,"turns":3.0},{"damage":1.0,"enemies":"Large Slime","floor":5.0,"turns":7.0},{"damage":7,"enemies":"3 Louse","floor":12,"turns":3},{"damage":22,"enemies":"Lots of Slimes","floor":14,"turns":4},{"damage":29,"enemies":"Slime Boss","floor":16,"turns":15}],"seed_played":"2094153788895113874","potions_obtained":[{"floor":1.0,"key":"Slimebound:ThreeZeroPotion"},{"floor":2.0,"key":"LiquidMemories"},{"floor":5.0,"key":"Strength Potion"}],"is_trial":false,"path_per_floor":["M","M","?","M","M","R","?","$","T","?","?","M","?","M","R","B"],"character_chosen":"DEFECT","items_purchased":["Stack"],"campfire_rested":2,"item_purchase_floors":[8],"current_hp_per_floor":[44,39,24,19,18,40,40,40,40,40,40,33,26,4,26,0,0],"gold":40,"neow_bonus":"THREE_RARE_CARDS","is_daily":false,"chose_seed":false,"campfire_upgraded":0,"win_rate":0.0,"timestamp":1609798335,"path_taken":["M","M","?","M","M","R","?","$","T","?","?","?","?","M","R","BOSS"],"items_purchased_type":["Card"],"build_version":"2020-12-22","purchased_purges":1,"victory":false,"max_hp_per_floor":[75,75,75,75,75,75,75,75,75,75,75,75,75,75,75,75,75],"card_choices":[{"not_picked":["Seek","Thunder Strike"],"picked":"Creative AI","floor":0.0},{"not_picked":["Loop","Blizzard"],"picked":"Sweeping Beam","floor":1.0},{"not_picked":["Redo","Gash"],"picked":"Go for the Eyes","floor":2.0},{"not_picked":["Coolheaded","Cold Snap"],"picked":"Glacier","floor":4.0},{"not_picked":["Heatsinks","Gash"],"picked":"Force Field","floor":5.0},{"not_picked":["Stack","Sweeping Beam"],"picked":"Turbo","floor":12},{"not_picked":["Skim","Coolheaded"],"picked":"Leap","floor":14}],"player_experience":106650,"relics_obtained":[{"floor":9.0,"key":"Nunchaku"}],"event_choices":[{"damage_healed":0.0,"max_hp_gain":0.0,"max_hp_loss":0.0,"gold_gain":0.0,"event_name":"Shining Light","player_choice":"Entered Light","floor":3.0,"gold_loss":0.0,"damage_taken":15.0,"cards_upgraded":["Strike_B","Creative AI"]},{"damage_healed":0.0,"max_hp_gain":0.0,"max_hp_loss":0.0,"gold_gain":0.0,"event_name":"Golden Idol","player_choice":"Ignored","floor":7.0,"gold_loss":0.0,"damage_taken":0.0},{"damage_healed":0.0,"max_hp_gain":0.0,"max_hp_loss":0.0,"gold_gain":0.0,"event_name":"World of Goop","player_choice":"Left Gold","floor":10.0,"gold_loss":43.0,"damage_taken":0.0},{"damage_healed":0.0,"max_hp_gain":0.0,"max_hp_loss":0.0,"gold_gain":0.0,"cards_transformed":["Defend_B"],"event_name":"Living Wall","player_choice":"Change","floor":11.0,"gold_loss":0.0,"damage_taken":0.0,"cards_obtained":["Reprogram"]},{"damage_healed":0,"gold_gain":0,"player_choice":"Success","damage_taken":7,"relics_obtained":["Juzu Bracelet"],"max_hp_gain":0,"max_hp_loss":0,"event_name":"Scrap Ooze","floor":13,"gold_loss":0}],"is_beta":false,"boss_relics":[],"items_purged_floors":[8],"is_endless":false,"potions_floor_spawned":[1,2,5],"killed_by":"Slime Boss","ascension_level":0}}