{"host":"mi1ox2k6wy3juh8w","time":1609753576,"event":{"mods":["AchievementEnabler","BaseMod","Colored Map","GifTheSpireLib","Minty Spire (QoL Compilation)","StSLib","SuperFastMode"],"gold_per_floor":[115,127,127,52,72,72,72,72,72,22,22,36,36,36,36,141,141,156,174,30,46,57,57,85,85,85,85,85],"floor_reached":27,"playtime":812,"items_purged":["Strike_P"],"score":369,"play_id":"76444cd2-2ed0-4862-bb0d-a8f9611c8c26","local_time":"20210104184616","is_ascension_mode":true,"campfire_choices":[{"data":"Adaptation","floor":6.0,"key":"SMITH"},{"data":"Eruption","floor":8.0,"key":"SMITH"},{"data":"SandsOfTime","floor":11.0,"key":"SMITH"},{"data":"DevaForm","floor":13.0,"key":"SMITH"},{"data":"Vigilance","floor":15.0,"key":"SMITH"},{"floor":23.0,"key":"REST"},{"floor":25.0,"key":"REST"}],"circlet_count":0,"master_deck":["AscendersBane","Strike_P","Defend_P+1","Defend_P+1","Eruption+1","Vigilance+1","DevaForm+1","Adaptation+1","SandsOfTime+1","LessonLearned+1","MentalFortress"],"relics":["PureWater","Bird Faced Urn","Sozu","TheAbacus","Dream Catcher","TeardropLocket"],"acts_visited":["Exordium","TheCity"],"potions_floor_usage":[27],"damage_taken":[{"damage":5.0,"enemies":"2 Louse","floor":1.0,"turns":3.0},{"damage":3.0,"enemies":"Small Slimes","floor":2.0,"turns":5.0},{"damage":0.0,"enemies":"Cultist","floor":5.0,"turns":2.0},{"damage":11.0,"enemies":"Exordium Wildlife","floor":12.0,"turns":3.0},{"damage":26.0,"enemies":"Slime Boss","floor":16.0,"turns":6.0},{"damage":2.0,"enemies":"Chosen","floor":18.0,"turns":4.0},{"damage":35.0,"enemies":"3 Byrds","floor":19.0,"turns":5.0},{"damage":13.0,"enemies":"Centurion and Healer","floor":21.0,"turns":4.0},{"damage":0.0,"enemies":"3 Cultists","floor":22.0,"turns":4.0},{"damage":0.0,"enemies":"Gremlin Leader","floor":24.0,"turns":5.0},{"damage":74,"enemies":"Slavers","floor":27,"turns":5}],"seed_played":"5202029472074278793","potions_obtained":[{"floor":1.0,"key":"ColorlessPotion"},{"floor":2.0,"key":"DistilledChaos"},{"floor":12.0,"key":"Regen Potion"}],"is_trial":false,"path_per_floor":["M","M","?","$","M","R","?","R","T","?","R","M","R","$","R","B",null,"M","M","$","M","M","R","E","R","T","E"],"character_chosen":"WATCHER","items_purchased":["TheAbacus"],"campfire_rested":2,"item_purchase_floors":[20],"current_hp_per_floor":[60,57,50,50,50,50,50,50,50,50,50,41,41,41,41,19,59,61,41,41,34,40,61,67,72,72,0,0],"gold":85,"neow_bonus":"TRANSFORM_CARD","is_daily":false,"chose_seed":false,"campfire_upgraded":5,"win_rate":0.0,"timestamp":1609753576,"path_taken":["M","M","?","$","M","R","?","R","T","?","R","M","R","?","R","BOSS","M","M","$","M","M","R","E","R","T","E"],"items_purchased_type":["Relic"],"build_version":"2020-12-22","purchased_purges":1,"victory":false,"max_hp_per_floor":[72,72,72,72,72,72,72,72,72,72,72,72,72,72,72,72,72,72,72,72,72,72,72,72,72,72,72,72],"card_choices":[{"not_picked":["Perseverance","ClearTheMind"],"picked":"Adaptation","floor":1.0},{"not_picked":["EmptyFist","CrushJoints"],"picked":"SandsOfTime","floor":2.0},{"not_picked":["Halt","Consecrate","CrushJoints"],"picked":"SKIP","floor":5.0},{"not_picked":["Pray","Study","ThirdEye"],"picked":"SKIP","floor":12.0},{"not_picked":["Pray","Study","ThirdEye"],"picked":"SKIP","floor":12.0},{"not_picked":["Pray","Study","ThirdEye"],"picked":"SKIP","floor":12.0},{"not_picked":["DevaForm","Establishment"],"picked":"LessonLearned","floor":16.0},{"not_picked":["CutThroughFate","FlyingSleeves"],"picked":"MentalFortress","floor":18.0},{"not_picked":["Halt","ClearTheMind","EmptyFist"],"picked":"SKIP","floor":19.0},{"not_picked":["Wallop","BowlingBash","Meditate"],"picked":"SKIP","floor":21.0},{"not_picked":["Weave","BowlingBash","Consecrate"],"picked":"SKIP","floor":22.0},{"not_picked":["BowlingBash","FollowUp","Consecrate+1"],"picked":"SKIP","floor":24.0}],"player_experience":246113,"relics_obtained":[{"floor":9.0,"key":"Bird Faced Urn"},{"floor":24.0,"key":"Dream Catcher"},{"floor":26.0,"key":"TeardropLocket"}],"event_choices":[{"cards_removed":["Defend_P"],"damage_healed":0.0,"max_hp_gain":0.0,"max_hp_loss":0.0,"gold_gain":0.0,"event_name":"Golden Wing","player_choice":"Card Removal","floor":3.0,"gold_loss":0.0,"damage_taken":7.0},{"cards_removed":["Defend_P"],"damage_healed":0.0,"max_hp_gain":0.0,"max_hp_loss":0.0,"gold_gain":0.0,"event_name":"Living Wall","player_choice":"Forget","floor":7.0,"gold_loss":0.0,"damage_taken":0.0},{"cards_removed":["Strike_P"],"damage_healed":0.0,"max_hp_gain":0.0,"max_hp_loss":0.0,"gold_gain":0.0,"event_name":"The Cleric","player_choice":"Card Removal","floor":10.0,"gold_loss":50.0,"damage_taken":0.0}],"is_beta":false,"boss_relics":[{"not_picked":["Snecko Eye","SacredBark"],"picked":"Sozu"}],"items_purged_floors":[4],"is_endless":false,"potions_floor_spawned":[1,2,12,18,19,21],"killed_by":"Slavers","ascension_level":10}}