{"host":"1ltt377nc7aury4n","time":1609735271,"event":{"mods":["AchievementEnabler","BaseMod","Best Route Mod","Colored Powertips","Minty Spire (QoL Compilation)","StSLib"],"gold_per_floor":[112,112,137,137,212,247,247,98,149,149,162,180,180,214,214,339,339,359,359,5,19,19,19,34,34,34],"floor_reached":25,"playtime":1590,"items_purged":["Strike_G","Defend_G"],"score":281,"play_id":"8948e9c3-db34-4c32-9bfc-3aa95b9d45be","local_time":"20210103234111","is_ascension_mode":true,"campfire_choices":[{"floor":7.0,"key":"REST"},{"data":"Neutralize","floor":10.0,"key":"SMITH"},{"data":"Accuracy","floor":15.0,"key":"SMITH"},{"data":"Phantasmal Killer","floor":23.0,"key":"SMITH"}],"circlet_count":0,"master_deck":["Strike_G","Strike_G","Strike_G","Strike_G","Defend_G","Defend_G","Defend_G","Defend_G","Survivor","Neutralize+1","Escape Plan","Accuracy+1","Blade Dance","Blur","Cloak And Dagger","Catalyst","Cloak And Dagger","Phantasmal Killer+1","Deadly Poison","Infinite Blades"],"relics":["Ring of the Snake","NeowsBlessing","Golden Idol","Eternal Feather","The Specimen","PreservedInsect","Bottled Lightning","SlaversCollar","StoneCalendar","Nunchaku","Membership Card"],"acts_visited":["Exordium","TheCity"],"potions_floor_usage":[25],"damage_taken":[{"damage":0.0,"enemies":"2 Louse","floor":1.0,"turns":1.0},{"damage":0.0,"enemies":"Small Slimes","floor":3.0,"turns":1.0},{"damage":0.0,"enemies":"3 Sentries","floor":6.0,"turns":1.0},{"damage":0.0,"enemies":"Jaw Worm","floor":11.0,"turns":4.0},{"damage":0.0,"enemies":"2 Fungi Beasts","floor":12.0,"turns":3.0},{"damage":5.0,"enemies":"Lagavulin","floor":14.0,"turns":6.0},{"damage":44.0,"enemies":"The Guardian","floor":16.0,"turns":17.0},{"damage":6.0,"enemies":"Shell Parasite","floor":18.0,"turns":11.0},{"damage":14.0,"enemies":"3 Byrds","floor":21.0,"turns":7.0},{"damage":48.0,"enemies":"Snecko","floor":24.0,"turns":7.0},{"damage":22,"enemies":"Snake Plant","floor":25,"turns":4}],"seed_played":"7344652611413457641","potions_obtained":[{"floor":11.0,"key":"Block Potion"},{"floor":14.0,"key":"Block Potion"},{"floor":16.0,"key":"Fruit Juice"},{"floor":18.0,"key":"Strength Potion"}],"is_trial":false,"path_per_floor":["M","?","M","?","?","E","R","$","T","R","M","M","?","E","R","B",null,"M","?","$","M","?","R","M","M"],"character_chosen":"THE_SILENT","items_purchased":["Blur","Nunchaku","Membership Card"],"campfire_rested":1,"item_purchase_floors":[8,20,20],"current_hp_per_floor":[70,53,53,35,24,24,54,54,54,63,63,63,68,63,72,28,75,74,74,74,60,60,69,21,0,0],"gold":34,"neow_bonus":"THREE_ENEMY_KILL","is_daily":false,"chose_seed":false,"campfire_upgraded":3,"win_rate":0.0,"timestamp":1609735271,"path_taken":["M","?","M","?","?","E","R","$","T","R","M","M","?","E","R","BOSS","M","?","$","M","?","R","M","M"],"items_purchased_type":["Card","Relic","Relic"],"build_version":"2020-12-22","purchased_purges":2,"victory":false,"max_hp_per_floor":[70,70,70,70,70,70,70,70,70,70,70,70,75,75,75,75,75,80,80,80,80,80,80,80,80,80],"card_choices":[{"not_picked":["Dagger Throw","Deflect"],"picked":"Escape Plan","floor":1.0},{"not_picked":["Dodge and Roll","Backflip"],"picked":"Accuracy","floor":3.0},{"not_picked":["Dagger Throw","PiercingWail"],"picked":"Blade Dance","floor":6.0},{"not_picked":["Caltrops","Quick Slash"],"picked":"Cloak And Dagger","floor":11.0},{"not_picked":["Backstab","Calculated Gamble"],"picked":"Catalyst","floor":12.0},{"not_picked":["Escape Plan","Endless Agony"],"picked":"Cloak And Dagger","floor":14.0},{"not_picked":["Unload","Die Die Die"],"picked":"Phantasmal Killer","floor":16.0},{"not_picked":["Masterful Stab","Prepared+1","Eviscerate"],"picked":"SKIP","floor":18.0},{"not_picked":["Outmaneuver+1","Acrobatics"],"picked":"Deadly Poison","floor":21.0},{"not_picked":["Leg Sweep","Acrobatics"],"picked":"Infinite Blades","floor":24.0}],"player_experience":271702,"relics_obtained":[{"floor":6.0,"key":"The Specimen"},{"floor":9.0,"key":"PreservedInsect"},{"floor":14.0,"key":"Bottled Lightning"}],"event_choices":[{"damage_healed":0.0,"max_hp_gain":0.0,"max_hp_loss":0.0,"gold_gain":0.0,"event_name":"Golden Idol","player_choice":"Take Damage","floor":2.0,"gold_loss":0.0,"damage_taken":17.0,"relics_obtained":["Golden Idol"]},{"damage_healed":0.0,"max_hp_gain":0.0,"max_hp_loss":0.0,"gold_gain":0.0,"event_name":"Scrap Ooze","player_choice":"Success","floor":4.0,"gold_loss":0.0,"damage_taken":18.0,"relics_obtained":["Eternal Feather"]},{"damage_healed":0.0,"max_hp_gain":0.0,"max_hp_loss":0.0,"gold_gain":75.0,"event_name":"World of Goop","player_choice":"Gather Gold","floor":5.0,"gold_loss":0.0,"damage_taken":11.0},{"damage_healed":0.0,"max_hp_gain":5.0,"max_hp_loss":0.0,"gold_gain":0.0,"event_name":"Big Fish","player_choice":"Donut","floor":13.0,"gold_loss":0.0,"damage_taken":0.0},{"damage_healed":0.0,"max_hp_gain":0.0,"max_hp_loss":0.0,"gold_gain":0.0,"event_name":"The Mausoleum","player_choice":"Opened","floor":19.0,"gold_loss":0.0,"damage_taken":0.0,"relics_obtained":["StoneCalendar"]},{"damage_healed":0.0,"max_hp_gain":0.0,"max_hp_loss":0.0,"gold_gain":0.0,"event_name":"Vampires","player_choice":"Ignored","floor":22.0,"gold_loss":0.0,"damage_taken":0.0}],"is_beta":false,"boss_relics":[{"not_picked":["Snecko Eye","Cursed Key"],"picked":"SlaversCollar"}],"items_purged_floors":[8,20],"is_endless":false,"potions_floor_spawned":[11,14,16,18],"killed_by":"Snake Plant","ascension_level":4}}