{"host":"q9718omregw4er46","time":1609762578,"event":{"mods":["BaseMod","Bestiary","Colored Powertips","Minty Spire (QoL Compilation)","Quick Restart","Relic Stats"],"gold_per_floor":[118,138,213,226,26,51,51,76,76,88,88,106,106,106],"floor_reached":13,"playtime":452,"items_purged":["Strike_P"],"score":240,"play_id":"f58cbc50-af98-4096-9b3a-5b6a80b49301","local_time":"20210104171618","is_ascension_mode":true,"campfire_choices":[{"data":"TalkToTheHand","floor":7.0,"key":"SMITH"}],"circlet_count":0,"master_deck":["AscendersBane","Strike_P+1","Strike_P+1","Strike_P+1","Defend_P+1","Defend_P","Defend_P+1","Defend_P+1","Eruption","Vigilance","LessonLearned","TalkToTheHand+1","CrushJoints+1","Wallop","TalkToTheHand+1","EmptyMind","Conclude","SashWhip"],"relics":["PureWater","Eternal Feather","TungstenRod"],"acts_visited":["Exordium"],"potions_floor_usage":[],"damage_taken":[{"damage":4.0,"enemies":"2 Louse","floor":1.0,"turns":4.0},{"damage":0.0,"enemies":"Small Slimes","floor":2.0,"turns":2.0},{"damage":4.0,"enemies":"Jaw Worm","floor":4.0,"turns":5.0},{"damage":0.0,"enemies":"Gremlin Nob","floor":6.0,"turns":3.0},{"damage":16.0,"enemies":"3 Sentries","floor":8.0,"turns":8.0},{"damage":8.0,"enemies":"Red Slaver","floor":10.0,"turns":6.0},{"damage":0.0,"enemies":"Lots of Slimes","floor":12.0,"turns":3.0},{"damage":62,"enemies":"Gremlin Nob","floor":13,"turns":3}],"seed_played":"-7216162940744735973","potions_obtained":[{"floor":1.0,"key":"BottledMiracle"},{"floor":2.0,"key":"SkillPotion"}],"is_trial":false,"path_per_floor":["M","M","?","M","$","E","R","E","T","M","?","M","E"],"character_chosen":"WATCHER","items_purchased":["TalkToTheHand","EmptyMind"],"campfire_rested":0,"item_purchase_floors":[5,5],"current_hp_per_floor":[57,57,46,42,42,42,51,35,35,27,9,9,0,0],"gold":106,"neow_bonus":"THREE_RARE_CARDS","is_daily":false,"chose_seed":false,"campfire_upgraded":1,"win_rate":0.0,"timestamp":1609762578,"path_taken":["M","M","?","M","$","E","R","E","T","M","?","M","E"],"items_purchased_type":["Card","Card"],"build_version":"2020-12-22","purchased_purges":1,"victory":false,"max_hp_per_floor":[62,62,62,62,62,62,62,62,62,62,62,62,62,62],"relic_stats":{"counters":[8,34],"Eternal Feather":9,"obtain_stats":[{"Eternal Feather":6,"PureWater":0,"TungstenRod":8},{"Eternal Feather":4,"PureWater":0,"TungstenRod":5},{"Eternal Feather":14,"PureWater":0,"TungstenRod":22}],"TungstenRod":4},"card_choices":[{"not_picked":["Devotion","Blasphemy"],"picked":"LessonLearned","floor":0.0},{"not_picked":["ReachHeaven","SashWhip"],"picked":"TalkToTheHand","floor":1.0},{"not_picked":["EmptyBody","JustLucky"],"picked":"CrushJoints","floor":2.0},{"not_picked":["BattleHymn","Prostrate"],"picked":"Wallop","floor":4.0},{"not_picked":["WaveOfTheHand","Perseverance"],"picked":"Conclude","floor":6.0},{"not_picked":["PathToVictory","Pray","Consecrate"],"picked":"SKIP","floor":8.0},{"not_picked":["Evaluate","EmptyBody"],"picked":"SashWhip","floor":10.0},{"not_picked":["CrushJoints","EmptyBody","FollowUp"],"picked":"SKIP","floor":12.0}],"player_experience":1167167,"relics_obtained":[{"floor":6.0,"key":"Eternal Feather"},{"floor":8.0,"key":"TungstenRod"}],"event_choices":[{"damage_healed":0.0,"max_hp_gain":0.0,"max_hp_loss":0.0,"gold_gain":75.0,"event_name":"World of Goop","player_choice":"Gather Gold","floor":3.0,"gold_loss":0.0,"damage_taken":11.0},{"damage_healed":0.0,"max_hp_gain":0.0,"max_hp_loss":0.0,"gold_gain":0.0,"event_name":"Shining Light","player_choice":"Entered Light","floor":11.0,"gold_loss":0.0,"damage_taken":19.0,"cards_upgraded":["CrushJoints","Defend_P"]}],"is_beta":false,"boss_relics":[],"items_purged_floors":[5],"is_endless":false,"potions_floor_spawned":[1,2,6],"killed_by":"Gremlin Nob","ascension_level":20}}