{"host":"foq4mrde4mssg7vt","time":1609770786,"event":{"mods":["AchievementEnabler","BaseMod","Colored Map","Colored Powertips","Highlight Path","Minty Spire (QoL Compilation)","Relic Stats","everything is the same but u backflip on backflip"],"gold_per_floor":[119,130,95,113,113,113,147,14,14,14,44,44,72,85,85,158,158,174,190,12,12,12,12,12],"floor_reached":23,"playtime":927,"items_purged":[],"score":393,"play_id":"69cd30e2-b372-426d-acf2-3f902e3c916b","local_time":"20210104223306","is_ascension_mode":true,"campfire_choices":[{"data":"Deadly Poison","floor":6.0,"key":"SMITH"},{"data":"Leg Sweep","floor":10.0,"key":"SMITH"},{"floor":12.0,"key":"REST"},{"data":"Dagger Spray","floor":15.0,"key":"SMITH"}],"circlet_count":0,"master_deck":["AscendersBane","Strike_G","Strike_G","Strike_G","Defend_G","Defend_G","Defend_G","Defend_G","Defend_G","Survivor","Neutralize+1","Deadly Poison+1","Bane+1","Backflip","Leg Sweep+1","Dagger Spray+1","Envenom","Dash","Cloak And Dagger","Well Laid Plans","Catalyst","Decay","Dash","Choke"],"relics":["Ring of the Snake","Bottled Lightning","Singing Bowl","Meat on the Bone","Pantograph","SlaversCollar"],"acts_visited":["Exordium","TheCity"],"potions_floor_usage":[23],"damage_taken":[{"damage":0.0,"enemies":"2 Louse","floor":1.0,"turns":4.0},{"damage":2.0,"enemies":"Jaw Worm","floor":2.0,"turns":4.0},{"damage":0.0,"enemies":"Small Slimes","floor":4.0,"turns":5.0},{"damage":21.0,"enemies":"Lagavulin","floor":7.0,"turns":6.0},{"damage":21.0,"enemies":"Gremlin Nob","floor":11.0,"turns":4.0},{"damage":12.0,"enemies":"Lagavulin","floor":13.0,"turns":7.0},{"damage":0.0,"enemies":"Blue Slaver","floor":14.0,"turns":3.0},{"damage":29.0,"enemies":"Hexaghost","floor":16.0,"turns":14.0},{"damage":36.0,"enemies":"Spheric Guardian","floor":18.0,"turns":8.0},{"damage":24,"enemies":"Shell Parasite","floor":19,"turns":7},{"damage":42,"enemies":"Gremlin Leader","floor":23,"turns":7}],"seed_played":"-8465565652416824936","potions_obtained":[{"floor":1.0,"key":"CultistPotion"},{"floor":13.0,"key":"CultistPotion"}],"is_trial":false,"path_per_floor":["M","M","?","M","?","R","E","$","T","R","E","R","E","M","R","B",null,"M","M","$","?","?","E"],"character_chosen":"THE_SILENT","items_purchased":["Leg Sweep","AttackPotion","Well Laid Plans","Catalyst","Swift Potion"],"campfire_rested":1,"item_purchase_floors":[8,8,20,20,20],"current_hp_per_floor":[59,57,66,66,66,66,45,45,45,45,24,43,45,45,45,41,63,39,27,27,27,27,0,0],"gold":12,"neow_bonus":"UPGRADE_CARD","is_daily":false,"chose_seed":false,"campfire_upgraded":3,"win_rate":0.0,"timestamp":1609770786,"path_taken":["M","M","?","M","?","R","E","$","T","R","E","R","E","M","R","BOSS","M","M","$","?","?","E"],"items_purchased_type":["Card","Potion","Card","Card","Potion"],"build_version":"2020-12-22","purchased_purges":0,"victory":false,"max_hp_per_floor":[66,66,66,66,66,66,66,66,66,66,66,66,68,68,68,70,70,70,70,70,70,70,70,70],"relic_stats":{"Singing Bowl":4,"counters":[11,69],"Pantograph":23,"obtain_stats":[{"SlaversCollar":17,"Singing Bowl":9,"Pantograph":13,"Bottled Lightning":7,"Ring of the Snake":0,"Meat on the Bone":11},{"SlaversCollar":8,"Singing Bowl":4,"Pantograph":6,"Bottled Lightning":4,"Ring of the Snake":0,"Meat on the Bone":5},{"SlaversCollar":47,"Singing Bowl":19,"Pantograph":30,"Bottled Lightning":19,"Ring of the Snake":0,"Meat on the Bone":23}],"Ring of the Snake":[22],"Meat on the Bone":36},"card_choices":[{"not_picked":["Calculated Gamble","Dodge and Roll"],"picked":"Deadly Poison","floor":1.0},{"not_picked":["Outmaneuver","Tactician","Acrobatics"],"picked":"SKIP","floor":2.0},{"not_picked":["Blade Dance","Outmaneuver"],"picked":"Bane","floor":4.0},{"not_picked":["Flechettes","Sucker Punch"],"picked":"Backflip","floor":7.0},{"not_picked":["Escape Plan","Flechettes"],"picked":"Dagger Spray","floor":11.0},{"not_picked":["Skewer","Slice","Concentrate"],"picked":"Singing Bowl","floor":13.0},{"not_picked":["Slice","Concentrate"],"picked":"Envenom","floor":14.0},{"not_picked":["Tools of the Trade","Storm of Steel","Grand Finale"],"picked":"Singing Bowl","floor":16.0},{"not_picked":["Leg Sweep+1","Backflip+1"],"picked":"Dash","floor":18.0},{"not_picked":["Prepared","Finisher"],"picked":"Cloak And Dagger","floor":19}],"player_experience":392438,"relics_obtained":[{"floor":7.0,"key":"Bottled Lightning"},{"floor":9.0,"key":"Singing Bowl"},{"floor":11.0,"key":"Meat on the Bone"},{"floor":13.0,"key":"Pantograph"}],"event_choices":[{"damage_healed":16.0,"max_hp_gain":0.0,"max_hp_loss":0.0,"gold_gain":0.0,"event_name":"The Cleric","player_choice":"Healed","floor":3.0,"gold_loss":35.0,"damage_taken":0.0},{"damage_healed":0.0,"max_hp_gain":0.0,"max_hp_loss":0.0,"gold_gain":0.0,"event_name":"Living Wall","player_choice":"Grow","floor":5.0,"gold_loss":0.0,"damage_taken":0.0,"cards_upgraded":["Bane"]},{"damage_healed":0,"gold_gain":0,"player_choice":"Smashed Altar","damage_taken":0,"max_hp_gain":0,"max_hp_loss":0,"event_name":"Forgotten Altar","floor":21,"gold_loss":0,"cards_obtained":["Decay"]},{"damage_healed":0,"gold_gain":0,"cards_transformed":["Strike_G","Strike_G"],"player_choice":"Became Test Subject","damage_taken":0,"max_hp_gain":0,"max_hp_loss":0,"event_name":"Drug Dealer","floor":22,"gold_loss":0,"cards_obtained":["Dash","Choke"]}],"is_beta":false,"boss_relics":[{"not_picked":["Sozu","Ring of the Serpent"],"picked":"SlaversCollar"}],"items_purged_floors":[],"is_endless":false,"potions_floor_spawned":[1,13,14,18],"killed_by":"Gremlin Leader","ascension_level":18}}