{"host":"3y33rrrkia6pkpow","time":1609793732,"event":{"mods":["2.2 Compatiblity","AchievementEnabler","Act Like it!","BaseMod","BetterRewards","Colored Map","Gensokyo","Minty Spire (QoL Compilation)","Quick Restart","Replay The Spire","Shop Mod","Spicy Shops","StSLib","Synergy Search","The Animator"],"gold_per_floor":[117,117,135,218,242,242,242],"floor_reached":6,"playtime":953,"items_purged":[],"score":54,"play_id":"d8ade71b-ce77-4175-b692-0b8d21e40d08","local_time":"20210104145532","is_ascension_mode":true,"campfire_choices":[],"circlet_count":0,"master_deck":["AscendersBane","animator:Strike_OwariNoSeraph","animator:Defend_OwariNoSeraph","animator:Strike","animator:Strike","animator:Strike","animator:Defend","animator:Defend","animator:Shinoa","animator:Mikaela","animator:ShidoItsuka","animator:ShidoItsuka","animator:Chaa","animator:Noda","Injury","animator:Yui","ReplayTheSpireMod:Splinters","animator:Shinoa","animator:Sora","animator:Shinoa"],"relics":["animator:LivingPicture","animator:TheMissingPiece","animator:PurgingStone","animator:PurpleTeddyBear","Strange Spoon","Golden Idol","Mercury Hourglass"],"acts_visited":["Exordium"],"potions_floor_usage":[6],"damage_taken":[{"damage":1,"enemies":"Cultist","floor":1,"turns":5},{"damage":2,"enemies":"Jaw Worm","floor":3,"turns":4},{"damage":1,"enemies":"2 Louse","floor":5,"turns":2},{"damage":80,"enemies":"Gremlin Nob","floor":6,"turns":6}],"seed_played":"6664431686781868451","potions_obtained":[{"floor":1,"key":"Dexterity Potion"}],"is_trial":false,"path_per_floor":["M","?","M","?","M","E"],"character_chosen":"THE_ANIMATOR","items_purchased":["animator:ShidoItsuka","animator:PurpleTeddyBear","Strange Spoon"],"campfire_rested":0,"item_purchase_floors":[0,0,0],"current_hp_per_floor":[44,44,42,42,41,0,0],"gold":242,"neow_bonus":"","is_daily":false,"chose_seed":true,"campfire_upgraded":0,"win_rate":0.0,"timestamp":1609793732,"path_taken":["M","?","M","?","M","E"],"items_purchased_type":["Card","Relic","Relic"],"build_version":"2020-12-22","purchased_purges":0,"victory":false,"max_hp_per_floor":[66,66,66,66,66,66,66],"card_choices":[{"not_picked":["animator:SuikaIbuki","animator:YuiTsuruno"],"picked":"animator:Noda","floor":1},{"not_picked":["animator:Yoichi","animator:Spearman"],"picked":"animator:Yui","floor":3},{"not_picked":["animator:HidekiHinata","animator:KomachiOnozuka"],"picked":"animator:Shinoa","floor":4},{"not_picked":["animator:KyokoSakura","animator:Chung"],"picked":"animator:Sora","floor":4},{"not_picked":["animator:MikuIzayoi","animator:YuukaKazami"],"picked":"animator:Shinoa","floor":5}],"player_experience":833654,"relics_obtained":[{"floor":4,"key":"Mercury Hourglass"}],"event_choices":[{"damage_healed":0,"gold_gain":0,"player_choice":"Take Wound","damage_taken":0,"relics_obtained":["Golden Idol"],"max_hp_gain":0,"max_hp_loss":0,"event_name":"Golden Idol","floor":2,"gold_loss":0,"cards_obtained":["Injury"]}],"is_beta":false,"boss_relics":[],"items_purged_floors":[],"is_endless":false,"potions_floor_spawned":[1],"killed_by":"Gremlin Nob","ascension_level":10}}