{"host":"5tuwlte1qowk8fz0","time":1609802696,"event":{"mods":["2.2 Compatiblity","AchievementEnabler","Act Like it!","Aspiration","Astrologer","Bard","BaseMod","BetterRewards","Card Forge","Colored Powertips","Conspire","Duelist Mod","Energized Spire","Friendly Minions","GifTheSpireLib","Gremlin Mod","GungeonMod","Halation","Hallownest","Hermit","Highlight Path","Hubris","Infinite Spire","Jedi Mod","Jorbs\u0027s Wanderer Trilogy","Koishi","Kratos Character Expansion","Luminous","Marisa????????","Minty Spire (QoL Compilation)","Rare Cards Sparkle","Remilia??????","Replay The Spire","Reworked Bosses","Shade Mod","Spicy Shops","Spikes Relics","StSLib","SuperFastMode","Td1madao Mod","The Blackbeard","The Bladedancer","The Blue Laboratory","The Bug Knight","The Construct","The Cursed","The Death Knight","The Disciple","The Druid","The Forsaken","The Gatherer","The Hierophant","The Kombatant","The Necromancer","The Poker Player","The Runesmith","The Saiyan","The Servant 0.9.4","TheVelvet","Trackpad","vexMod"],"gold_per_floor":[112,112,9,25,25,25,58,58,58,69,69,80,97,125,125,224,224,242,242],"floor_reached":18,"playtime":659,"items_purged":[],"score":197,"play_id":"28cb5136-ef74-4aa6-b44e-1d1f6ea2abc9","local_time":"20210104232456","is_ascension_mode":false,"campfire_choices":[{"data":"Gremlin:Wizardry","floor":11.0,"key":"SMITH"},{"floor":15.0,"key":"REST"}],"circlet_count":1,"master_deck":["Gremlin:Strike","Gremlin:Strike","Gremlin:Strike","Gremlin:Strike","Gremlin:Defend","Gremlin:Defend","Gremlin:Defend","Gremlin:Defend","Gremlin:TagTeam","Gremlin:GremlinDance+1","Gremlin:Polish","Gremlin:Wizardry+1","Gremlin:BubbleBarrier+1","Gremlin:Jeer+1","Gremlin:FollowThrough","Gremlin:PinNeedle","Gremlin:TargetWeakness","Gremlin:PourSalt","Gremlin:Stupend","Gremlin:Exacerbate"],"relics":["Gremlin:GremlinKnob","Hammer of Thor","Seething Fire","Anvil of the Gods","NeowsBlessing","Hallownest:DreamNailRelic","Circlet","DemoMod:BlueGuonStone","infinitespire:Satchel","Lantern","energizedSpire:DeadBattery"],"acts_visited":[],"potions_floor_usage":[],"damage_taken":[{"damage":0.0,"enemies":"Hallownest:2_MossCreeps","floor":1.0,"turns":1.0},{"damage":2.0,"enemies":"Hallownest:2_Tiktiks_and_1_Crawlid","floor":4.0,"turns":1.0},{"damage":0.0,"enemies":"Hallownest:eliteVengeflyKing","floor":7.0,"turns":1.0},{"damage":2.0,"enemies":"Hallownest:2_Baldur","floor":10.0,"turns":3.0},{"damage":11.0,"enemies":"Hallownest:2_Tiktiks_1_Baldur_1_Crawlid","floor":12.0,"turns":2.0},{"damage":3.0,"enemies":"Hallownest:monsterFoolEater","floor":13.0,"turns":4.0},{"damage":17.0,"enemies":"Hallownest:eliteMossKnight","floor":14.0,"turns":8.0},{"damage":17.0,"enemies":"Hallownest:BossBrokenVessel","floor":16.0,"turns":10.0},{"damage":5.0,"enemies":"Shell Parasite","floor":18.0,"turns":4.0}],"seed_played":"-8120996710195816051","potions_obtained":[{"floor":1.0,"key":"DemoMod:LeadSkinPotion"},{"floor":4.0,"key":"blueLaboratory:SavagePotion"},{"floor":12.0,"key":"SteroidPotion"},{"floor":18,"key":"Dexterity Potion"}],"is_trial":false,"path_per_floor":["M","?","$","M","?","?","E","?","T","M","R","M","M","E","R","B",null,"M"],"character_chosen":"GREMLIN","items_purchased":["Gremlin:Wizardry","Gremlin:BubbleBarrier+1"],"campfire_rested":1,"item_purchase_floors":[3,3],"current_hp_per_floor":[20,20,20,19,19,19,20,20,20,20,20,19,19,4,10,20,20,15,15],"gold":242,"neow_bonus":"THREE_ENEMY_KILL","is_daily":false,"chose_seed":false,"campfire_upgraded":1,"win_rate":0.0,"timestamp":1609802696,"path_taken":["M","?","$","?","?","?","E","?","T","M","R","M","M","E","R","BOSS","M"],"items_purchased_type":["Card","Card"],"build_version":"2020-12-22","purchased_purges":0,"victory":false,"max_hp_per_floor":[20,20,20,20,20,20,20,20,20,20,20,20,20,20,20,20,20,20,20],"card_choices":[{"not_picked":["Gremlin:Dazzle","Gremlin:Raid"],"picked":"Gremlin:Polish","floor":1.0},{"not_picked":["Gremlin:ToeStub","Gremlin:Mockery"],"picked":"Gremlin:Jeer","floor":4.0},{"not_picked":["Gremlin:Patsy","Gremlin:Astound"],"picked":"Gremlin:FollowThrough","floor":7.0},{"not_picked":["Gremlin:Tadah","Gremlin:Pretaliation"],"picked":"Gremlin:PinNeedle","floor":10.0},{"not_picked":["Gremlin:Tadah","Gremlin:Pretaliation"],"picked":"Gremlin:TargetWeakness","floor":12.0},{"not_picked":["Gremlin:ProperTools","Gremlin:ShowOfHands"],"picked":"Gremlin:PourSalt","floor":13.0},{"not_picked":["Gremlin:Patsy","Gremlin:Glimmer"],"picked":"Gremlin:Stupend","floor":14.0},{"not_picked":["Gremlin:Erupt","Gremlin:BrokenShin"],"picked":"Gremlin:Exacerbate","floor":16.0}],"player_experience":110965,"relics_obtained":[{"floor":7.0,"key":"DemoMod:BlueGuonStone"},{"floor":9.0,"key":"infinitespire:Satchel"},{"floor":14.0,"key":"Lantern"}],"event_choices":[{"damage_healed":0.0,"max_hp_gain":0.0,"max_hp_loss":0.0,"gold_gain":0.0,"event_name":"conspire:Investor","player_choice":"Leave","floor":8.0,"gold_loss":0.0,"damage_taken":0.0}],"is_beta":false,"boss_relics":[{"not_picked":["energizedSpire:SpiderWeb","CosmicIsotope"],"picked":"energizedSpire:DeadBattery"}],"items_purged_floors":[],"is_endless":false,"potions_floor_spawned":[1,4,12,18],"killed_by":"Shell Parasite","ascension_level":0}}