{"host":"51f0ad793vly1w6u","time":1609731684,"event":{"mods":["BaseMod","Colored Map","DeckTracker","Minty Spire (QoL Compilation)","StSLib","SuperFastMode"],"gold_per_floor":[109,409,424,404,419,435,466,466,466,479,490,149,149,49,49,120,120,139,139,139,159,34,34,34,34,34],"floor_reached":25,"playtime":338,"items_purged":["Strike_R","Strike_R","Strike_R+1"],"score":452,"play_id":"6c33303d-030c-4366-a590-bdcbd11fa32a","local_time":"20210104124124","is_ascension_mode":true,"campfire_choices":[{"data":"Demon Form","floor":13,"key":"SMITH"},{"data":"Rupture","floor":15,"key":"SMITH"},{"data":"Bloodletting","floor":23,"key":"SMITH"}],"circlet_count":0,"master_deck":["AscendersBane","Strike_R+1","Strike_R+1","Defend_R+1","Defend_R+1","Defend_R+1","Defend_R+1","Bash","Rupture+1","Sword Boomerang","Whirlwind","Bloodletting+1","Demon Form+1","Battle Trance+1"],"relics":["Burning Blood","NeowsBlessing","Old Coin","StrikeDummy","InkBottle","Bottled Tornado","Sozu"],"acts_visited":["Exordium","TheCity"],"potions_floor_usage":[7,16,18,25],"damage_taken":[{"damage":0,"enemies":"Small Slimes","floor":1,"turns":1},{"damage":0,"enemies":"Cultist","floor":3,"turns":1},{"damage":0,"enemies":"2 Louse","floor":5,"turns":1},{"damage":19,"enemies":"Exordium Wildlife","floor":6,"turns":5},{"damage":3,"enemies":"3 Sentries","floor":7,"turns":1},{"damage":14,"enemies":"Blue Slaver","floor":10,"turns":4},{"damage":14,"enemies":"Exordium Thugs","floor":11,"turns":2},{"damage":23,"enemies":"Hexaghost","floor":16,"turns":7},{"damage":28,"enemies":"2 Thieves","floor":18,"turns":4},{"damage":3,"enemies":"Spheric Guardian","floor":21,"turns":3},{"damage":49,"enemies":"Slavers","floor":25,"turns":3}],"seed_played":"3824665742537078179","potions_obtained":[{"floor":1,"key":"SteroidPotion"},{"floor":4,"key":"Fruit Juice"},{"floor":10,"key":"Weak Potion"},{"floor":16,"key":"FearPotion"}],"is_trial":false,"path_per_floor":["M","?","M","?","M","M","E","?","T","M","M","$","R","$","R","B",null,"M","?","?","M","$","R","$","E"],"character_chosen":"IRONCLAD","items_purchased":["Bottled Tornado"],"campfire_rested":0,"item_purchase_floors":[12],"current_hp_per_floor":[74,56,62,62,68,55,58,58,58,50,42,42,42,42,42,25,63,41,41,41,44,44,44,44,0,0],"gold":34,"neow_bonus":"THREE_ENEMY_KILL","is_daily":false,"chose_seed":false,"campfire_upgraded":3,"win_rate":0.0,"timestamp":1609731684,"path_taken":["M","?","M","?","?","M","E","?","T","M","M","?","R","$","R","BOSS","M","?","?","M","?","R","?","E"],"items_purchased_type":["Relic"],"build_version":"2020-12-22","purchased_purges":3,"victory":false,"max_hp_per_floor":[75,75,75,75,75,75,75,75,75,75,75,75,75,75,75,75,75,75,75,75,75,75,75,75,80,80],"card_choices":[{"not_picked":["Headbutt","Iron Wave"],"picked":"Rupture","floor":1},{"not_picked":["Flex","Headbutt"],"picked":"Sword Boomerang","floor":3},{"not_picked":["Fiend Fire","Battle Trance"],"picked":"Whirlwind","floor":5},{"not_picked":["Entrench","Warcry"],"picked":"Bloodletting","floor":6},{"not_picked":["Perfected Strike","Body Slam","Headbutt"],"picked":"SKIP","floor":7},{"not_picked":["Perfected Strike","Armaments","Dropkick"],"picked":"SKIP","floor":10},{"not_picked":["Havoc","Warcry","Heavy Blade"],"picked":"SKIP","floor":11},{"not_picked":["Infernal Blade","Dark Embrace"],"picked":"Battle Trance+1","floor":18},{"not_picked":["Clothesline","Thunderclap","Armaments"],"picked":"SKIP","floor":21}],"player_experience":1383028,"relics_obtained":[{"floor":7,"key":"StrikeDummy"},{"floor":9,"key":"InkBottle"}],"event_choices":[{"damage_healed":0,"gold_gain":0,"player_choice":"Success","damage_taken":18,"relics_obtained":["Old Coin"],"max_hp_gain":0,"max_hp_loss":0,"event_name":"Scrap Ooze","floor":2,"gold_loss":0},{"damage_healed":0,"gold_gain":0,"player_choice":"Bought 1 Potion","damage_taken":0,"max_hp_gain":0,"max_hp_loss":0,"event_name":"The Woman in Blue","floor":4,"gold_loss":0},{"damage_healed":0,"gold_gain":0,"player_choice":"1 cards matched","damage_taken":0,"max_hp_gain":0,"max_hp_loss":0,"event_name":"Match and Keep!","floor":8,"gold_loss":0,"cards_obtained":["Demon Form"]},{"damage_healed":0,"gold_gain":0,"player_choice":"Ignored","damage_taken":0,"max_hp_gain":0,"max_hp_loss":0,"event_name":"Vampires","floor":19,"gold_loss":0},{"damage_healed":0,"gold_gain":0,"player_choice":"Simplicity","damage_taken":0,"max_hp_gain":0,"max_hp_loss":0,"event_name":"Back to Basics","floor":20,"gold_loss":0,"cards_upgraded":["Strike_R","Strike_R","Strike_R","Defend_R","Defend_R","Defend_R","Defend_R"]}],"is_beta":false,"boss_relics":[{"not_picked":["Astrolabe","Cursed Key"],"picked":"Sozu"}],"items_purged_floors":[12,14,22],"is_endless":false,"potions_floor_spawned":[1,10,16],"killed_by":"Slavers","ascension_level":20}}