{"host":"0e0lo445kffy4sr5","time":1609763100,"event":{"mods":["BaseMod","Minty Spire (QoL Compilation)","StSLib"],"gold_per_floor":[109,109,19,38,38,66,66,141,165,165,165,176,211,221,221,317,317,331,331,342,342,358,358,358],"floor_reached":23,"playtime":1258,"items_purged":[],"score":224,"play_id":"057a41e7-9fe0-4de0-9418-5d152b6ba4d2","local_time":"20210104072500","is_ascension_mode":false,"campfire_choices":[{"data":"Loop","floor":7,"key":"SMITH"},{"floor":10,"key":"REST"},{"floor":15,"key":"REST"}],"circlet_count":0,"master_deck":["Strike_B","Strike_B","Strike_B","Defend_B","Defend_B","Defend_B","Defend_B","Zap","Dualcast","Chaos","Reboot","Loop+1","Redo","Loop","Chaos","Blizzard","FTL","Defragment","Seek","Reinforced Body","Loop+1","Gash+1","Enlightenment","Redo"],"relics":["Cracked Core","NeowsBlessing","Incense Burner","Bag of Marbles","Anchor","InkBottle","Sozu"],"acts_visited":["Exordium","TheCity"],"potions_floor_usage":[13,23],"damage_taken":[{"damage":0,"enemies":"Jaw Worm","floor":1,"turns":1},{"damage":0,"enemies":"Cultist","floor":4,"turns":1},{"damage":0,"enemies":"3 Sentries","floor":6,"turns":1},{"damage":10,"enemies":"Small Slimes","floor":12,"turns":4},{"damage":18,"enemies":"Lagavulin","floor":13,"turns":5},{"damage":7,"enemies":"Exordium Thugs","floor":14,"turns":4},{"damage":27,"enemies":"Slime Boss","floor":16,"turns":7},{"damage":12,"enemies":"Spheric Guardian","floor":18,"turns":6},{"damage":4,"enemies":"Shell Parasite","floor":20,"turns":5},{"damage":11,"enemies":"Centurion and Healer","floor":22,"turns":8},{"damage":47,"enemies":"Gremlin Leader","floor":23,"turns":7}],"seed_played":"-2658210961323943927","potions_obtained":[{"floor":1,"key":"Regen Potion"},{"floor":13,"key":"EssenceOfSteel"}],"is_trial":false,"path_per_floor":["M","?","$","M","?","E","R","?","T","R","?","M","E","M","R","B",null,"M","?","M","?","M","E"],"character_chosen":"DEFECT","items_purchased":["Loop","Redo"],"campfire_rested":2,"item_purchase_floors":[3,3],"current_hp_per_floor":[75,75,75,75,68,68,68,57,57,75,72,62,53,46,68,41,75,63,63,59,47,36,0,0],"gold":358,"neow_bonus":"THREE_ENEMY_KILL","is_daily":false,"chose_seed":false,"campfire_upgraded":1,"win_rate":0.0,"timestamp":1609763100,"path_taken":["M","?","?","M","?","E","R","?","T","R","?","?","E","M","R","BOSS","M","?","?","?","M","E"],"items_purchased_type":["Card","Card"],"build_version":"2020-12-13","purchased_purges":0,"victory":false,"max_hp_per_floor":[75,75,75,75,75,75,75,75,75,75,75,75,75,75,75,75,75,75,75,75,75,75,75,75],"card_choices":[{"not_picked":["Steam","Auto Shields"],"picked":"Chaos","floor":1},{"not_picked":["Barrage","Stack"],"picked":"Loop","floor":4},{"not_picked":["Gash","Stack"],"picked":"Chaos","floor":6},{"not_picked":["Rip and Tear","Stack"],"picked":"Blizzard","floor":12},{"not_picked":["Sweeping Beam","Blizzard"],"picked":"FTL","floor":13},{"not_picked":["Beam Cell","Coolheaded"],"picked":"Defragment","floor":14},{"not_picked":["Reboot","Biased Cognition"],"picked":"Seek","floor":16},{"not_picked":["Blizzard","Compile Driver"],"picked":"Reinforced Body","floor":18},{"not_picked":["Cold Snap","Steam"],"picked":"Gash+1","floor":20},{"not_picked":["Stack","Sweeping Beam"],"picked":"Redo","floor":22}],"player_experience":12695,"relics_obtained":[{"floor":6,"key":"Incense Burner"},{"floor":9,"key":"Bag of Marbles"},{"floor":13,"key":"InkBottle"}],"event_choices":[{"damage_healed":0,"gold_gain":0,"player_choice":"1 cards matched","damage_taken":0,"max_hp_gain":0,"max_hp_loss":0,"event_name":"Match and Keep!","floor":2,"gold_loss":0,"cards_obtained":["Reboot"]},{"cards_removed":["Strike_B"],"damage_healed":0,"gold_gain":0,"player_choice":"Card Removal","damage_taken":7,"max_hp_gain":0,"max_hp_loss":0,"event_name":"Golden Wing","floor":5,"gold_loss":0},{"damage_healed":0,"gold_gain":75,"player_choice":"Gather Gold","damage_taken":11,"max_hp_gain":0,"max_hp_loss":0,"event_name":"World of Goop","floor":8,"gold_loss":0},{"damage_healed":0,"gold_gain":0,"player_choice":"Success","damage_taken":3,"relics_obtained":["Anchor"],"max_hp_gain":0,"max_hp_loss":0,"event_name":"Scrap Ooze","floor":11,"gold_loss":0},{"damage_healed":0,"gold_gain":0,"player_choice":"Copied","damage_taken":0,"max_hp_gain":0,"max_hp_loss":0,"event_name":"Duplicator","floor":19,"gold_loss":0,"cards_obtained":["Loop"]},{"damage_healed":0,"gold_gain":0,"player_choice":"CARD ","damage_taken":12,"max_hp_gain":0,"max_hp_loss":0,"event_name":"Knowing Skull","floor":21,"potions_obtained":[],"gold_loss":0,"cards_obtained":["Enlightenment"]}],"is_beta":false,"boss_relics":[{"not_picked":["Philosopher\u0027s Stone","Empty Cage"],"picked":"Sozu"}],"items_purged_floors":[],"is_endless":false,"potions_floor_spawned":[1,13,22],"killed_by":"Gremlin Leader","ascension_level":0}}