{"host":"mydft8i2zzydgggw","time":1609779629,"event":{"mods":["AchievementEnabler","BaseMod","Colored Map","Colored Powertips","Keyboard Shortcuts","Minty Spire (QoL Compilation)","Quick Restart","StSLib","SuperFastMode","The Poker Player"],"gold_per_floor":[113,36,56,56,56,86,86,105,105,105,115,147,147,176,176,271,271,282,295,306,231,244,279,279,167,167,186,42,42,68,86,86,190,190,200,200,211,111,122,122,147,166,166,166,2,0,28,83,83,83,83,83,6,39,39,39],"floor_reached":55,"playtime":1366,"items_purged":["Strike_B","Strike_B","Defend_B"],"score":940,"play_id":"c6142f0b-134c-420e-b7c3-4109b068b0db","local_time":"20210105020029","is_ascension_mode":true,"campfire_choices":[{"data":"Buffer","floor":7.0,"key":"SMITH"},{"floor":10.0,"key":"REST"},{"data":"Consume","floor":15.0,"key":"SMITH"},{"data":"Storm","floor":24.0,"key":"SMITH"},{"data":"Echo Form","floor":29.0,"key":"SMITH"},{"floor":32.0,"key":"REST"},{"data":"White Noise","floor":40.0,"key":"SMITH"},{"floor":44,"key":"RECALL"},{"data":"Defragment","floor":49,"key":"SMITH"},{"data":"Amplify","floor":52,"key":"SMITH"}],"circlet_count":0,"master_deck":["Defend_B","Defend_B","Zap","Dualcast","Defragment","Buffer+1","Auto Shields","Storm+1","Self Repair","Thunder Strike","Impatience","White Noise+1","Consume+1","Echo Form+1","Leap","Amplify+1","Aggregate","Storm","Defragment+1","Defragment+1","Buffer+1","Stack","Capacitor+1","Seek","Glacier+1","Coolheaded+1","Aggregate+1","Compile Driver+1","Loop","Reboot","Loop+1","Capacitor","Chill+1"],"relics":["Cracked Core","NeowsBlessing","Eternal Feather","Dream Catcher","Omamori","Sundial","Bird Faced Urn","Nuclear Battery","CaptainsWheel","Pear","DollysMirror","MealTicket","Sozu","Juzu Bracelet","Red Mask","Pen Nib","Pocketwatch","Cables"],"acts_visited":["Exordium","TheCity","TheBeyond","TheEnding"],"potions_floor_usage":[50],"damage_taken":[{"damage":0.0,"enemies":"Jaw Worm","floor":1.0,"turns":1.0},{"damage":0.0,"enemies":"Small Slimes","floor":3.0,"turns":1.0},{"damage":0.0,"enemies":"Lagavulin","floor":6.0,"turns":1.0},{"damage":0.0,"enemies":"Cultist","floor":8.0,"turns":4.0},{"damage":0.0,"enemies":"Large Slime","floor":11.0,"turns":5.0},{"damage":27.0,"enemies":"3 Sentries","floor":12.0,"turns":7.0},{"damage":0.0,"enemies":"Lagavulin","floor":14.0,"turns":7.0},{"damage":34.0,"enemies":"The Guardian","floor":16.0,"turns":8.0},{"damage":22.0,"enemies":"2 Thieves","floor":18.0,"turns":3.0},{"damage":18.0,"enemies":"Spheric Guardian","floor":19.0,"turns":5.0},{"damage":24.0,"enemies":"Snake Plant","floor":20.0,"turns":3.0},{"damage":40.0,"enemies":"Shelled Parasite and Fungi","floor":22.0,"turns":4.0},{"damage":31.0,"enemies":"Gremlin Leader","floor":23.0,"turns":7.0},{"damage":0.0,"enemies":"Centurion and Healer","floor":27.0,"turns":4.0},{"damage":21.0,"enemies":"Slavers","floor":30.0,"turns":3.0},{"damage":12.0,"enemies":"3 Cultists","floor":31.0,"turns":3.0},{"damage":7.0,"enemies":"Collector","floor":33.0,"turns":6.0},{"damage":0.0,"enemies":"3 Shapes","floor":35.0,"turns":3.0},{"damage":0.0,"enemies":"Orb Walker","floor":37.0,"turns":3.0},{"damage":0.0,"enemies":"Spire Growth","floor":39.0,"turns":4.0},{"damage":17,"enemies":"Giant Head","floor":41,"turns":5},{"damage":0,"enemies":"Maw","floor":42,"turns":4},{"damage":37,"enemies":"Reptomancer","floor":47,"turns":4},{"damage":31,"enemies":"2 Orb Walkers","floor":48,"turns":4},{"damage":102,"enemies":"Awakened One","floor":50,"turns":7},{"damage":35,"enemies":"Shield and Spear","floor":54,"turns":6},{"damage":98,"enemies":"The Heart","floor":55,"turns":3}],"seed_played":"-7743973526533010584","potions_obtained":[{"floor":6.0,"key":"PotionOfCapacity"},{"floor":12.0,"key":"SmokeBomb"},{"floor":16.0,"key":"Explosive Potion"},{"floor":18.0,"key":"FocusPotion"},{"floor":20.0,"key":"LiquidMemories"},{"floor":23.0,"key":"PowerPotion"},{"floor":33.0,"key":"EssenceOfSteel"}],"is_trial":false,"path_per_floor":["M","$","M","?","?","E","R","M","T","R","M","E","?","E","R","B",null,"M","M","M","?","M","E","R","$","T","M","$","R","E","M","R","B",null,"M","?","M","$","M","R","E","M","T","R","$","?","E","?","R","B",null,"R","$","E","B"],"character_chosen":"DEFECT","items_purchased":["Defragment","Defragment","DollysMirror","Loop","Capacitor"],"campfire_rested":2,"item_purchase_floors":[2,25,28,45,53],"current_hp_per_floor":[75,75,75,72,65,65,71,71,71,75,75,55,55,62,71,50,75,64,65,64,64,45,33,45,45,55,78,78,85,68,79,85,85,85,85,85,85,85,85,85,85,85,85,85,85,85,67,63,81,11,85,85,85,73,0,0],"gold":39,"neow_bonus":"THREE_ENEMY_KILL","is_daily":false,"chose_seed":false,"campfire_upgraded":7,"win_rate":0.0,"timestamp":1609779629,"path_taken":["M","$","M","?","?","E","R","M","T","R","M","E","?","E","R","BOSS","M","?","M","?","M","E","R","?","T","M","$","R","E","M","R","BOSS","M","?","M","$","M","R","E","M","T","R","$","?","E","?","R","BOSS","R","$","E","BOSS"],"items_purchased_type":["Card","Card","Relic","Card","Card"],"build_version":"2020-12-22","purchased_purges":3,"victory":false,"max_hp_per_floor":[75,75,75,75,75,75,75,75,75,75,75,75,75,75,75,75,75,75,75,75,75,75,75,75,75,85,85,85,85,85,85,85,85,85,85,85,85,85,85,85,85,85,85,85,85,85,85,85,85,85,85,85,85,85,85,85],"card_choices":[{"not_picked":["Go for the Eyes","Rebound","Tempest"],"picked":"SKIP","floor":1.0},{"not_picked":["Beam Cell","Steam","Sweeping Beam"],"picked":"SKIP","floor":3.0},{"not_picked":["Conserve Battery","Streamline"],"picked":"Buffer","floor":6.0},{"not_picked":["Darkness","Compile Driver"],"picked":"Auto Shields","floor":8.0},{"not_picked":["Beam Cell","Conserve Battery"],"picked":"Storm","floor":10.0},{"not_picked":["Redo","Leap"],"picked":"Self Repair","floor":11.0},{"not_picked":["Hello World","Ball Lightning","Rebound"],"picked":"SKIP","floor":12.0},{"not_picked":["Barrage","Gash"],"picked":"Consume","floor":14.0},{"not_picked":["Amplify","Thunder Strike"],"picked":"Echo Form","floor":16.0},{"not_picked":["Rebound+1","Go for the Eyes"],"picked":"Leap","floor":18.0},{"not_picked":["Auto Shields","Conserve Battery","Hologram"],"picked":"SKIP","floor":19.0},{"not_picked":["Recycle","Steam"],"picked":"Amplify","floor":20.0},{"not_picked":["Coolheaded+1","Barrage"],"picked":"Aggregate","floor":22.0},{"not_picked":["Fission","Gash"],"picked":"Storm","floor":23.0},{"not_picked":["Glacier","Undo"],"picked":"Defragment+1","floor":27.0},{"not_picked":["Consume","Redo","Beam Cell"],"picked":"SKIP","floor":30.0},{"not_picked":["Gash","Undo"],"picked":"Stack","floor":31.0},{"not_picked":["Creative AI","Ball Lightning"],"picked":"Capacitor+1","floor":32.0},{"not_picked":["Echo Form","Core Surge"],"picked":"Seek","floor":33.0},{"not_picked":["Leap+1","BootSequence+1"],"picked":"Glacier+1","floor":35.0},{"not_picked":["Gash","Go for the Eyes+1"],"picked":"Coolheaded+1","floor":37.0},{"not_picked":["Gash","Cold Snap+1","Sweeping Beam"],"picked":"SKIP","floor":39.0},{"not_picked":["Gash+1","Rebound"],"picked":"Aggregate+1","floor":41},{"not_picked":["Steam","Rainbow"],"picked":"Compile Driver+1","floor":42},{"not_picked":["Reprogram+1","Consume+1"],"picked":"Reboot","floor":47},{"not_picked":["Rebound+1","Turbo+1"],"picked":"Loop+1","floor":48},{"not_picked":["Glacier","Scrape+1"],"picked":"Chill+1","floor":54}],"player_experience":92182,"relics_obtained":[{"floor":6.0,"key":"Dream Catcher"},{"floor":9.0,"key":"Omamori"},{"floor":12.0,"key":"Sundial"},{"floor":14.0,"key":"Bird Faced Urn"},{"floor":23.0,"key":"CaptainsWheel"},{"floor":26.0,"key":"Pear"},{"floor":30.0,"key":"MealTicket"},{"floor":41,"key":"Juzu Bracelet"},{"floor":47,"key":"Pen Nib"},{"floor":48,"key":"Pocketwatch"},{"floor":54,"key":"Cables"}],"event_choices":[{"damage_healed":0.0,"max_hp_gain":0.0,"max_hp_loss":0.0,"gold_gain":0.0,"event_name":"Scrap Ooze","player_choice":"Success","floor":4.0,"gold_loss":0.0,"damage_taken":3.0,"relics_obtained":["Eternal Feather"]},{"cards_removed":["Strike_B"],"damage_healed":0.0,"max_hp_gain":0.0,"max_hp_loss":0.0,"gold_gain":0.0,"event_name":"Golden Wing","player_choice":"Card Removal","floor":5.0,"gold_loss":0.0,"damage_taken":7.0},{"damage_healed":0.0,"max_hp_gain":0.0,"max_hp_loss":0.0,"gold_gain":0.0,"event_name":"Match and Keep!","player_choice":"3 cards matched","floor":13.0,"gold_loss":0.0,"damage_taken":0.0,"cards_obtained":["Thunder Strike","Impatience","White Noise"]},{"cards_removed":["Strike_B"],"damage_healed":0.0,"max_hp_gain":0.0,"max_hp_loss":0.0,"gold_gain":0.0,"event_name":"Beggar","player_choice":"Gave Gold","floor":21.0,"gold_loss":75.0,"damage_taken":0.0},{"cards_removed":["Defend_B"],"damage_healed":0.0,"max_hp_gain":0.0,"max_hp_loss":0.0,"gold_gain":0.0,"event_name":"Falling","player_choice":"Removed Skill","floor":36.0,"gold_loss":0.0,"damage_taken":0.0},{"damage_healed":0,"gold_gain":0,"player_choice":"Paid","damage_taken":0,"relics_obtained":["Red Mask"],"max_hp_gain":0,"max_hp_loss":0,"event_name":"Tomb of Lord Red Mask","floor":46,"gold_loss":2},{"damage_healed":0,"gold_gain":0,"player_choice":"Fight","damage_taken":0,"max_hp_gain":0,"max_hp_loss":0,"event_name":"Mysterious Sphere","floor":48,"gold_loss":0}],"is_beta":false,"boss_relics":[{"not_picked":["Runic Pyramid","Velvet Choker"],"picked":"Nuclear Battery"},{"not_picked":["Runic Dome","Tiny House"],"picked":"Sozu"}],"items_purged_floors":[25,38,45],"is_endless":false,"potions_floor_spawned":[6,12,16,18,20,23,33,39,41,42,47,48],"killed_by":"The Heart","ascension_level":4}}