{"host":"92108ef2q9tm8rod","time":1609792338,"event":{"mods":["BaseMod","Defuse TimeMaze Blight","Minty Spire (QoL Compilation)","StSLib","The Jungle"],"gold_per_floor":[110,124,141,151,162,162,162,162,187,200,230,230,230,242,242,342,342,357,369,319,338,458,458,458,484,484,498,498,302,106,126,126,230,230,246,168,168,186,198,198,198,198,198,233,262,275,275,295,295,295],"floor_reached":51,"playtime":1350,"items_purged":["Choke","Heel Hook","Masterful Stab+1"],"score":1054,"play_id":"7c88c420-540a-4d0a-a7de-76f8136f0130","local_time":"20210104203218","daily_mods":["SealedDeck","Colorless Cards","Heirloom","Flight"],"is_ascension_mode":false,"campfire_choices":[{"data":"Blind","floor":6,"key":"SMITH"},{"data":"Deflect","floor":7,"key":"SMITH"},{"data":"Deflect","floor":8,"key":"SMITH"},{"data":"Slice","floor":13,"key":"SMITH"},{"data":"Endless Agony","floor":15,"key":"SMITH"},{"data":"Trip","floor":23,"key":"SMITH"},{"data":"Sadistic Nature","floor":24,"key":"SMITH"},{"data":"Slice","floor":28,"key":"SMITH"},{"data":"Slice","floor":32,"key":"SMITH"},{"data":"Panacea","floor":40,"key":"SMITH"},{"floor":42,"key":"REST"},{"floor":47,"key":"REST"},{"floor":49,"key":"REST"}],"circlet_count":0,"master_deck":["Slice+1","Deflect+1","Blind+1","Endless Agony+1","Deflect+1","Slice+1","Sadistic Nature+1","Trip+1","Sadistic Nature+1","Panacea+1"],"relics":["Unceasing Top","CaptainsWheel","Smiling Mask","Omamori","WristBlade","Centennial Puzzle","Kunai","DollysMirror","Membership Card","Empty Cage","TheAbacus","InkBottle","Molten Egg 2","Pocketwatch"],"acts_visited":["Exordium","Exordium","TheBeyond"],"potions_floor_usage":[11,16,50,50,50],"damage_taken":[{"damage":0,"enemies":"Cultist","floor":1,"turns":1},{"damage":0,"enemies":"Jaw Worm","floor":2,"turns":1},{"damage":0,"enemies":"Small Slimes","floor":3,"turns":1},{"damage":0,"enemies":"2 Fungi Beasts","floor":4,"turns":1},{"damage":0,"enemies":"Exordium Wildlife","floor":5,"turns":1},{"damage":0,"enemies":"Blue Slaver","floor":10,"turns":1},{"damage":0,"enemies":"Lagavulin","floor":11,"turns":1},{"damage":0,"enemies":"2 Fungi Beasts","floor":14,"turns":1},{"damage":0,"enemies":"Hexaghost","floor":16,"turns":4},{"damage":0,"enemies":"theJungle:GiantWrat","floor":18,"turns":1},{"damage":0,"enemies":"theJungle:Flameango_and_Byrd","floor":19,"turns":2},{"damage":0,"enemies":"theJungle:JungleHuntersEncounter","floor":21,"turns":1},{"damage":0,"enemies":"theJungle:Cassacara","floor":25,"turns":1},{"damage":0,"enemies":"theJungle:Snecko_Cultist_And_Trap","floor":27,"turns":2},{"damage":0,"enemies":"theJungle:2_Flameangoes","floor":31,"turns":1},{"damage":0,"enemies":"theJungle:QueenSpyder","floor":33,"turns":1},{"damage":0,"enemies":"Orb Walker","floor":35,"turns":1},{"damage":0,"enemies":"3 Shapes","floor":38,"turns":1},{"damage":0,"enemies":"Transient","floor":39,"turns":5},{"damage":0,"enemies":"Reptomancer","floor":44,"turns":1},{"damage":0,"enemies":"Giant Head","floor":45,"turns":1},{"damage":0,"enemies":"4 Shapes","floor":46,"turns":1},{"damage":0,"enemies":"Writhing Mass","floor":48,"turns":1},{"damage":0,"enemies":"Donu and Deca","floor":50,"turns":1}],"seed_played":"6437844994833954656","potions_obtained":[{"floor":2,"key":"BlessingOfTheForge"},{"floor":3,"key":"Energy Potion"},{"floor":4,"key":"DistilledChaos"},{"floor":11,"key":"ColorlessPotion"},{"floor":14,"key":"LiquidBronze"},{"floor":16,"key":"AttackPotion"},{"floor":19,"key":"Strength Potion"},{"floor":27,"key":"DuplicationPotion"}],"is_trial":true,"path_per_floor":["M","M","M","M","M","R","R","R","T","M","E","?","R","M","R","B",null,"M","M","$","M","?","R","R","E","T","M","R","$","$","M","R","B",null,"M","$","?","M","M","R","?","R","T","E","E","M","R","M","R","B",null],"character_chosen":"THE_SILENT","items_purchased":["DollysMirror","Membership Card","TheAbacus"],"campfire_rested":3,"item_purchase_floors":[29,30,36],"current_hp_per_floor":[70,70,70,70,70,70,70,70,70,70,70,75,75,75,75,75,75,75,75,75,75,64,64,64,64,64,64,64,64,64,64,64,64,75,75,75,75,75,75,75,71,71,71,71,71,71,71,71,71,71],"gold":295,"neow_bonus":"","is_daily":false,"chose_seed":false,"campfire_upgraded":10,"win_rate":0.0,"timestamp":1609792338,"path_taken":["M","M","?","M","M","R","R","R","T","M","E","?","R","M","R","BOSS","M","M","$","M","?","R","R","E","T","M","R","$","$","M","R","BOSS","M","$","?","M","M","R","?","R","T","E","E","M","R","M","R","BOSS"],"items_purchased_type":["Relic","Relic","Relic"],"build_version":"2020-12-22","purchased_purges":3,"victory":true,"max_hp_per_floor":[70,70,70,70,70,70,70,70,70,70,70,75,75,75,75,75,75,75,75,75,75,75,75,75,75,75,75,75,75,75,75,75,75,75,75,75,75,75,75,75,71,71,71,71,71,71,71,71,71,71],"card_choices":[{"not_picked":["Poisoned Stab","Deadly Poison","Sucker Punch"],"picked":"SKIP","floor":1},{"not_picked":["Blur","Quick Slash","Cloak And Dagger"],"picked":"SKIP","floor":2},{"not_picked":["Eviscerate","Secret Weapon","Flying Knee"],"picked":"SKIP","floor":3},{"not_picked":["Deadly Poison","Footwork"],"picked":"Slice","floor":4},{"not_picked":["Terror","Poisoned Stab","Deadly Poison"],"picked":"SKIP","floor":5},{"not_picked":["Cloak And Dagger","Blade Dance","PiercingWail"],"picked":"SKIP","floor":10},{"not_picked":["Venomology","Underhanded Strike","Bullet Time"],"picked":"SKIP","floor":11},{"not_picked":["Blur","Cloak And Dagger","Dagger Spray"],"picked":"SKIP","floor":14},{"not_picked":["Phantasmal Killer","Magnetism"],"picked":"Sadistic Nature","floor":16},{"not_picked":["PiercingWail","Slice","Dodge and Roll"],"picked":"SKIP","floor":18},{"not_picked":["Infinite Blades","Dagger Throw+1","Reflex"],"picked":"SKIP","floor":19},{"not_picked":["Distraction","Secret Weapon"],"picked":"Trip","floor":21},{"not_picked":["Outmaneuver","Cloak And Dagger"],"picked":"Masterful Stab+1","floor":25},{"not_picked":["Heel Hook+1","Underhanded Strike","Riddle With Holes+1"],"picked":"SKIP","floor":27},{"not_picked":["Caltrops+1","Slice","Backflip+1"],"picked":"SKIP","floor":31},{"not_picked":["Blur+1","Concentrate","Bane+1"],"picked":"SKIP","floor":35},{"not_picked":["Cloak And Dagger+1","Poisoned Stab","Acrobatics+1"],"picked":"SKIP","floor":38},{"not_picked":["Dodge and Roll+1","Flying Knee+1"],"picked":"Panacea","floor":39},{"not_picked":["PiercingWail+1","Deflect","Backflip"],"picked":"SKIP","floor":44},{"not_picked":["Outmaneuver+1","Discovery+1","Quick Slash+1"],"picked":"SKIP","floor":45},{"not_picked":["Outmaneuver","Setup+1","Slice+1"],"picked":"SKIP","floor":46},{"not_picked":["Dagger Throw+1","Prepared","Cloak And Dagger+1"],"picked":"SKIP","floor":48}],"player_experience":3242293,"relics_obtained":[{"floor":9,"key":"Smiling Mask"},{"floor":11,"key":"Omamori"},{"floor":25,"key":"Centennial Puzzle"},{"floor":26,"key":"Kunai"},{"floor":43,"key":"InkBottle"},{"floor":44,"key":"Molten Egg 2"},{"floor":45,"key":"Pocketwatch"}],"event_choices":[{"damage_healed":0,"gold_gain":0,"player_choice":"Donut","damage_taken":0,"max_hp_gain":5,"max_hp_loss":0,"event_name":"Big Fish","floor":12,"gold_loss":0},{"cards_removed":["Slice"],"damage_healed":0,"gold_gain":0,"player_choice":"Removed Attack","damage_taken":0,"max_hp_gain":0,"max_hp_loss":0,"event_name":"Falling","floor":37,"gold_loss":0},{"damage_healed":0,"gold_gain":0,"player_choice":"Max HP","damage_taken":0,"max_hp_gain":0,"max_hp_loss":4,"event_name":"Winding Halls","floor":41,"gold_loss":0}],"is_beta":false,"boss_relics":[{"not_picked":["Snecko Eye","Black Star"],"picked":"WristBlade"},{"not_picked":["HoveringKite","SlaversCollar"],"picked":"Empty Cage"}],"items_purged_floors":[20,29,30],"is_endless":false,"potions_floor_spawned":[2,3,4,11,14,16,19,27,31,38,44,48],"ascension_level":0}}