{"host":"0ydzwspkajt4brzd","time":1609746264,"event":{"mods":["AchievementEnabler","BaseMod","Colored Map","DeckTracker","Googly Eyes","Highlight Path","Minty Spire (QoL Compilation)","Quick Restart","Random Character Button","Rare Cards Sparkle"],"gold_per_floor":[119,134,134,146,161,161,195,213,213,231,11,27,27,53,53,156,156,168,13,24,44,60,60,91,91,165,195,195,213,213,224,224,320,320,340,351,451,4,18,53,53,87,87,87,0,46,46,63,63,63],"floor_reached":51,"playtime":3469,"items_purged":["Strike_B","Strike_B+1"],"score":865,"play_id":"ce2c0269-e35c-4bf6-a27e-ee463514d66a","local_time":"20210103234424","is_ascension_mode":true,"campfire_choices":[{"data":"Zap","floor":6,"key":"SMITH"},{"floor":13,"key":"REST"},{"data":"Chaos","floor":15,"key":"SMITH"},{"data":"Echo Form","floor":23,"key":"SMITH"},{"floor":28,"key":"REST"},{"floor":32,"key":"REST"},{"data":"RitualDagger","floor":41,"key":"SMITH"},{"data":"Reboot","floor":44,"key":"SMITH"},{"floor":49,"key":"REST"}],"circlet_count":0,"master_deck":["Strike_B+1","Strike_B+1","Defend_B+1","Defend_B+1","Defend_B+1","Defend_B+1","Zap+1","Dualcast","Streamline+1","Go for the Eyes","Cold Snap","Steam","Ball Lightning","Conserve Battery+1","Cold Snap","Doom and Gloom","Chaos+1","Echo Form+1","Streamline+1","Compile Driver+1","Tempest","Reboot","RitualDagger+1","Hello World+1","All For One","Steam+1","Cold Snap+1","Apotheosis+1","Reboot+1","Capacitor+1","Leap+1","Defragment+1","Apotheosis","Redo+1","Steam Power+1"],"relics":["Cracked Core","NeowsBlessing","Kunai","Blue Candle","Pen Nib","Anchor","Sozu","Membership Card","Matryoshka","Regal Pillow","Mummified Hand","Symbiotic Virus","SlaversCollar","Unceasing Top","Ornamental Fan","War Paint","Frozen Egg 2","Potion Belt","Toy Ornithopter","Torii"],"acts_visited":["Exordium","TheCity","TheBeyond"],"potions_floor_usage":[5,16,16,27],"damage_taken":[{"damage":0.0,"enemies":"2 Louse","floor":1.0,"turns":1.0},{"damage":0.0,"enemies":"Cultist","floor":2.0,"turns":1.0},{"damage":0.0,"enemies":"Small Slimes","floor":4.0,"turns":1.0},{"damage":4,"enemies":"2 Fungi Beasts","floor":5,"turns":3},{"damage":29,"enemies":"Gremlin Nob","floor":7,"turns":4},{"damage":2,"enemies":"Red Slaver","floor":8,"turns":3},{"damage":2,"enemies":"Blue Slaver","floor":10,"turns":2},{"damage":11,"enemies":"Looter","floor":12,"turns":2},{"damage":19,"enemies":"Lagavulin","floor":14,"turns":4},{"damage":16,"enemies":"Hexaghost","floor":16,"turns":8},{"damage":6,"enemies":"Spheric Guardian","floor":18,"turns":4},{"damage":16,"enemies":"2 Thieves","floor":20,"turns":3},{"damage":0,"enemies":"Cultist and Chosen","floor":21,"turns":4},{"damage":7,"enemies":"3 Cultists","floor":22,"turns":4},{"damage":7,"enemies":"Gremlin Leader","floor":24,"turns":6},{"damage":26,"enemies":"Slavers","floor":27,"turns":6},{"damage":6,"enemies":"Centurion and Healer","floor":29,"turns":3},{"damage":2,"enemies":"Chosen and Byrds","floor":31,"turns":4},{"damage":49,"enemies":"Champ","floor":33,"turns":10},{"damage":4,"enemies":"3 Darklings","floor":35,"turns":6},{"damage":0,"enemies":"3 Shapes","floor":36,"turns":3},{"damage":7,"enemies":"Sphere and 2 Shapes","floor":39,"turns":5},{"damage":11,"enemies":"Reptomancer","floor":40,"turns":6},{"damage":1,"enemies":"Giant Head","floor":42,"turns":7},{"damage":5,"enemies":"2 Orb Walkers","floor":46,"turns":5},{"damage":0,"enemies":"Transient","floor":48,"turns":5},{"damage":20,"enemies":"Awakened One","floor":50,"turns":12}],"seed_played":"6357126635731381917","potions_obtained":[{"floor":4.0,"key":"Strength Potion"},{"floor":5,"key":"LiquidBronze"},{"floor":8,"key":"LiquidBronze"},{"floor":16,"key":"FearPotion"}],"is_trial":false,"path_per_floor":["M","M","?","M","M","R","E","M","T","M","$","M","R","E","R","B",null,"M","$","M","M","M","R","E","?","T","E","R","M","?","M","R","B",null,"M","M","?","$","M","E","R","E","T","R","$","?","?","M","R","B",null],"character_chosen":"DEFECT","items_purchased":["Pen Nib","Membership Card","Apotheosis","Unceasing Top","Ornamental Fan","Reboot","Apotheosis"],"campfire_rested":4,"item_purchase_floors":[11,19,38,38,38,38,45],"current_hp_per_floor":[75,75,75,75,71,71,42,40,40,38,38,27,49,30,30,14,75,69,69,53,53,46,46,39,33,33,7,44,38,38,36,73,24,75,71,71,71,71,64,53,53,52,52,52,52,47,40,40,75,55],"gold":63,"neow_bonus":"THREE_ENEMY_KILL","is_daily":false,"chose_seed":false,"campfire_upgraded":5,"win_rate":0.0,"timestamp":1609746264,"path_taken":["M","M","?","M","M","R","E","M","T","M","$","M","R","E","R","BOSS","M","$","?","?","M","R","E","?","T","E","R","M","?","M","R","BOSS","M","M","?","$","?","E","R","E","T","R","$","?","?","M","R","BOSS"],"items_purchased_type":["Relic","Relic","Card","Relic","Relic","Card","Card"],"build_version":"2020-12-22","purchased_purges":2,"victory":true,"max_hp_per_floor":[75,75,75,75,75,75,75,75,75,75,75,75,75,75,75,75,75,75,75,75,75,75,75,75,75,75,75,75,75,75,75,75,75,75,75,75,75,75,75,75,75,75,75,75,75,75,75,75,75,75],"card_choices":[{"not_picked":["Rebound","Recycle"],"picked":"Streamline","floor":1.0},{"not_picked":["Leap","Beam Cell"],"picked":"Go for the Eyes","floor":2.0},{"not_picked":["Skim","Coolheaded"],"picked":"Cold Snap","floor":4.0},{"not_picked":["Double Energy","Leap"],"picked":"Steam","floor":5},{"not_picked":["Chill","Chaos"],"picked":"Ball Lightning","floor":7},{"not_picked":["Beam Cell","Compile Driver"],"picked":"Conserve Battery","floor":8},{"not_picked":["Reprogram","Sweeping Beam"],"picked":"Cold Snap","floor":10},{"not_picked":["Force Field","Cold Snap"],"picked":"Doom and Gloom","floor":12},{"not_picked":["White Noise","Barrage"],"picked":"Chaos","floor":14},{"not_picked":["Buffer","Amplify"],"picked":"Echo Form","floor":16},{"not_picked":["Beam Cell","Stack"],"picked":"Streamline+1","floor":18},{"not_picked":["Redo","Stack"],"picked":"Compile Driver+1","floor":20},{"not_picked":["Rebound","Force Field"],"picked":"Tempest","floor":21},{"not_picked":["Turbo","Steam"],"picked":"Reboot","floor":22},{"not_picked":["Steam","Barrage","Amplify"],"picked":"SKIP","floor":24},{"not_picked":["Streamline+1","Turbo+1"],"picked":"Hello World+1","floor":27},{"not_picked":["Rebound","Sweeping Beam+1","Cold Snap"],"picked":"SKIP","floor":29},{"not_picked":["Barrage","Redo","Force Field"],"picked":"SKIP","floor":31},{"not_picked":["Biased Cognition","Buffer"],"picked":"All For One","floor":33},{"not_picked":["Barrage+1","Compile Driver"],"picked":"Steam+1","floor":35},{"not_picked":["Darkness","Blizzard"],"picked":"Cold Snap+1","floor":36},{"not_picked":["Compile Driver","Coolheaded"],"picked":"Capacitor+1","floor":39},{"not_picked":["Cold Snap+1","Force Field"],"picked":"Leap+1","floor":40},{"not_picked":["Force Field+1","Melter+1"],"picked":"Defragment+1","floor":42},{"not_picked":["Steam","Core Surge"],"picked":"Redo+1","floor":46},{"not_picked":["Barrage+1","Stack"],"picked":"Steam Power+1","floor":48}],"player_experience":453839,"relics_obtained":[{"floor":7,"key":"Kunai"},{"floor":9,"key":"Blue Candle"},{"floor":14,"key":"Anchor"},{"floor":24,"key":"Matryoshka"},{"floor":26,"key":"Regal Pillow"},{"floor":26,"key":"Mummified Hand"},{"floor":27,"key":"Symbiotic Virus"},{"floor":40,"key":"War Paint"},{"floor":42,"key":"Frozen Egg 2"},{"floor":43,"key":"Potion Belt"},{"floor":43,"key":"Toy Ornithopter"},{"floor":46,"key":"Torii"}],"event_choices":[{"damage_healed":0.0,"max_hp_gain":0.0,"max_hp_loss":0.0,"gold_gain":0.0,"event_name":"Upgrade Shrine","player_choice":"Upgraded","floor":3.0,"gold_loss":0.0,"damage_taken":0.0,"cards_upgraded":["Streamline"]},{"damage_healed":0,"gold_gain":0,"player_choice":"Joined the Cult","damage_taken":6,"max_hp_gain":0,"max_hp_loss":0,"event_name":"Nest","floor":25,"gold_loss":0,"cards_obtained":["RitualDagger"]},{"damage_healed":0,"gold_gain":0,"player_choice":"Simplicity","damage_taken":0,"max_hp_gain":0,"max_hp_loss":0,"event_name":"Back to Basics","floor":30,"gold_loss":0,"cards_upgraded":["Strike_B","Strike_B","Strike_B","Defend_B","Defend_B","Defend_B","Defend_B"]},{"damage_healed":0,"gold_gain":100,"player_choice":"Pray","damage_taken":0,"max_hp_gain":0,"max_hp_loss":0,"event_name":"Golden Shrine","floor":37,"gold_loss":0},{"damage_healed":0,"gold_gain":0,"player_choice":"Fight","damage_taken":0,"max_hp_gain":0,"max_hp_loss":0,"event_name":"Mysterious Sphere","floor":46,"gold_loss":0},{"damage_healed":0,"gold_gain":0,"player_choice":"Damaged","damage_taken":7,"max_hp_gain":0,"max_hp_loss":0,"event_name":"Wheel of Change","floor":47,"gold_loss":0}],"is_beta":false,"boss_relics":[{"not_picked":["Runic Pyramid","Snecko Eye"],"picked":"Sozu"},{"not_picked":["Nuclear Battery","Philosopher\u0027s Stone"],"picked":"SlaversCollar"}],"items_purged_floors":[11,38],"is_endless":false,"potions_floor_spawned":[4,5,8,16,21,24,27,31,39,40,42],"ascension_level":3}}