{"host":"t3am9egsh7oyry6t","time":1609793807,"event":{"mods":["AchievementEnabler","BaseMod","Colored Powertips","Googly Eyes","Minty Spire (QoL Compilation)","Relic Stats","StSLib","Synergy Search"],"gold_per_floor":[113,127,141,160,172,172,200,225,237,274,286,313,325,337,349,361,361],"floor_reached":16,"playtime":1054,"items_purged":[],"score":139,"play_id":"fe89520e-91a7-46c5-b4ac-3968899fe58d","local_time":"20210104125647","is_ascension_mode":false,"campfire_choices":[{"data":"BattleHymn","floor":6,"key":"SMITH"},{"floor":11,"key":"REST"},{"data":"Halt","floor":13,"key":"SMITH"},{"data":"Vengeance","floor":15,"key":"SMITH"}],"circlet_count":0,"master_deck":["Strike_P","Strike_P","Strike_P","Defend_P","Defend_P","Defend_P","Defend_P","Eruption","Vigilance","DeusExMachina","BattleHymn+1","Vengeance+1","BowlingBash","ClearTheMind","ReachHeaven","Halt+1","Evaluate","PathToVictory","InnerPeace"],"relics":["PureWater","MawBank","Bag of Marbles","Regal Pillow"],"acts_visited":["Exordium"],"potions_floor_usage":[7,10],"damage_taken":[{"damage":6,"enemies":"Small Slimes","floor":1,"turns":3},{"damage":0,"enemies":"2 Louse","floor":2,"turns":2},{"damage":11,"enemies":"Jaw Worm","floor":3,"turns":2},{"damage":9,"enemies":"Large Slime","floor":4,"turns":4},{"damage":5,"enemies":"Looter","floor":5,"turns":3},{"damage":0,"enemies":"Gremlin Nob","floor":7,"turns":2},{"damage":19,"enemies":"Exordium Thugs","floor":8,"turns":3},{"damage":8,"enemies":"3 Sentries","floor":10,"turns":4},{"damage":6,"enemies":"Exordium Wildlife","floor":12,"turns":3},{"damage":42,"enemies":"The Guardian","floor":16,"turns":8}],"seed_played":"2893205649371854162","potions_obtained":[{"floor":1,"key":"BottledMiracle"},{"floor":3,"key":"SmokeBomb"},{"floor":5,"key":"StancePotion"},{"floor":8,"key":"Dexterity Potion"}],"is_trial":false,"path_per_floor":["M","M","M","M","M","R","E","M","T","E","R","M","R","?","R","B"],"character_chosen":"WATCHER","items_purchased":[],"campfire_rested":1,"item_purchase_floors":[],"current_hp_per_floor":[66,66,55,46,41,41,41,22,22,14,50,44,44,37,37,0,0],"gold":361,"neow_bonus":"ONE_RANDOM_RARE_CARD","is_daily":false,"chose_seed":false,"campfire_upgraded":3,"win_rate":0.0,"timestamp":1609793807,"path_taken":["M","M","M","M","M","R","E","M","T","E","R","M","R","?","R","BOSS"],"items_purchased_type":[],"build_version":"2020-12-22","purchased_purges":0,"victory":false,"max_hp_per_floor":[72,72,72,72,72,72,72,72,72,72,72,72,72,72,72,72,72],"relic_stats":{"Regal Pillow":15,"counters":[10,34],"MawBank":108,"obtain_stats":[{"Regal Pillow":10,"Bag of Marbles":9,"PureWater":0,"MawBank":7},{"Regal Pillow":8,"Bag of Marbles":7,"PureWater":0,"MawBank":6},{"Regal Pillow":23,"Bag of Marbles":19,"PureWater":0,"MawBank":16}]},"card_choices":[{"not_picked":["Evaluate","Sanctity"],"picked":"BattleHymn","floor":1},{"not_picked":["Weave","Evaluate"],"picked":"Vengeance","floor":2},{"not_picked":["LikeWater","FlurryOfBlows"],"picked":"BowlingBash","floor":3},{"not_picked":["Prostrate","PathToVictory"],"picked":"ClearTheMind","floor":4},{"not_picked":["Prostrate","TalkToTheHand"],"picked":"ReachHeaven","floor":5},{"not_picked":["LikeWater","WindmillStrike"],"picked":"Halt","floor":7},{"not_picked":["DeceiveReality","Protect"],"picked":"Evaluate","floor":8},{"not_picked":["JustLucky","Ragnarok"],"picked":"PathToVictory","floor":10},{"not_picked":["Protect","Sanctity"],"picked":"InnerPeace","floor":12}],"player_experience":484492,"relics_obtained":[{"floor":7,"key":"MawBank"},{"floor":9,"key":"Bag of Marbles"},{"floor":10,"key":"Regal Pillow"}],"event_choices":[{"cards_removed":["Strike_P"],"damage_healed":0,"gold_gain":0,"player_choice":"Card Removal","damage_taken":7,"max_hp_gain":0,"max_hp_loss":0,"event_name":"Golden Wing","floor":14,"gold_loss":0}],"is_beta":false,"boss_relics":[],"items_purged_floors":[],"is_endless":false,"potions_floor_spawned":[1,3,5,8],"killed_by":"The Guardian","ascension_level":0}}