{"host":"oiai0qxasotny765","time":1609790491,"event":{"mods":["2.2 Compatiblity","AchievementEnabler","BaseMod","Colored Map","Minty Spire (QoL Compilation)","Permanent Neow","Relic Stats","StSLib","SuperFastMode","everything is the same but u backflip on backflip"],"gold_per_floor":[117,392,405,68,85,85,85,85,108,139,119,141,166,45,45,127,127,137,37,57,43,43,43],"floor_reached":22,"playtime":867,"items_purged":["Pain","Regret"],"score":305,"play_id":"becdcfe8-f837-449e-8748-9dddfde5b4c3","local_time":"20210105050131","is_ascension_mode":true,"campfire_choices":[{"data":"Dark Embrace","floor":6.0,"key":"SMITH"},{"data":"Bash","floor":8.0,"key":"SMITH"},{"data":"True Grit","floor":15.0,"key":"SMITH"}],"circlet_count":0,"master_deck":["AscendersBane","Strike_R","Strike_R+1","Strike_R","Strike_R","Strike_R","Defend_R","Defend_R","Defend_R","Defend_R+1","Bash+1","Twin Strike","Dark Embrace+1","Shrug It Off","Armaments","Blood for Blood","Uppercut","Reckless Charge","Evolve","Fire Breathing","True Grit+1","Double Tap","Havoc","Shrug It Off"],"relics":["Burning Blood","WingedGreaves","Sundial","CeramicFish","Odd Mushroom","Orrery","Runic Pyramid"],"acts_visited":["Exordium","TheCity"],"potions_floor_usage":[20,20,22],"damage_taken":[{"damage":11.0,"enemies":"2 Louse","floor":1.0,"turns":4.0},{"damage":3.0,"enemies":"Cultist","floor":3.0,"turns":3.0},{"damage":20.0,"enemies":"Jaw Worm","floor":5.0,"turns":4.0},{"damage":22.0,"enemies":"The Mushroom Lair","floor":10.0,"turns":4.0},{"damage":2.0,"enemies":"Large Slime","floor":12.0,"turns":6.0},{"damage":0.0,"enemies":"3 Louse","floor":13.0,"turns":3.0},{"damage":11.0,"enemies":"Hexaghost","floor":16.0,"turns":11.0},{"damage":25,"enemies":"Shell Parasite","floor":18,"turns":6},{"damage":23,"enemies":"3 Byrds","floor":20,"turns":7},{"damage":28,"enemies":"Shelled Parasite and Fungi","floor":22,"turns":5}],"seed_played":"5700876608425432325","potions_obtained":[{"floor":1.0,"key":"Fire Potion"},{"floor":10.0,"key":"SkillPotion"},{"floor":11.0,"key":"DistilledChaos"},{"floor":18,"key":"EntropicBrew"}],"is_trial":false,"path_per_floor":["M","?","M","$","M","R","?","R","T","?","?","M","M","$","R","B",null,"M","$","M","$","M"],"character_chosen":"IRONCLAD","items_purchased":["Sundial","Orrery","Shrug It Off"],"campfire_rested":0,"item_purchase_floors":[4,14,21],"current_hp_per_floor":[63,63,66,66,52,52,29,29,29,13,13,17,23,23,23,18,61,42,42,25,25,0,0],"gold":43,"neow_bonus":"ONE_RARE_RELIC","is_daily":false,"chose_seed":false,"campfire_upgraded":3,"win_rate":0.0,"timestamp":1609790491,"path_taken":["M","?","M","$","?","R","?","R","T","?","?","?","M","$","R","BOSS","M","$","M","$","M"],"items_purchased_type":["Relic","Relic","Card"],"build_version":"2020-12-22","purchased_purges":2,"victory":false,"max_hp_per_floor":[75,75,75,75,75,75,75,75,75,75,75,75,75,75,75,75,75,75,75,75,75,75,75],"relic_stats":{"counters":[10,53],"Sundial":[6],"CeramicFish":90,"obtain_stats":[{"Sundial":4,"CeramicFish":9,"Orrery":14,"WingedGreaves":0,"Odd Mushroom":10,"Burning Blood":0,"Runic Pyramid":17},{"Sundial":2,"CeramicFish":3,"Orrery":6,"WingedGreaves":0,"Odd Mushroom":4,"Burning Blood":0,"Runic Pyramid":7},{"Sundial":7,"CeramicFish":11,"Orrery":24,"WingedGreaves":0,"Odd Mushroom":15,"Burning Blood":0,"Runic Pyramid":35}],"Burning Blood":54},"card_choices":[{"not_picked":["Rage","Warcry"],"picked":"Twin Strike","floor":1.0},{"not_picked":["Clash","Heavy Blade"],"picked":"Dark Embrace","floor":3.0},{"not_picked":["Twin Strike","Uppercut"],"picked":"Shrug It Off","floor":5.0},{"not_picked":["Flex","Twin Strike"],"picked":"Armaments","floor":10.0},{"not_picked":["Combust","Perfected Strike"],"picked":"Blood for Blood","floor":12.0},{"not_picked":["Impervious","Perfected Strike"],"picked":"Uppercut","floor":13.0},{"not_picked":["Blood for Blood","Warcry"],"picked":"Reckless Charge","floor":14.0},{"not_picked":["Iron Wave","Combust"],"picked":"Evolve","floor":14.0},{"not_picked":["Pummel","Cleave"],"picked":"Fire Breathing","floor":14.0},{"not_picked":["Dark Embrace","Clothesline"],"picked":"True Grit","floor":14.0},{"not_picked":["Exhume","Berserk"],"picked":"Double Tap","floor":16.0},{"not_picked":["Body Slam","Flex","Twin Strike+1"],"picked":"SKIP","floor":18},{"not_picked":["Flex","Shockwave"],"picked":"Havoc","floor":20}],"player_experience":302978,"relics_obtained":[{"floor":9.0,"key":"CeramicFish"},{"floor":10.0,"key":"Odd Mushroom"}],"event_choices":[{"damage_healed":0.0,"max_hp_gain":0.0,"max_hp_loss":0.0,"gold_gain":275.0,"event_name":"Golden Shrine","player_choice":"Desecrate","floor":2.0,"gold_loss":0.0,"damage_taken":0.0,"cards_obtained":["Regret"]},{"damage_healed":0.0,"max_hp_gain":0.0,"max_hp_loss":0.0,"gold_gain":0.0,"event_name":"Shining Light","player_choice":"Entered Light","floor":7.0,"gold_loss":0.0,"damage_taken":23.0,"cards_upgraded":["Defend_R","Strike_R"]},{"damage_healed":0.0,"max_hp_gain":0.0,"max_hp_loss":0.0,"gold_gain":0.0,"event_name":"Mushrooms","player_choice":"Fought Mushrooms","floor":10.0,"gold_loss":0.0,"damage_taken":0.0},{"damage_healed":0.0,"max_hp_gain":0.0,"max_hp_loss":0.0,"gold_gain":0.0,"event_name":"The Woman in Blue","player_choice":"Bought 1 Potion","floor":11.0,"gold_loss":0.0,"damage_taken":0.0}],"is_beta":false,"boss_relics":[{"not_picked":["Coffee Dripper","Snecko Eye"],"picked":"Runic Pyramid"}],"items_purged_floors":[4,19],"is_endless":false,"potions_floor_spawned":[1,10,12,18],"killed_by":"Shelled Parasite and Fungi","ascension_level":15}}