{"host":"0azimyi6n3ugndj4","time":1609766067,"event":{"mods":["2.2 Compatiblity","BaseMod","Bestiary","Conspire","Curses Come First","Defuse TimeMaze Blight","Hermit","Hyrulean Relics","Infinite Spire","Minty Spire (QoL Compilation)","Relic Stats","Replay The Spire","StSLib","SuperFastMode","The Cursed","The Hierophant","Uncapped","¡¼?Úª?ø«¡½REMEMod"],"gold_per_floor":[140,181,181,256,406,406,406],"floor_reached":6,"playtime":151,"items_purged":[],"score":168,"play_id":"6bdac85f-e226-4678-8973-116a4525a6b0","local_time":"20210104221427","daily_mods":["SealedDeck","Hoarder","Insanity","Chimera","Specialized","Vintage","ControlledChaos","Allstar","Diverse","Colorless Cards","Heirloom","Time Dilation","Flight","Elite Swarm","Lethality","Midas","Binary"],"is_ascension_mode":true,"campfire_choices":[],"circlet_count":0,"master_deck":["Demon Form","Wraith Form v2","Echo Form","DevaForm","AscendersBane","Bash","Survivor","Zap","Eruption","Strike_R","Strike_G","Strike_B","Defend_R","Defend_G","Defend_P","hermit:TakeCover","Rage","TheCursedMod:SmokeScreen","Coolheaded","hermit:ItchyTrigger","Dropkick","Sweeping Beam","TheCursedMod:Stigma","ReplayTheSpireMod:System Scan","Replay:AtTheReady","Rampage","Run Through","Blade Dance","Replay:Battleflow","hermit:Cheat","TheCursedMod:CursedStaff","hierophant:Glossolalia","hierophant:Doubloon","Skewer","TheCursedMod:WearCloak","TheCursedMod:TacticalStrike","hierophant:Shelter","SashWhip","hermit:HighCaliber","ReplayTheSpireMod:Corrosion Curse","hierophant:CoinFling","Wild Strike","Sneak Up","ReplayTheSpireMod:Dual Polarity","hierophant:Purify","hermit:DeadMansHand","Leap+1","hierophant:MirrorShield","Good Instincts","hierophant:HammerAndAnvil","PathToVictory","Go for the Eyes","Underhanded Strike","hierophant:Remorse","Uppercut","Blade Dance","TheCursedMod:CursedBlade","TheCursedMod:CircleOfFocus","hierophant:TollTheBells","ReplaySort","Finisher","Shrug It Off","TheCursedMod:EmpowerCircles","Flex","FlyingSleeves","WaveOfTheHand","WaveOfTheHand","WaveOfTheHand","WaveOfTheHand","WaveOfTheHand","WaveOfTheHand","WaveOfTheHand","WaveOfTheHand","WaveOfTheHand","WaveOfTheHand","WaveOfTheHand","WaveOfTheHand","WaveOfTheHand","WaveOfTheHand","WaveOfTheHand","Footwork","Footwork","Footwork","Evaluate","Evaluate","Evaluate","ReplayTheSpireMod:The Works","ReplayTheSpireMod:The Works","ReplayTheSpireMod:The Works","hermit:Roulette","hermit:Roulette","hermit:Roulette","Thunderclap","Thunderclap","Thunderclap","Hidden Blade","Hidden Blade","Hidden Blade","hierophant:SealAway","hierophant:SealAway","hierophant:SealAway","TheCursedMod:CursedBlade","TheCursedMod:CursedBlade","TheCursedMod:CursedBlade+1","Sword Boomerang","Sword Boomerang","Sword Boomerang","TheCursedMod:CircleOfFlame","TheCursedMod:CircleOfFlame","TheCursedMod:CircleOfFlame","Magnetism","Magnetism","Magnetism","Doubt","Doubt","Doubt"],"relics":["Ring of the Snake","Frozen Eye","Busted Crown","REME_ComplimentaryCards","Incense Burner","Pet Ghost","Replay:PocketPolymizer"],"acts_visited":["Exordium"],"potions_floor_usage":[6],"damage_taken":[{"damage":11,"enemies":"conspire:RoseBush","floor":1,"turns":6},{"damage":2,"enemies":"2 Louse","floor":2,"turns":2},{"damage":63,"enemies":"Gremlin Nob","floor":6,"turns":3}],"seed_played":"-6900823139394525426","potions_obtained":[{"floor":1,"key":"FearPotion"}],"is_trial":true,"path_per_floor":["M","M","?","?","?","E"],"character_chosen":"THE_SILENT","items_purchased":[],"campfire_rested":0,"item_purchase_floors":[],"current_hp_per_floor":[48,46,26,15,15,0,0],"gold":406,"neow_bonus":"","is_daily":false,"chose_seed":false,"campfire_upgraded":0,"win_rate":0.0,"timestamp":1609766067,"path_taken":["M","?","?","?","?","E"],"items_purchased_type":[],"build_version":"2020-12-22","purchased_purges":0,"victory":false,"max_hp_per_floor":[66,66,66,66,66,66,66],"relic_stats":{"Busted Crown":4,"counters":[3,11],"obtain_stats":[{"Frozen Eye":0,"Busted Crown":0,"Replay:PocketPolymizer":2,"Incense Burner":0,"Pet Ghost":1,"Ring of the Snake":0,"REME_ComplimentaryCards":0},{"Frozen Eye":0,"Busted Crown":0,"Replay:PocketPolymizer":2,"Incense Burner":0,"Pet Ghost":1,"Ring of the Snake":0,"REME_ComplimentaryCards":0},{"Frozen Eye":0,"Busted Crown":0,"Replay:PocketPolymizer":8,"Incense Burner":0,"Pet Ghost":6,"Ring of the Snake":0,"REME_ComplimentaryCards":0}],"Ring of the Snake":[6]},"card_choices":[],"player_experience":1521386,"relics_obtained":[{"floor":1,"key":"Pet Ghost"},{"floor":2,"key":"Replay:PocketPolymizer"}],"event_choices":[{"damage_healed":0,"gold_gain":0,"player_choice":"Entered Light","damage_taken":20,"max_hp_gain":0,"max_hp_loss":0,"event_name":"Shining Light","floor":3,"gold_loss":0,"cards_upgraded":["Leap","TheCursedMod:CursedBlade"]},{"damage_healed":0,"gold_gain":75,"player_choice":"Gather Gold","damage_taken":11,"max_hp_gain":0,"max_hp_loss":0,"event_name":"World of Goop","floor":4,"gold_loss":0},{"damage_healed":0,"gold_gain":150,"player_choice":"AGREE","damage_taken":0,"max_hp_gain":0,"max_hp_loss":0,"event_name":"Liars Game","floor":5,"gold_loss":0,"cards_obtained":["Doubt"]}],"is_beta":false,"boss_relics":[],"items_purged_floors":[],"is_endless":false,"potions_floor_spawned":[1],"killed_by":"Gremlin Nob","ascension_level":20}}