{"host":"922zt4fjsmmy4kg9","time":1609795163,"event":{"mods":["A Magickal Journey","Act Like it!","BaseMod","Better Third Choice","Downfall","Friendly Minions","Hermit","HololiveMod","Hubris","Jorbs\u0027s Wanderer Trilogy","Kiyohime????","Koishi","Marisa????????","Minty Spire (QoL Compilation)","Quick Restart","Reimu??????","Shop Mod","Spicy Shops","StSLib","SuperFastMode","The Animator","The Disciple","The Runesmith"],"gold_per_floor":[99,99,99,111,111,111,111,111,36,36,36,76,0,0,0],"floor_reached":14,"playtime":302,"items_purged":[],"score":123,"play_id":"9a8512bd-467b-4b15-962d-f591c3de9163","local_time":"20210105081923","is_ascension_mode":true,"campfire_choices":[{"data":"animator:YuiTsuruno","floor":1,"key":"SMITH"},{"data":"animator:MamiTomoe","floor":9,"key":"SMITH"},{"data":"animator:YachiyoNanami","floor":11,"key":"SMITH"}],"circlet_count":0,"master_deck":["AscendersBane","animator:Strike_MadokaMagica+1","animator:Defend_MadokaMagica","animator:Strike+1","animator:Strike","animator:Strike","animator:Defend","animator:Defend","animator:Defend+1","animator:IrohaTamaki","animator:YuiTsuruno+1","animator:MamiTomoe+1","animator:Tyuule","animator:YachiyoNanami+1","animator:NagisaMomoe","Pain"],"relics":["animator:LivingPicture","animator:TheMissingPiece","downfall:HeartsMalice","downfall:ShatteredFragment","Shuriken","downfall:HeartBlessingBlue","Spirit Poop","animator:HallowedScabbard","DataDisk"],"acts_visited":["Exordium"],"potions_floor_usage":[],"damage_taken":[{"damage":0,"enemies":"Jaw Worm","floor":4,"turns":1},{"damage":0,"enemies":"Small Slimes","floor":6,"turns":1},{"damage":0,"enemies":"Cultist","floor":8,"turns":1},{"damage":23,"enemies":"Lagavulin","floor":12,"turns":6},{"damage":6,"enemies":"downfall:FleeingMerchant","floor":13,"turns":4},{"damage":28,"enemies":"3 Sentries","floor":14,"turns":2}],"seed_played":"-9121208266361796531","potions_obtained":[{"floor":12,"key":"FearPotion"}],"is_trial":false,"path_per_floor":["R","?","?","M","T","M","T","M","R","?","R","E","$","E"],"character_chosen":"THE_ANIMATOR","items_purchased":["DataDisk"],"campfire_rested":0,"item_purchase_floors":[13],"current_hp_per_floor":[59,59,41,41,41,41,41,42,52,52,52,29,23,0,0],"gold":0,"neow_bonus":"THREE_ENEMY_KILL","is_daily":false,"chose_seed":false,"campfire_upgraded":3,"win_rate":0.0,"timestamp":1609795163,"path_taken":["R","?","?","M","?","M","T","?","R","?","R","E","?","E"],"items_purchased_type":["Relic"],"build_version":"2020-12-22","purchased_purges":0,"victory":false,"max_hp_per_floor":[66,66,66,66,66,66,66,67,77,77,77,77,77,77,77],"card_choices":[{"not_picked":["animator:PandorasActor","animator:TukaLunaMarceau"],"picked":"animator:MamiTomoe","floor":4},{"not_picked":["animator:LizardPriest","animator:Azekura"],"picked":"animator:Tyuule","floor":6},{"not_picked":["animator:OrikoMikuni","animator:Gluttony"],"picked":"animator:YachiyoNanami","floor":8},{"not_picked":["animator:SuzuneAmano","animator:OrikoMikuni"],"picked":"animator:NagisaMomoe","floor":12},{"not_picked":["animator:Tyuule","animator:Priestess","animator:TukaLunaMarceau"],"picked":"SKIP","floor":13}],"player_experience":1319312,"relics_obtained":[{"floor":5,"key":"Shuriken"},{"floor":12,"key":"animator:HallowedScabbard"}],"event_choices":[{"cards_removed":["Regret"],"damage_healed":0,"gold_gain":0,"player_choice":"Offered Curse","damage_taken":0,"relics_obtained":["Spirit Poop"],"max_hp_gain":0,"max_hp_loss":0,"event_name":"Bonfire Elementals","floor":10,"gold_loss":0}],"is_beta":false,"boss_relics":[],"items_purged_floors":[],"is_endless":false,"potions_floor_spawned":[12],"killed_by":"3 Sentries","ascension_level":11}}