{"host":"rolltorest","time":1609722378,"event":{"mods":["BaseMod","Minty Spire (QoL Compilation)","Relic Stats","Slay the Relics Exporter","StSLib","The Servant 0.9.4"],"gold_per_floor":[117,136,136,152,152,152,152],"floor_reached":6,"playtime":232,"items_purged":[],"score":72,"play_id":"6240ed74-5237-4949-a237-687b90f7304b","local_time":"20210103170618","is_ascension_mode":true,"campfire_choices":[],"circlet_count":0,"master_deck":["AscendersBane","Strike_S","Strike_S","Strike_S","Strike_S","Defend_S","Defend_S","Defend_S","Defend_S","KidneyShot","Exchange","Alleviate+1","Rearm","Sabotage"],"relics":["StoneMask","PreservedInsect"],"acts_visited":["Exordium"],"potions_floor_usage":[],"damage_taken":[{"damage":4,"enemies":"Small Slimes","floor":1,"turns":4},{"damage":2,"enemies":"Jaw Worm","floor":2,"turns":8},{"damage":10,"enemies":"Cultist","floor":4,"turns":5},{"damage":37,"enemies":"Lagavulin","floor":6,"turns":11}],"seed_played":"-2832578373816032425","potions_obtained":[{"floor":1,"key":"Block Potion"}],"is_trial":false,"path_per_floor":["M","M","?","M","?","E"],"character_chosen":"THE_SERVANT","items_purchased":[],"campfire_rested":0,"item_purchase_floors":[],"current_hp_per_floor":[56,57,57,50,50,13,13],"gold":152,"neow_bonus":"BOSS_RELIC","is_daily":false,"chose_seed":false,"campfire_upgraded":0,"win_rate":0.0,"timestamp":1609722378,"path_taken":["M","M","?","M","?","E"],"items_purchased_type":[],"build_version":"2020-12-18","purchased_purges":0,"victory":false,"max_hp_per_floor":[62,63,63,64,64,64,64],"relic_stats":{"counters":[4,28],"PreservedInsect":29,"obtain_stats":[{"StoneMask":0,"PreservedInsect":5,"Uniform":0},{"StoneMask":0,"PreservedInsect":3,"Uniform":0},{"StoneMask":0,"PreservedInsect":17,"Uniform":0}]},"card_choices":[{"not_picked":["Orbit","BottledTime"],"picked":"Alleviate","floor":1},{"not_picked":["DoubleEdge","FastForward"],"picked":"Rearm","floor":2},{"not_picked":["FastForward","Advance"],"picked":"Sabotage","floor":4}],"player_experience":1913966,"relics_obtained":[],"event_choices":[{"damage_healed":0,"gold_gain":0,"player_choice":"Grow","damage_taken":0,"max_hp_gain":0,"max_hp_loss":0,"event_name":"Living Wall","floor":3,"gold_loss":0,"cards_upgraded":["Alleviate"]},{"damage_healed":0,"gold_gain":0,"player_choice":"Gave Potion","damage_taken":0,"relics_obtained":["PreservedInsect"],"max_hp_gain":0,"max_hp_loss":0,"event_name":"WeMeetAgain","floor":5,"gold_loss":0}],"is_beta":true,"boss_relics":[],"items_purged_floors":[],"is_endless":false,"potions_floor_spawned":[1],"killed_by":"Lagavulin","ascension_level":20}}