{"host":"d7qmn60fs48wu5y6","time":1609797241,"event":{"mods":["BaseMod","Downfall","Marisa????????","Minty Spire (QoL Compilation)","Shade Mod","StSLib","The Bug Knight","The Cursed","The Necromancer","The Servant 0.9.4"],"gold_per_floor":[118,25,25,25,42,42,70,81,105,134,153,173,173,19,19,118,118,129,51,51,51,51,80,95,95,95,95,120,120,170,184,184,283,283,293,345,36,36,52,52,79,79,79,96,96,96,109,159,159,159,159,159,15,50,50],"floor_reached":56,"playtime":2717,"items_purged":["Strike_W"],"score":1214,"play_id":"8321d91e-7eaa-49ca-bc0c-f16ef301602e","local_time":"20210104135401","is_ascension_mode":true,"campfire_choices":[{"data":"Pandemic","floor":6,"key":"SMITH"},{"data":"Siphon_Strength","floor":13,"key":"SMITH"},{"data":"Stop_Heart","floor":15,"key":"SMITH"},{"floor":25,"key":"REST"},{"floor":27,"key":"REST"},{"data":"Summon_Vampire_Lady","floor":29,"key":"SMITH"},{"floor":32,"key":"RECALL"},{"data":"Summon_Death_Knight","floor":40,"key":"SMITH"},{"floor":42,"key":"REST"},{"floor":45,"key":"REST"},{"floor":49,"key":"REST"},{"data":"Madness","floor":52,"key":"SMITH"}],"circlet_count":0,"master_deck":["Strike_W","Strike_W","Strike_W","Defend_W","Defend_W","Defend_W+1","Defend_W+1","Negative_Energy_Arrows+1","Bone_Wall","expansioncontent:ChargeUp","Pandemic+1","Forethought+1","Bone_Prison","Bone_Bullets+1","Blood_Wake","Vampiric_Strike","Siphon_Strength+1","Stop_Heart+1","Skeleton_Dragon","Blood_Curse","Summon_Lich","Summon_Vampire_Lady+1","Bone_Armor","Spectral_Armor","Summon_Death_Knight+1","Spectral_Armor+1","Bones_to_Steel+1","Negative_Energy_Shield","Madness","Madness+1","expansioncontent:TimeRipple"],"relics":["Vampire_Amulet","Happy Flower","Whetstone","Ornamental Fan","Bag of Preparation","Potion Belt","Busted Crown","CatCart","Kunai","Pocketwatch","Bronze Scales","Dead Branch","War Paint","Bottled Tornado"],"acts_visited":["Exordium","TheCity","TheBeyond","TheEnding"],"potions_floor_usage":[7,23,23,23,41,41,48,55,55],"damage_taken":[{"damage":1,"enemies":"Cultist","floor":1,"turns":5},{"damage":2,"enemies":"2 Louse","floor":5,"turns":3},{"damage":7,"enemies":"Lagavulin","floor":7,"turns":8},{"damage":5,"enemies":"Small Slimes","floor":8,"turns":4},{"damage":26,"enemies":"3 Sentries","floor":10,"turns":8},{"damage":7,"enemies":"Exordium Wildlife","floor":11,"turns":3},{"damage":0,"enemies":"Large Slime","floor":12,"turns":3},{"damage":12,"enemies":"Hexaghost","floor":16,"turns":8},{"damage":2,"enemies":"Shell Parasite","floor":18,"turns":5},{"damage":48,"enemies":"Slavers","floor":23,"turns":7},{"damage":24,"enemies":"Spheric Guardian","floor":24,"turns":5},{"damage":37,"enemies":"Gremlin Leader","floor":28,"turns":7},{"damage":15,"enemies":"Snake Plant","floor":31,"turns":5},{"damage":68,"enemies":"Champ","floor":33,"turns":12},{"damage":30,"enemies":"3 Darklings","floor":35,"turns":5},{"damage":20,"enemies":"Orin","floor":36,"turns":10},{"damage":14,"enemies":"3 Shapes","floor":39,"turns":7},{"damage":51,"enemies":"Reptomancer","floor":41,"turns":7},{"damage":28,"enemies":"3 Darklings","floor":44,"turns":6},{"damage":15,"enemies":"Sphere and 2 Shapes","floor":47,"turns":6},{"damage":63,"enemies":"2 Orb Walkers","floor":48,"turns":6},{"damage":96,"enemies":"Awakened One","floor":50,"turns":15},{"damage":25,"enemies":"Shield and Spear","floor":54,"turns":6},{"damage":144,"enemies":"The Heart","floor":55,"turns":11}],"seed_played":"-7568959550537496376","potions_obtained":[{"floor":1,"key":"Fire Potion"},{"floor":8,"key":"Dexterity Potion"},{"floor":10,"key":"BlessingOfTheForge"},{"floor":18,"key":"Guardian:BlockOnCardUsePotion"},{"floor":31,"key":"Swift Potion"},{"floor":33,"key":"Fire Potion"},{"floor":44,"key":"BlessingOfTheForge"},{"floor":48,"key":"SpeedPotion"},{"floor":54,"key":"Dexterity Potion"}],"is_trial":false,"path_per_floor":["M","$","?","$","M","R","E","M","T","E","M","M","R","$","R","B",null,"M","$","?","?","$","E","M","R","T","R","E","R","?","M","R","B",null,"M","?","$","?","M","R","E","R","T","M","R","?","M","?","R","B",null,"R","$","E","B",null],"character_chosen":"NECROMANCER","items_purchased":["Forethought","Stop_Heart","Summon_Lich","Kunai","Negative_Energy_Shield","War Paint"],"campfire_rested":5,"item_purchase_floors":[2,14,19,37,37,53],"current_hp_per_floor":[75,75,75,75,75,75,70,69,69,49,46,51,51,51,51,46,75,75,75,75,75,75,33,17,39,39,61,43,43,43,44,44,18,75,47,66,66,57,64,64,38,60,60,45,67,67,73,31,53,14,75,75,75,63,33],"gold":50,"neow_bonus":"RANDOM_COLORLESS","is_daily":false,"chose_seed":false,"campfire_upgraded":6,"win_rate":0.0,"timestamp":1609797241,"path_taken":["M","$","?","$","?","R","E","M","T","E","M","M","R","$","R","BOSS","M","$","?","?","?","E","M","R","T","R","E","R","?","M","R","BOSS","M","?","$","?","M","R","E","R","T","M","R","?","M","?","R","BOSS","R","$","E","BOSS"],"items_purchased_type":["Card","Card","Card","Relic","Card","Relic"],"build_version":"2020-12-22","purchased_purges":1,"victory":true,"max_hp_per_floor":[75,75,75,75,75,75,75,75,75,75,75,75,75,75,75,75,75,75,75,75,75,75,75,75,75,75,75,75,75,75,75,75,75,75,75,75,75,75,75,75,75,75,75,75,75,75,75,75,75,75,75,75,75,75,75],"card_choices":[{"not_picked":["expansioncontent:Torchfire","expansioncontent:ManipulateTime"],"picked":"expansioncontent:ChargeUp","floor":0},{"not_picked":["Chill_Blood","Thousand_Bone_Knives"],"picked":"Pandemic","floor":1},{"not_picked":["Shade_Step","Negative_Energy_Sphere"],"picked":"Bone_Prison","floor":5},{"not_picked":["Negative_Energy_Javelin","Death_March_Dance"],"picked":"Bone_Bullets","floor":7},{"not_picked":["Finger_Of_Death","Shade_Step","Negative_Energy_Mist"],"picked":"SKIP","floor":8},{"not_picked":["Bone_Shift","Uncharnel"],"picked":"Blood_Wake","floor":10},{"not_picked":["Uncharnel","Negative_Energy_Mist"],"picked":"Vampiric_Strike","floor":11},{"not_picked":["Thousand_Bone_Knives","Consume_Illness"],"picked":"Siphon_Strength","floor":12},{"not_picked":["Blood_Wake","Blood_Magic"],"picked":"Skeleton_Dragon","floor":16},{"not_picked":["Bone_Bullets","Death_Coil+1"],"picked":"Blood_Curse","floor":18},{"not_picked":["Negative_Energy_Bomb","Whirlwind_of_Bones"],"picked":"Summon_Vampire_Lady","floor":23},{"not_picked":["Vampiric_Strike+1","Negative_Energy_Sphere"],"picked":"Bone_Armor","floor":24},{"not_picked":["Negative_Energy_Mist","Scare"],"picked":"Spectral_Armor","floor":28},{"not_picked":["Pandemic+1","Negative_Energy_Javelin","Death_Knell"],"picked":"SKIP","floor":31},{"not_picked":["Blood_Wake","Requiem"],"picked":"Summon_Death_Knight","floor":33},{"not_picked":[],"picked":"Spectral_Armor+1","floor":35},{"not_picked":[],"picked":"Bones_to_Steel+1","floor":36},{"not_picked":["Death_Coil+1"],"picked":"SKIP","floor":39},{"not_picked":["Blood_Whip+1"],"picked":"SKIP","floor":41},{"not_picked":["Blood_Whip+1"],"picked":"SKIP","floor":44},{"not_picked":[],"picked":"expansioncontent:TimeRipple","floor":46},{"not_picked":["Blood_Curse"],"picked":"SKIP","floor":47},{"not_picked":["Negative_Energy_Javelin"],"picked":"SKIP","floor":54}],"player_experience":912060,"relics_obtained":[{"floor":7,"key":"Happy Flower"},{"floor":9,"key":"Whetstone"},{"floor":10,"key":"Ornamental Fan"},{"floor":23,"key":"Bag of Preparation"},{"floor":28,"key":"Potion Belt"},{"floor":36,"key":"CatCart"},{"floor":41,"key":"Pocketwatch"},{"floor":43,"key":"Bronze Scales"},{"floor":48,"key":"Dead Branch"},{"floor":54,"key":"Bottled Tornado"}],"event_choices":[{"damage_healed":0,"gold_gain":0,"player_choice":"Forge","damage_taken":0,"max_hp_gain":0,"max_hp_loss":0,"event_name":"Accursed Blacksmith","floor":3,"gold_loss":0,"cards_upgraded":["Forethought"]},{"damage_healed":0,"gold_gain":0,"player_choice":"Ignored","damage_taken":0,"max_hp_gain":0,"max_hp_loss":0,"event_name":"Ghosts","floor":20,"gold_loss":0},{"damage_healed":0,"gold_gain":0,"player_choice":"Ignored","damage_taken":0,"max_hp_gain":0,"max_hp_loss":0,"event_name":"Cursed Tome","floor":21,"gold_loss":0},{"damage_healed":0,"gold_gain":100,"player_choice":"Bet on Murderer","damage_taken":0,"max_hp_gain":0,"max_hp_loss":0,"event_name":"The Joust","floor":30,"gold_loss":50},{"damage_healed":0,"gold_gain":0,"player_choice":"Fight","damage_taken":0,"max_hp_gain":0,"max_hp_loss":0,"event_name":"OrinTheCat","floor":36,"gold_loss":0},{"damage_healed":0,"gold_gain":0,"player_choice":"Embrace Madness","damage_taken":9,"max_hp_gain":0,"max_hp_loss":0,"event_name":"Winding Halls","floor":38,"gold_loss":0,"cards_obtained":["Madness","Madness"]},{"damage_healed":0,"gold_gain":0,"player_choice":"Memory 1","damage_taken":0,"max_hp_gain":0,"max_hp_loss":0,"event_name":"SensoryStone","floor":46,"gold_loss":0},{"damage_healed":0,"gold_gain":0,"player_choice":"Fight","damage_taken":0,"max_hp_gain":0,"max_hp_loss":0,"event_name":"Mysterious Sphere","floor":48,"gold_loss":0}],"is_beta":false,"boss_relics":[{"not_picked":["Philosopher\u0027s Stone","Fusion Hammer","Ectoplasm"]},{"not_picked":["Snecko Eye","Velvet Choker"],"picked":"Busted Crown"}],"items_purged_floors":[14],"is_endless":false,"potions_floor_spawned":[1,8,10,18,31,33,44,48,54],"ascension_level":1}}