{"host":"l97fnvmr74b5xfzs","time":1609803686,"event":{"mods":["AchievementEnabler","Act Like it!","BaseMod","Better Third Choice","Gensokyo","Hermit","Koishi","Marisa（霧雨　魔理沙）","Minty Spire (QoL Compilation)","StSLib","The Marked","The Servant 0.9.4"],"gold_per_floor":[110,120,120,135,37,37,37,53,53,53,82,92,126,141,141,241,241,255,268,117,133,133,133],"floor_reached":22,"playtime":1105,"items_purged":["Koishi:BasicDefend","Koishi:BasicStrike"],"score":198,"play_id":"170693a1-9c89-41a4-bda4-58f98940c22a","local_time":"20210104184126","is_ascension_mode":false,"campfire_choices":[{"data":"Koishi:Provoke","floor":6,"key":"SMITH"},{"data":"Koishi:HauntingSlash","floor":10,"key":"SMITH"},{"floor":15,"key":"REST"}],"circlet_count":0,"master_deck":["Koishi:BasicStrike","Koishi:BasicStrike","Koishi:BasicStrike","Koishi:BasicDefend","Koishi:BasicDefend","Koishi:BasicDefend","Koishi:Provoke+1","Koishi:HauntingSlash+1","Koishi:HeartAttack+1","Koishi:FleetingPhantom","Koishi:SubconsciousSweep","Koishi:StingingMind","Koishi:FleetingPhantom","Koishi:Untouchable","Koishi:UnconsciousUrges","Koishi:PhantomStrike","Koishi:GrowingPain","Koishi:TerrifyingSpectre","Koishi:SubterraneanRose","Koishi:IdleWhim+1","Koishi:RacingHeart","Koishi:PredatoryInstincts+1"],"relics":["Koishi:ImaginaryFriend","NeowsBlessing","Eternal Feather","Matryoshka","Question Card","Sozu"],"acts_visited":["Exordium","TheCity"],"potions_floor_usage":[11,18],"damage_taken":[{"damage":0,"enemies":"Jaw Worm","floor":1,"turns":1},{"damage":0,"enemies":"Cultist","floor":2,"turns":1},{"damage":0,"enemies":"2 Louse","floor":4,"turns":1},{"damage":2,"enemies":"Blue Slaver","floor":8,"turns":2},{"damage":22,"enemies":"Gremlin Nob","floor":11,"turns":4},{"damage":9,"enemies":"3 Louse","floor":12,"turns":4},{"damage":27,"enemies":"3 Sentries","floor":13,"turns":5},{"damage":6,"enemies":"Exordium Wildlife","floor":14,"turns":2},{"damage":40,"enemies":"Slime Boss","floor":16,"turns":10},{"damage":12,"enemies":"Shell Parasite","floor":18,"turns":7},{"damage":22,"enemies":"2 Thieves","floor":19,"turns":4},{"damage":33,"enemies":"Snake Plant","floor":21,"turns":6},{"damage":13,"enemies":"Cultist and Chosen","floor":22,"turns":3}],"seed_played":"-140897211997841965","potions_obtained":[{"floor":1,"key":"FairyPotion"},{"floor":2,"key":"Regen Potion"},{"floor":16,"key":"Swift Potion"}],"is_trial":false,"path_per_floor":["M","M","?","M","$","R","$","M","T","R","E","M","E","M","R","B",null,"M","M","$","M","M"],"character_chosen":"KOISHI","items_purchased":["Koishi:StingingMind","Koishi:RacingHeart"],"campfire_rested":1,"item_purchase_floors":[5,20],"current_hp_per_floor":[60,60,60,60,60,60,60,60,60,60,45,38,11,5,32,24,60,60,44,44,13,0,0],"gold":133,"neow_bonus":"THREE_ENEMY_KILL","is_daily":false,"chose_seed":false,"campfire_upgraded":2,"win_rate":0.0,"timestamp":1609803686,"path_taken":["M","M","?","M","$","R","?","M","T","R","E","M","E","?","R","BOSS","M","M","$","M","M"],"items_purchased_type":["Card","Card"],"build_version":"2020-12-22","purchased_purges":2,"victory":false,"max_hp_per_floor":[60,60,60,60,60,60,60,60,60,60,60,60,60,60,60,60,60,60,60,60,60,60,60],"card_choices":[{"not_picked":["Koishi:HeartfeltFancy","Koishi:PhantomBarrier"],"picked":"Koishi:HeartAttack","floor":1},{"not_picked":["Koishi:Jaunt","Koishi:SpiritedAway"],"picked":"Koishi:FleetingPhantom","floor":2},{"not_picked":["Koishi:LastRemote","Koishi:ReflexRadar"],"picked":"Koishi:SubconsciousSweep","floor":4},{"not_picked":["Koishi:ParalyzingFear","Koishi:ReflexRadar"],"picked":"Koishi:FleetingPhantom","floor":8},{"not_picked":["Koishi:ReflexRadar","Koishi:VengefulSpirit"],"picked":"Koishi:Untouchable","floor":11},{"not_picked":["Koishi:TremblingHands","Koishi:PhantomBarrier"],"picked":"Koishi:UnconsciousUrges","floor":12},{"not_picked":["Koishi:ReflexRadar","Koishi:Jaunt"],"picked":"Koishi:PhantomStrike","floor":13},{"not_picked":["Koishi:GeneticsOfTheUnconscious","Koishi:Bloodlust","Koishi:HeartAttack"],"picked":"Koishi:GrowingPain","floor":14},{"not_picked":["Koishi:FormlessExistence","Koishi:GrowingPain","Koishi:ImGoingToCallYouNow"],"picked":"Koishi:TerrifyingSpectre","floor":16},{"not_picked":["Koishi:StingingMind","Koishi:StrangeCloudFist","Koishi:ReflexRadar"],"picked":"Koishi:SubterraneanRose","floor":18},{"not_picked":["Koishi:LastRemote","Koishi:ParalyzingFear","Koishi:SubconsciousSweep"],"picked":"Koishi:IdleWhim+1","floor":19},{"not_picked":["Koishi:CatchAndRose","Koishi:UnansweredLove","Koishi:Vanish"],"picked":"Koishi:PredatoryInstincts+1","floor":21}],"player_experience":274715,"relics_obtained":[{"floor":9,"key":"Eternal Feather"},{"floor":11,"key":"Matryoshka"},{"floor":13,"key":"Question Card"}],"event_choices":[{"damage_healed":0,"gold_gain":0,"player_choice":"Forge","damage_taken":0,"max_hp_gain":0,"max_hp_loss":0,"event_name":"Accursed Blacksmith","floor":3,"gold_loss":0,"cards_upgraded":["Koishi:HeartAttack"]}],"is_beta":false,"boss_relics":[{"not_picked":["Ectoplasm","Empty Cage"],"picked":"Sozu"}],"items_purged_floors":[5,20],"is_endless":false,"potions_floor_spawned":[1,2,16],"killed_by":"Cultist and Chosen","ascension_level":0}}