{"host":"yo9wwslrag05lh37","time":1609725532,"event":{"mods":["AchievementEnabler","BaseMod","Block Reminder","Colored Map","Colored Powertips","GifTheSpireLib","HexUI Lib","Highlight Path","Minty Spire (QoL Compilation)","Rare Cards Sparkle","Relic Stats","StSLib","everything is the same but u backflip on backflip"],"gold_per_floor":[119,119,60,60,60,92,92,117,117,134,149,149,179,199,199,272,272,289,302,302,352,80,113,113,113,139,158,158,158,178,14,14,14,14],"floor_reached":33,"playtime":831,"items_purged":["Strike_B"],"score":762,"play_id":"3accbbf9-16fc-4726-8a55-1ae1b8a784a2","local_time":"20210104025852","is_ascension_mode":true,"campfire_choices":[{"data":"Zap","floor":7.0,"key":"SMITH"},{"data":"Sunder","floor":12.0,"key":"SMITH"},{"data":"Biased Cognition","floor":15.0,"key":"SMITH"},{"data":"Defragment","floor":25.0,"key":"SMITH"},{"data":"Dualcast","floor":28.0,"key":"SMITH"},{"data":"Ghostly","floor":32.0,"key":"SMITH"}],"circlet_count":0,"master_deck":["AscendersBane","Strike_B","Strike_B","Strike_B+1","Defend_B","Defend_B","Defend_B","Defend_B","Zap+1","Dualcast+1","Ball Lightning","Sweeping Beam+1","Sunder+1","Biased Cognition+1","Ball Lightning","Echo Form","Defragment+1","Reinforced Body","Decay","Core Surge","Glacier","Hologram+1","Ghostly+1","Ghostly","Ghostly","Defragment"],"relics":["Cracked Core","NeowsBlessing","Blue Candle","Centennial Puzzle","Juzu Bracelet","Toy Ornithopter","Inserter","Kunai"],"acts_visited":["Exordium","TheCity"],"potions_floor_usage":[33,33],"damage_taken":[{"damage":0.0,"enemies":"Small Slimes","floor":1.0,"turns":1.0},{"damage":0.0,"enemies":"Lagavulin","floor":6.0,"turns":1.0},{"damage":0.0,"enemies":"Gremlin Nob","floor":8.0,"turns":1.0},{"damage":0.0,"enemies":"2 Louse","floor":10.0,"turns":2.0},{"damage":2.0,"enemies":"Jaw Worm","floor":11.0,"turns":2.0},{"damage":15.0,"enemies":"3 Sentries","floor":13.0,"turns":3.0},{"damage":1.0,"enemies":"Looter","floor":14.0,"turns":2.0},{"damage":0.0,"enemies":"Slime Boss","floor":16.0,"turns":6.0},{"damage":22.0,"enemies":"Spheric Guardian","floor":18.0,"turns":4.0},{"damage":17.0,"enemies":"2 Thieves","floor":19.0,"turns":2.0},{"damage":50.0,"enemies":"Book of Stabbing","floor":23.0,"turns":5.0},{"damage":1.0,"enemies":"Chosen and Byrds","floor":27.0,"turns":4.0},{"damage":17.0,"enemies":"Snake Plant","floor":30.0,"turns":4.0},{"damage":34,"enemies":"Champ","floor":33,"turns":7}],"seed_played":"633095607037014437","potions_obtained":[{"floor":6.0,"key":"AttackPotion"},{"floor":8.0,"key":"Regen Potion"},{"floor":18.0,"key":"DistilledChaos"},{"floor":19.0,"key":"Regen Potion"},{"floor":30.0,"key":"Swift Potion"}],"is_trial":false,"path_per_floor":["M","?","$","?","?","E","R","E","T","M","M","R","E","M","R","B",null,"M","M","?","?","$","E","?","R","T","M","R","?","M","$","R","B"],"character_chosen":"DEFECT","items_purchased":["Sweeping Beam","Core Surge","Glacier","Defragment","Regen Potion"],"campfire_rested":0,"item_purchase_floors":[3,22,22,31,31],"current_hp_per_floor":[64,69,69,69,46,46,46,46,46,46,44,44,29,28,28,28,64,42,30,30,30,30,24,24,24,24,23,23,23,6,6,6,0,0],"gold":14,"neow_bonus":"THREE_ENEMY_KILL","is_daily":false,"chose_seed":false,"campfire_upgraded":6,"win_rate":0.0,"timestamp":1609725532,"path_taken":["M","?","$","?","?","E","R","E","T","M","M","R","E","M","R","BOSS","M","M","?","?","$","E","?","R","T","M","R","?","M","$","R","BOSS"],"items_purchased_type":["Card","Card","Card","Card","Potion"],"build_version":"2020-12-22","purchased_purges":1,"victory":false,"max_hp_per_floor":[71,76,76,76,76,76,76,76,76,76,76,76,76,76,76,76,76,76,76,76,76,76,76,38,38,38,38,38,38,38,38,38,38,38],"relic_stats":{"Centennial Puzzle":[27],"Inserter":[13],"counters":[14,44],"Blue Candle":[2],"Juzu Bracelet":1,"Kunai":[1],"obtain_stats":[{"Centennial Puzzle":8,"Inserter":17,"NeowsBlessing":0,"Blue Candle":6,"Juzu Bracelet":9,"Kunai":23,"Cracked Core":0,"Toy Ornithopter":13},{"Centennial Puzzle":3,"Inserter":8,"NeowsBlessing":0,"Blue Candle":2,"Juzu Bracelet":3,"Kunai":11,"Cracked Core":0,"Toy Ornithopter":6},{"Centennial Puzzle":3,"Inserter":18,"NeowsBlessing":0,"Blue Candle":2,"Juzu Bracelet":3,"Kunai":29,"Cracked Core":0,"Toy Ornithopter":10}],"Toy Ornithopter":25},"card_choices":[{"not_picked":["White Noise","Steam"],"picked":"Ball Lightning","floor":1.0},{"not_picked":["Steam","Turbo"],"picked":"Sunder","floor":6.0},{"not_picked":["Glacier","Cold Snap"],"picked":"Biased Cognition","floor":8.0},{"not_picked":["Fusion","White Noise"],"picked":"Ball Lightning","floor":10.0},{"not_picked":["Coolheaded","Sweeping Beam","Rebound"],"picked":"SKIP","floor":11.0},{"not_picked":["Chaos","Turbo","Steam"],"picked":"SKIP","floor":13.0},{"not_picked":["Redo","Heatsinks","Hello World"],"picked":"SKIP","floor":14.0},{"not_picked":["Buffer","Seek"],"picked":"Echo Form","floor":16.0},{"not_picked":["Rebound","Skim"],"picked":"Defragment","floor":18.0},{"not_picked":["Reinforced Body","Hologram","Rebound"],"picked":"SKIP","floor":19.0},{"not_picked":["Hologram","Rebound"],"picked":"Reinforced Body","floor":19.0},{"not_picked":["Sweeping Beam","Turbo"],"picked":"Hologram+1","floor":23.0},{"not_picked":["Hologram","Redo","Barrage"],"picked":"SKIP","floor":27.0},{"not_picked":["Rebound","Streamline","Amplify"],"picked":"SKIP","floor":30.0}],"player_experience":1465355,"relics_obtained":[{"floor":6.0,"key":"Blue Candle"},{"floor":8.0,"key":"Centennial Puzzle"},{"floor":9.0,"key":"Juzu Bracelet"},{"floor":13.0,"key":"Toy Ornithopter"},{"floor":23.0,"key":"Kunai"}],"event_choices":[{"damage_healed":0.0,"max_hp_gain":5.0,"max_hp_loss":0.0,"gold_gain":0.0,"event_name":"Big Fish","player_choice":"Donut","floor":2.0,"gold_loss":0.0,"damage_taken":0.0},{"damage_healed":0.0,"max_hp_gain":0.0,"max_hp_loss":0.0,"gold_gain":0.0,"event_name":"The Cleric","player_choice":"Leave","floor":4.0,"gold_loss":0.0,"damage_taken":0.0},{"damage_healed":0.0,"max_hp_gain":0.0,"max_hp_loss":0.0,"gold_gain":0.0,"event_name":"Shining Light","player_choice":"Entered Light","floor":5.0,"gold_loss":0.0,"damage_taken":23.0,"cards_upgraded":["Strike_B","Sweeping Beam"]},{"damage_healed":0.0,"max_hp_gain":0.0,"max_hp_loss":0.0,"gold_gain":0.0,"event_name":"Forgotten Altar","player_choice":"Smashed Altar","floor":20.0,"gold_loss":0.0,"damage_taken":0.0,"cards_obtained":["Decay"]},{"damage_healed":0.0,"max_hp_gain":0.0,"max_hp_loss":0.0,"gold_gain":50.0,"event_name":"Golden Shrine","player_choice":"Pray","floor":21.0,"gold_loss":0.0,"damage_taken":0.0},{"damage_healed":0.0,"max_hp_gain":0.0,"max_hp_loss":38.0,"gold_gain":0.0,"event_name":"Ghosts","player_choice":"Became a Ghost","floor":24.0,"gold_loss":0.0,"damage_taken":0.0,"cards_obtained":["Ghostly","Ghostly","Ghostly"]},{"damage_healed":0.0,"max_hp_gain":0.0,"max_hp_loss":0.0,"gold_gain":0.0,"event_name":"Vampires","player_choice":"Ignored","floor":29.0,"gold_loss":0.0,"damage_taken":0.0}],"is_beta":false,"boss_relics":[{"not_picked":["Black Star","Empty Cage"],"picked":"Inserter"}],"items_purged_floors":[22],"is_endless":false,"potions_floor_spawned":[6,8,11,18,19,30],"killed_by":"Champ","ascension_level":20}}