{"host":"unahupgi85cj6bxp","time":1609750222,"event":{"mods":["Act Like it!","Aspiration","BaseMod","Card Forge","Conspire","Downfall","Energized Spire","Hubris","Infinite Spire","Minty Spire (QoL Compilation)","Replay The Spire","StSLib"],"gold_per_floor":[0,0,10,24,24,24,44,83,83,103,120,120,151,1,0,25,45,142,142,67,78,178,178,192,192,218,234,384,397,397,423,77,92,107,210,210,210,226,2,2,2,2,2,2,12,89,89,107,23,37,55,55,55,89,14,14,14],"floor_reached":58,"playtime":6962,"items_purged":["Slimebound:LevelUp+1","Spreading Infection"],"score":1486,"play_id":"23399cb1-a4f9-4955-a304-d0389206bab8","local_time":"20210104005021","is_ascension_mode":true,"campfire_choices":[{"floor":1,"key":"RECALL"},{"data":"Slimebound:GoopSpray","floor":14,"key":"SMITH"},{"data":"Slimebound:LevelUp","floor":25,"key":"SMITH"},{"floor":56,"key":"REST"}],"circlet_count":0,"master_deck":["Slimebound:Strike_Slimebound+1","Slimebound:Strike_Slimebound+1","Slimebound:Defend_Slimebound+1","Slimebound:Defend_Slimebound+1","Slimebound:Defend_Slimebound+1","Slimebound:Defend_Slimebound+1","Slimebound:Split+1","Slimebound:CorrosiveSpit+1","Slimebound:RainOfGoop+1","Slimebound:AcidTongue+1","Slimebound:TongueLash+1","Slimebound:Gluttony+1","Slimebound:GoopSpray+1","Slimebound:LivingWall+1","Slimebound:ItLooksTasty+1","Slimebound:Schlurp+1","Slimebound:LeechLife+1","Slimebound:SplitMire+1","Slimebound:SelfFormingGoo+1","J.A.X.+1","Slimebound:GrowthPunch+1","Slimebound:SpikyOuterGoop+1","Languid","Slimebound:MegaLick+1","Delirium","Slimebound:SamplingLick+1","ReplayTheSpireMod:Book of Names+1","Slimebound:ViciousTackle+1","Slimebound:HauntingLick+1","Slimebound:RejuvenatingLick+1","Slimebound:Grow+1","Slimebound:ViciousTackle+1","Flash of Steel+1","Slimebound:LeechEnergy+1","Slimebound:MegaLick+1","Slimebound:DouseInSlime+1","Slimebound:OozeBath+1","Slimebound:SlimeSpikes+1","Slimebound:Gluttony+1","Juggernaut+1","expansioncontent:StudyTheSpire+1","hubris:Sloth","ReplayTheSpireMod:Restless Dread","hubris:Fate+1","Slimebound:SplitLeeching+1","Shrug It Off+1","ReplayTheSpireMod:Splinters","conspire:Charge+1","Slimebound:Schlurp+1","Anger+1","Parasite","Rampage+1","Infernal Blade+1"],"relics":["Slimebound:AbsorbEndCombat","Hammer of Thor","Seething Fire","Anvil of the Gods","Incense Burner","aspiration:BabyByrd","Regal Pillow","infinitespire:FocusingShard","hubris:OldNail","downfall:HeartBlessingBlue","downfall:HeartBlessingGreen","Darkstone Periapt","Cursed Key","downfall:HeartBlessingRed","MutagenicStrength","hubris:SlimyHat","ReplayTheSpireMod:CursedCoin","Quantum Egg","hubris:FruitBowl","Nilry\u0027s Codex","conspire:Boomerang","aspiration:IroncladSkillbook","hubris:CuriousFeather","hubris:Towel","hubris:MysteriousPyramids","Blood Vial","Potion Belt","Nunchaku"],"acts_visited":["Exordium","TheCity","TheBeyond","TheEnding"],"potions_floor_usage":[16,18,22,22,24,49,49,57,57],"damage_taken":[{"damage":4,"enemies":"conspire:RoseBush","floor":3,"turns":4},{"damage":0,"enemies":"Small Slimes","floor":4,"turns":2},{"damage":8,"enemies":"Cultist","floor":7,"turns":2},{"damage":21,"enemies":"conspire:MimicChest","floor":8,"turns":6},{"damage":19,"enemies":"Exordium Wildlife","floor":10,"turns":5},{"damage":27,"enemies":"Large Slime","floor":11,"turns":4},{"damage":9,"enemies":"Replay:BlueRogue","floor":13,"turns":4},{"damage":8,"enemies":"downfall:FleeingMerchant","floor":15,"turns":4},{"damage":9,"enemies":"3 Sentries","floor":16,"turns":7},{"damage":14,"enemies":"Exordium Wildlife","floor":17,"turns":2},{"damage":18,"enemies":"downfall:Watcher","floor":18,"turns":5},{"damage":8,"enemies":"Spheric Guardian","floor":21,"turns":3},{"damage":35,"enemies":"downfall:Augmenter","floor":22,"turns":4},{"damage":5,"enemies":"conspire:FuzzyDice","floor":24,"turns":4},{"damage":20,"enemies":"Centurion and Healer","floor":27,"turns":5},{"damage":23,"enemies":"Snake Plant","floor":29,"turns":3},{"damage":33,"enemies":"Nightmare","floor":31,"turns":8},{"damage":18,"enemies":"downfall:FleeingMerchant","floor":32,"turns":4},{"damage":19,"enemies":"Sentry and Sphere","floor":33,"turns":4},{"damage":23,"enemies":"conspire:HollyBat","floor":34,"turns":8},{"damage":42,"enemies":"downfall:Defect","floor":35,"turns":5},{"damage":8,"enemies":"Orb Walker","floor":38,"turns":2},{"damage":0,"enemies":"downfall:FleeingMerchant","floor":39,"turns":2},{"damage":0,"enemies":"3 Shapes","floor":45,"turns":5},{"damage":17,"enemies":"Spire Growth","floor":48,"turns":3},{"damage":27,"enemies":"Transient","floor":49,"turns":5},{"damage":45,"enemies":"4 Shapes","floor":50,"turns":6},{"damage":7,"enemies":"Writhing Mass","floor":51,"turns":2},{"damage":48,"enemies":"downfall:Silent","floor":52,"turns":4},{"damage":43,"enemies":"downfall:CharBossMerchant","floor":54,"turns":6},{"damage":48,"enemies":"downfall:NeowBoss","floor":57,"turns":17}],"seed_played":"7571533810737304349","potions_obtained":[{"floor":4,"key":"Guardian:BlockOnCardUsePotion"},{"floor":10,"key":"Adrenaline Potion"},{"floor":13,"key":"SneckoOil"},{"floor":16,"key":"PowerPotion"},{"floor":18,"key":"champ:CounterPotion"},{"floor":27,"key":"Fire Potion"},{"floor":33,"key":"DuplicationPotion"},{"floor":34,"key":"CultistPotion"},{"floor":46,"key":"Adrenaline Potion"},{"floor":48,"key":"champ:CounterPotion"},{"floor":50,"key":"Cursed Concoction"},{"floor":51,"key":"sneckomod:MuddlingPotion"}],"is_trial":false,"path_per_floor":["R","?","M","M","PTL","PTL","M","?","T","M","M","T","E","R","$","E","M","B",null,"R","M","?","?","M","R","T","M","$","M","?","NM","$","M","M","B",null,"R","M","$","?","?","?","T","?","M","?","T","M","M","M","M","B",null,"E","$","R","B",null],"character_chosen":"SLIMEBOUND","items_purchased":["ReplayTheSpireMod:CursedCoin","Quantum Egg","hubris:FruitBowl","Slimebound:HauntingLick","Slimebound:RejuvenatingLick","Slimebound:Grow","Slimebound:ViciousTackle","Flash of Steel","hubris:CuriousFeather","Juggernaut","expansioncontent:StudyTheSpire"],"campfire_rested":1,"item_purchase_floors":[28,28,28,32,32,32,32,32,39,39,39],"current_hp_per_floor":[60,60,60,60,60,60,60,55,55,60,52,52,60,70,70,70,68,70,70,70,70,64,70,76,76,82,82,48,61,45,74,84,76,88,82,88,88,88,88,88,106,106,115,107,115,124,133,133,133,118,142,129,142,140,140,142,142],"gold":14,"neow_bonus":"ONE_RARE_RELIC","is_daily":false,"chose_seed":false,"campfire_upgraded":2,"win_rate":0.0,"timestamp":1609750221,"path_taken":["R","?","M","M","PTL","PTL","M","?","T","M","?","?","E","R","$","E","M","BOSS","R","M","?","?","M","R","T","M","?","M","?","NM","$","?","M","BOSS","R","M","$","?","?","?","T","?","?","?","?","M","M","?","M","BOSS","E","$","R","BOSS"],"items_purchased_type":["Relic","Relic","Relic","Card","Card","Card","Card","Card","Relic","Card","Card"],"build_version":"2020-12-22","purchased_purges":2,"victory":true,"max_hp_per_floor":[60,60,60,60,60,60,60,60,60,60,60,60,60,70,70,70,70,70,70,70,70,70,76,76,76,82,82,88,88,88,88,88,88,88,88,88,88,88,88,88,106,106,115,115,115,124,133,133,133,133,142,142,142,142,142,142,142],"card_choices":[{"not_picked":["Slimebound:SplitBruiser","Slimebound:LeechingTouch"],"picked":"Slimebound:RainOfGoop","floor":3},{"not_picked":["Slimebound:LeechingTouch","Slimebound:FlameTackle"],"picked":"Slimebound:AcidTongue","floor":4},{"not_picked":["Slimebound:RollThrough","Slimebound:SlimeSpikes"],"picked":"Slimebound:TongueLash","floor":7},{"not_picked":["Slimebound:SlimeSpikes","Slimebound:ComboTackle"],"picked":"Slimebound:Gluttony","floor":8},{"not_picked":["Slimebound:Chomp","Slimebound:SplitBruiser","Slimebound:DuplicatedForm"],"picked":"SKIP","floor":10},{"not_picked":["Slimebound:Repurpose","Slimebound:DivideAndConquer"],"picked":"Slimebound:GoopSpray","floor":11},{"not_picked":["Slimebound:ServeAndProtect","Slimebound:SplitAcid"],"picked":"Slimebound:LivingWall","floor":13},{"not_picked":["Slimebound:SpikyOuterGoop","Slimebound:SplitMire"],"picked":"Slimebound:ItLooksTasty","floor":15},{"not_picked":["Slimebound:FirmFortitude","Slimebound:SlimeTap","Slimebound:SplitBruiser"],"picked":"SKIP","floor":16},{"not_picked":["Slimebound:SlimeSpikes","Slimebound:ComboTackle"],"picked":"Slimebound:Schlurp","floor":17},{"not_picked":["Slimebound:DouseInSlime","Slimebound:Teamwork"],"picked":"Slimebound:LeechLife","floor":18},{"not_picked":["Slimebound:RollThrough","Slimebound:PressTheAttack+1"],"picked":"Slimebound:SplitMire","floor":21},{"not_picked":[],"picked":"J.A.X.","floor":22},{"not_picked":["Slimebound:GoopSpray","Slimebound:ViciousTackle"],"picked":"Slimebound:GrowthPunch","floor":22},{"not_picked":["Slimebound:SplitLeeching","Slimebound:DivideAndConquer+1"],"picked":"Slimebound:SpikyOuterGoop+1","floor":24},{"not_picked":["Slimebound:DivideAndConquer","Slimebound:RainOfGoop"],"picked":"Slimebound:MegaLick","floor":27},{"not_picked":["Slimebound:GoopSpray","Slimebound:RainOfGoop"],"picked":"Slimebound:SamplingLick","floor":29},{"not_picked":["infinitespire:Gouge","infinitespire:NeuralNetwork"],"picked":"ReplayTheSpireMod:Book of Names","floor":31},{"not_picked":["Slimebound:Chomp","Slimebound:ComboTackle","Slimebound:ServeAndProtect"],"picked":"SKIP","floor":31},{"not_picked":["Slimebound:Chomp","Slimebound:ComboTackle","Slimebound:ServeAndProtect"],"picked":"SKIP","floor":31},{"not_picked":["Slimebound:ServeAndProtect","Slimebound:OneTwoCombo"],"picked":"Slimebound:ViciousTackle","floor":32},{"not_picked":["Slimebound:LeechingTouch","Slimebound:RainOfGoop+1"],"picked":"Slimebound:LeechEnergy","floor":33},{"not_picked":["Slimebound:ViciousTackle","Slimebound:GrowthPunch"],"picked":"Slimebound:MegaLick","floor":34},{"not_picked":["Slimebound:MinionMaster","Slimebound:SelfFormingGoo"],"picked":"Slimebound:DouseInSlime","floor":35},{"not_picked":["Shockwave","Slimebound:ServeAndProtect+1","Slimebound:LivingWall+1"],"picked":"Slimebound:SlimeSpikes","floor":38},{"not_picked":["Feed","Slimebound:Schlurp+1","hubris:ReadiedAction"],"picked":"Slimebound:Gluttony+1","floor":39},{"not_picked":["ReplayTheSpireMod:Book of Names","ReplayTheSpireMod:Chaos Vortex"],"picked":"hubris:Fate","floor":41},{"not_picked":["Iron Wave","Slimebound:ViciousTackle+1","Spot Weakness+1"],"picked":"Slimebound:SplitLeeching","floor":45},{"not_picked":["Clash","ReplayTheSpireMod:Limb From Limb","Second Wind"],"picked":"Shrug It Off+1","floor":46},{"not_picked":["Slimebound:LivingWall+1","Heavy Blade","Rampage+1"],"picked":"conspire:Charge","floor":48},{"not_picked":["Slimebound:AcidTongue","Slimebound:SplitLeeching","Slimebound:BestDefense"],"picked":"Slimebound:Schlurp+1","floor":49},{"not_picked":["Thunderclap+1","Intimidate","Slimebound:SplitAcid"],"picked":"Anger+1","floor":50},{"not_picked":["Headbutt+1","Evolve+1","Warcry"],"picked":"Rampage","floor":51},{"not_picked":["Slimebound:ServeAndProtect","Shrug It Off+1","Slimebound:LivingWall+1"],"picked":"Infernal Blade+1","floor":54}],"player_experience":820259,"relics_obtained":[{"floor":8,"key":"Regal Pillow"},{"floor":12,"key":"infinitespire:FocusingShard"},{"floor":13,"key":"hubris:OldNail"},{"floor":16,"key":"Darkstone Periapt"},{"floor":22,"key":"MutagenicStrength"},{"floor":26,"key":"hubris:SlimyHat"},{"floor":30,"key":"Nilry\u0027s Codex"},{"floor":31,"key":"conspire:Boomerang"},{"floor":43,"key":"hubris:MysteriousPyramids"},{"floor":46,"key":"Blood Vial"},{"floor":47,"key":"Potion Belt"},{"floor":54,"key":"Nunchaku"}],"event_choices":[{"damage_healed":0,"gold_gain":0,"player_choice":"Stole Relic","damage_taken":0,"relics_obtained":["War Paint"],"max_hp_gain":0,"max_hp_loss":0,"event_name":"Addict","floor":23,"gold_loss":0,"cards_obtained":["Shame"]}],"is_beta":false,"boss_relics":[{"not_picked":["Ring of Chaos","Coffee Dripper"],"picked":"Cursed Key"},{"not_picked":["SacredBark","Replay:Drink Me"],"picked":"aspiration:IroncladSkillbook"}],"items_purged_floors":[28,55],"is_endless":false,"potions_floor_spawned":[4,10,13,16,18,27,33,34,35,48,50,51],"ascension_level":1}}