{"host":"sav7uxregyirlf69","time":1609774897,"event":{"mods":["AchievementEnabler","BaseMod","Colored Map","DeckTracker","Keyboard Shortcuts","Minty Spire (QoL Compilation)","READ ME - Guardian Mod","StSLib","SuperFastMode"],"gold_per_floor":[112,112,37,50,77,77,95,106,106,124,138,138,138,138,138,236,236,250,250,262,134,134,166,66,66,136,136,151,161,161,181,181,258,258,271,57,57,74,74,100,100,125,125,125,0,0,12,25,25,25,25],"floor_reached":50,"playtime":1268,"items_purged":["Accuracy","Infinite Blades","Dagger Spray+1"],"score":1020,"play_id":"21085bbb-d0bd-43f4-9060-f9c8789f26fd","local_time":"20210105004137","is_ascension_mode":true,"campfire_choices":[{"data":"Dagger Spray","floor":6.0,"key":"SMITH"},{"data":"Neutralize","floor":12.0,"key":"SMITH"},{"data":"Noxious Fumes","floor":15.0,"key":"SMITH"},{"floor":25,"key":"REST"},{"data":"Leg Sweep","floor":27,"key":"SMITH"},{"data":"Crippling Poison","floor":30,"key":"SMITH"},{"data":"Bouncing Flask","floor":32,"key":"SMITH"},{"data":"Burst","floor":41,"key":"SMITH"},{"floor":46,"key":"REST"},{"data":"Tactician","floor":49,"key":"SMITH"}],"circlet_count":0,"master_deck":["AscendersBane","Survivor","Neutralize+1","Poisoned Stab+1","Noxious Fumes+1","Corpse Explosion","After Image","Burst+1","Leg Sweep+1","Flying Knee+1","Cloak And Dagger","Bouncing Flask+1","Backflip","Crippling Poison+1","Die Die Die","PiercingWail+1","Backflip","Well Laid Plans","Flash of Steel","Bandage Up","Tactician","Acrobatics","Tactician+1"],"relics":["Ring of the Snake","Bag of Preparation","Paper Crane","Bloody Idol","Pandora\u0027s Box","Whetstone","Bottled Tornado","Philosopher\u0027s Stone","Bronze Scales","Calipers","Question Card","Red Mask"],"acts_visited":["Exordium","TheCity","TheBeyond"],"potions_floor_usage":[23,33,40,40,50,50],"damage_taken":[{"damage":0.0,"enemies":"Jaw Worm","floor":1.0,"turns":5.0},{"damage":4.0,"enemies":"2 Louse","floor":4.0,"turns":3.0},{"damage":1.0,"enemies":"Small Slimes","floor":7.0,"turns":3.0},{"damage":3.0,"enemies":"Blue Slaver","floor":8.0,"turns":3.0},{"damage":10.0,"enemies":"Large Slime","floor":10.0,"turns":5.0},{"damage":4.0,"enemies":"Exordium Wildlife","floor":11.0,"turns":4.0},{"damage":6.0,"enemies":"Hexaghost","floor":16.0,"turns":9.0},{"damage":0.0,"enemies":"3 Byrds","floor":18.0,"turns":3.0},{"damage":4.0,"enemies":"Chosen","floor":20.0,"turns":4.0},{"damage":30,"enemies":"Book of Stabbing","floor":23,"turns":7},{"damage":1,"enemies":"Centurion and Healer","floor":28,"turns":8},{"damage":12,"enemies":"Shelled Parasite and Fungi","floor":29,"turns":6},{"damage":5,"enemies":"Snecko","floor":31,"turns":5},{"damage":21,"enemies":"Champ","floor":33,"turns":12},{"damage":7,"enemies":"3 Shapes","floor":35,"turns":3},{"damage":0,"enemies":"3 Darklings","floor":38,"turns":5},{"damage":20,"enemies":"Reptomancer","floor":40,"turns":6},{"damage":17,"enemies":"Nemesis","floor":42,"turns":9},{"damage":7,"enemies":"Maw","floor":47,"turns":7},{"damage":28,"enemies":"Transient","floor":48,"turns":6},{"damage":51,"enemies":"Time Eater","floor":50,"turns":12}],"seed_played":"977893005870730975","potions_obtained":[{"floor":7.0,"key":"Strength Potion"},{"floor":8.0,"key":"GhostInAJar"},{"floor":16.0,"key":"GhostInAJar"},{"floor":20.0,"key":"BlessingOfTheForge"},{"floor":28,"key":"Swift Potion"},{"floor":35,"key":"SkillPotion"},{"floor":38,"key":"Fire Potion"},{"floor":40,"key":"Strength Potion"},{"floor":47,"key":"GamblersBrew"}],"is_trial":false,"path_per_floor":["M","?","?","M","T","R","M","M","T","M","M","R","?","?","R","B",null,"M","?","M","$","?","E","$","R","T","R","M","M","R","M","R","B",null,"M","$","?","M","?","E","R","E","T","?","?","R","M","M","R","B"],"character_chosen":"THE_SILENT","items_purchased":["Backflip","Well Laid Plans"],"campfire_rested":2,"item_purchase_floors":[21,36],"current_hp_per_floor":[44,49,49,45,45,45,44,41,41,31,27,27,27,27,27,21,53,53,53,54,54,54,29,29,48,53,53,57,50,50,50,50,34,57,55,55,50,59,59,46,46,38,38,38,38,56,58,38,38,0,0],"gold":25,"neow_bonus":"REMOVE_TWO","is_daily":false,"chose_seed":false,"campfire_upgraded":8,"win_rate":0.0,"timestamp":1609774897,"path_taken":["M","?","?","M","?","R","M","?","T","M","M","R","?","?","R","BOSS","M","?","M","$","?","E","?","R","T","R","M","M","R","M","R","BOSS","M","$","?","M","?","E","R","E","T","?","?","R","M","M","R","BOSS"],"items_purchased_type":["Card","Card"],"build_version":"2020-12-22","purchased_purges":3,"victory":false,"max_hp_per_floor":[66,71,71,71,71,71,71,71,71,71,71,71,64,64,64,64,64,64,64,64,64,64,64,64,64,64,64,64,64,64,64,64,64,64,64,64,64,64,61,61,61,61,61,61,61,61,61,61,61,61,61],"card_choices":[{"not_picked":["Underhanded Strike","Deflect"],"picked":"Poisoned Stab","floor":1.0},{"not_picked":["Sucker Punch","Acrobatics"],"picked":"Dagger Spray","floor":4.0},{"not_picked":["Eviscerate","Dagger Spray","Flying Knee"],"picked":"SKIP","floor":7.0},{"not_picked":["PiercingWail","Distraction","Catalyst"],"picked":"SKIP","floor":8.0},{"not_picked":["Blur","Endless Agony"],"picked":"Noxious Fumes","floor":10.0},{"not_picked":["Dagger Spray","Accuracy"],"picked":"Corpse Explosion","floor":11.0},{"not_picked":["Doppelganger","Die Die Die"],"picked":"After Image","floor":16.0},{"not_picked":["Underhanded Strike","Bane","Dagger Throw"],"picked":"SKIP","floor":18.0},{"not_picked":["Slice","Sucker Punch","Poisoned Stab"],"picked":"SKIP","floor":20.0},{"not_picked":["Masterful Stab","Backflip"],"picked":"Die Die Die","floor":23},{"not_picked":["Deflect","Flying Knee"],"picked":"PiercingWail+1","floor":28},{"not_picked":["Sucker Punch+1","Footwork","Underhanded Strike"],"picked":"SKIP","floor":29},{"not_picked":["Poisoned Stab","Slice","Acrobatics"],"picked":"SKIP","floor":31},{"not_picked":["Calculated Gamble","Setup"],"picked":"Backflip","floor":35},{"not_picked":["Chrysalis","Secret Technique"],"picked":"Flash of Steel","floor":37},{"not_picked":["Enlightenment","Transmutation"],"picked":"Bandage Up","floor":37},{"not_picked":["Prepared","Backflip"],"picked":"Tactician","floor":38},{"not_picked":["Slice","Concentrate","Dagger Spray+1"],"picked":"SKIP","floor":40},{"not_picked":["Storm of Steel","Poisoned Stab"],"picked":"Acrobatics","floor":42},{"not_picked":["Deadly Poison","Underhanded Strike","Burst","Riddle With Holes"],"picked":"SKIP","floor":47},{"not_picked":["Deadly Poison","Underhanded Strike+1","Blade Dance"],"picked":"Tactician","floor":48}],"player_experience":1139383,"relics_obtained":[{"floor":5.0,"key":"Bag of Preparation"},{"floor":9.0,"key":"Paper Crane"},{"floor":23,"key":"Whetstone"},{"floor":26,"key":"Bottled Tornado"},{"floor":40,"key":"Bronze Scales"},{"floor":42,"key":"Calipers"},{"floor":43,"key":"Question Card"}],"event_choices":[{"damage_healed":0.0,"max_hp_gain":5.0,"max_hp_loss":0.0,"gold_gain":0.0,"event_name":"Big Fish","player_choice":"Donut","floor":2.0,"gold_loss":0.0,"damage_taken":0.0},{"cards_removed":["Strike_G"],"damage_healed":0.0,"max_hp_gain":0.0,"max_hp_loss":0.0,"gold_gain":0.0,"event_name":"The Cleric","player_choice":"Card Removal","floor":3.0,"gold_loss":75.0,"damage_taken":0.0},{"damage_healed":0.0,"max_hp_gain":0.0,"max_hp_loss":7.0,"gold_gain":0.0,"event_name":"Golden Idol","player_choice":"Lose Max HP","floor":13.0,"gold_loss":0.0,"damage_taken":0.0,"relics_obtained":["Golden Idol"]},{"damage_healed":0.0,"max_hp_gain":0.0,"max_hp_loss":0.0,"gold_gain":0.0,"event_name":"Liars Game","player_choice":"Ignored","floor":14.0,"gold_loss":0.0,"damage_taken":0.0},{"damage_healed":0.0,"max_hp_gain":0.0,"max_hp_loss":0.0,"gold_gain":0.0,"event_name":"Forgotten Altar","player_choice":"Gave Idol","floor":19.0,"relics_lost":["Golden Idol"],"gold_loss":0.0,"damage_taken":0.0,"relics_obtained":["Bloody Idol"]},{"damage_healed":0.0,"max_hp_gain":0.0,"max_hp_loss":0.0,"gold_gain":0.0,"event_name":"The Library","player_choice":"Read","floor":22.0,"gold_loss":0.0,"damage_taken":0.0,"cards_obtained":["Crippling Poison"]},{"damage_healed":0,"gold_gain":0,"player_choice":"Memory 2","damage_taken":5,"max_hp_gain":0,"max_hp_loss":0,"event_name":"SensoryStone","floor":37,"gold_loss":0},{"damage_healed":0,"gold_gain":0,"player_choice":"Max HP","damage_taken":0,"max_hp_gain":0,"max_hp_loss":3,"event_name":"Winding Halls","floor":39,"gold_loss":0},{"damage_healed":0,"gold_gain":0,"player_choice":"Ignored","damage_taken":0,"max_hp_gain":0,"max_hp_loss":0,"event_name":"Mysterious Sphere","floor":44,"gold_loss":0},{"damage_healed":0,"gold_gain":0,"player_choice":"Paid","damage_taken":0,"relics_obtained":["Red Mask"],"max_hp_gain":0,"max_hp_loss":0,"event_name":"Tomb of Lord Red Mask","floor":45,"gold_loss":125}],"is_beta":false,"boss_relics":[{"not_picked":["Fusion Hammer","SacredBark"],"picked":"Pandora\u0027s Box"},{"not_picked":["WristBlade","Black Star"],"picked":"Philosopher\u0027s Stone"}],"items_purged_floors":[21,24,36],"is_endless":false,"potions_floor_spawned":[7,8,16,18,20,28,29,35,38,40,47],"killed_by":"Time Eater","ascension_level":20}}