{"host":"5jzx1090woovszu4","time":1609799611,"event":{"mods":["Arknights The Spire","BaseMod","Minty Spire (QoL Compilation)","Spicy Shops","StSLib","The Bug Knight"],"gold_per_floor":[119,119,119,294,310,342,342,369,417,33,33,50,75,91,91,188,238,257,8,19,19,19,53,53,53,127,127,139,139,139,63,63,165,165,180,196,119,119,119],"floor_reached":38,"playtime":2949,"items_purged":["Doubt","ats:Strike V"],"score":485,"play_id":"7b721a21-b677-4a35-b631-46964ca16a74","local_time":"20210104233331","is_ascension_mode":false,"campfire_choices":[{"data":"ats:Mental Burst","floor":7,"key":"SMITH"},{"data":"Secret Weapon","floor":11,"key":"SMITH"},{"data":"1","floor":15,"key":"LIFT"},{"floor":25,"key":"REST"},{"data":"2","floor":27,"key":"LIFT"},{"floor":29,"key":"REST"},{"data":"3","floor":32,"key":"LIFT"}],"circlet_count":0,"master_deck":["ats:Strike C","ats:Strike G+1","ats:Strike S","ats:Armor Crushing Shot","ats:Defend","ats:Defend","ats:Defend","ats:Defend","ats:Emotion Absorption+1","ats:Leaping Hammer","ats:Apocalypse","ats:Mental Burst+1","ats:Flame Of Heaven","ats:Blood Oath","Secret Weapon+1","ats:Sunburst","ats:Overload+1","ats:Neurotoxin","ats:Volcano+1","ats:Explosion Area Strengthen","ats:Explosion Area Strengthen+1","ats:Soul Absorption","ats:Charging Defense","ats:Ambush","ats:Demon Strength+1","ats:Flexible Camouflage+1","ats:Demon Strength"],"relics":["ats:Sanity","NeowsBlessing","Akabeko","ats:Originium","InkBottle","Calipers","Happy Flower","Girya","Tiny House","Whetstone","Pantograph"],"acts_visited":["Exordium","TheCity","TheBeyond"],"potions_floor_usage":[16,16,23,23,23,23,24,33,33],"damage_taken":[{"damage":1,"enemies":"Jaw Worm","floor":1,"turns":3},{"damage":0,"enemies":"2 Louse","floor":5,"turns":1},{"damage":0,"enemies":"Gremlin Nob","floor":6,"turns":1},{"damage":0,"enemies":"HollowMod:MossKnight","floor":8,"turns":5},{"damage":0,"enemies":"Cultist","floor":12,"turns":1},{"damage":0,"enemies":"Gremlin Nob","floor":13,"turns":1},{"damage":0,"enemies":"Exordium Wildlife","floor":14,"turns":1},{"damage":42,"enemies":"Hexaghost","floor":16,"turns":4},{"damage":15,"enemies":"3 Byrds","floor":18,"turns":3},{"damage":0,"enemies":"Spheric Guardian","floor":20,"turns":1},{"damage":41,"enemies":"Book of Stabbing","floor":23,"turns":4},{"damage":0,"enemies":"Snecko","floor":24,"turns":2},{"damage":12,"enemies":"3 Cultists","floor":28,"turns":3},{"damage":6,"enemies":"Champ","floor":33,"turns":9},{"damage":28,"enemies":"Orb Walker","floor":35,"turns":3},{"damage":5,"enemies":"3 Darklings","floor":36,"turns":2},{"damage":91,"enemies":"Transient","floor":38,"turns":5}],"seed_played":"-2226249463998199459","potions_obtained":[{"floor":6,"key":"ColorlessPotion"},{"floor":14,"key":"PowerPotion"},{"floor":17,"key":"Swift Potion"},{"floor":20,"key":"EssenceOfSteel"},{"floor":28,"key":"DuplicationPotion"},{"floor":36,"key":"SmokeBomb"}],"is_trial":false,"path_per_floor":["M","?","?","?","M","E","R","E","T","$","R","M","E","M","R","B",null,"M","$","M","?","$","E","M","R","T","R","M","R","?","$","R","B",null,"M","M","$","M"],"character_chosen":"DOCTOR_CLASS","items_purchased":["ats:Blood Oath","Secret Weapon","EntropicBrew","Whetstone","ats:Ambush","ats:Demon Strength"],"campfire_rested":2,"item_purchase_floors":[10,10,10,19,31,37],"current_hp_per_floor":[71,59,59,59,59,59,59,63,63,63,63,63,63,63,63,29,77,65,65,65,65,65,24,24,47,47,47,39,62,62,62,62,77,77,49,48,48,0,0],"gold":119,"neow_bonus":"THREE_ENEMY_KILL","is_daily":false,"chose_seed":false,"campfire_upgraded":2,"win_rate":0.0,"timestamp":1609799611,"path_taken":["M","?","?","?","M","E","R","E","T","$","R","M","E","M","R","BOSS","M","$","M","?","$","E","M","R","T","R","M","R","?","?","R","BOSS","M","M","$","M"],"items_purchased_type":["Card","Card","Potion","Relic","Card","Card"],"build_version":"2020-12-22","purchased_purges":2,"victory":false,"max_hp_per_floor":[72,72,72,72,72,72,72,72,72,72,72,72,72,72,72,72,77,77,77,77,77,77,77,77,77,77,77,77,77,77,77,77,77,77,77,77,77,77,77],"card_choices":[{"not_picked":["ats:Revitalization","ats:Poison Spread"],"picked":"ats:Leaping Hammer","floor":1},{"not_picked":["ats:Ignite","ats:Spore Proliferation"],"picked":"ats:Apocalypse","floor":5},{"not_picked":["ats:Dogmatic Field","ats:Poison Spread"],"picked":"ats:Mental Burst","floor":6},{"not_picked":["ats:Curse Doll","ats:Beaten Up"],"picked":"ats:Flame Of Heaven","floor":8},{"not_picked":["ats:Song Of Battle","ats:Hammer On"],"picked":"ats:Sunburst","floor":12},{"not_picked":["ats:Consecutive Shot Auto","ats:Childhood Dance"],"picked":"ats:Overload","floor":13},{"not_picked":["ats:Counter Healing Mode","ats:Shell Defense"],"picked":"ats:Neurotoxin","floor":14},{"not_picked":["ats:Roar Of Ursus","ats:Shadow Assault"],"picked":"ats:Volcano","floor":16},{"not_picked":["ats:Shell Defense","ats:Cat Scratch"],"picked":"ats:Explosion Area Strengthen","floor":17},{"not_picked":["ats:Apocalypse","ats:Automatic Cover"],"picked":"ats:Explosion Area Strengthen+1","floor":18},{"not_picked":["ats:Sunburst","ats:Consecutive Shot Auto","ats:Curse Doll"],"picked":"SKIP","floor":20},{"not_picked":["ats:Collapsing Strike","ats:Explosion Area Strengthen"],"picked":"ats:Charging Defense","floor":23},{"not_picked":["ats:Hammer On","ats:Ignite","ats:Closed Bolt Burst Fire"],"picked":"SKIP","floor":28},{"not_picked":["ats:Powerful Strike","ats:Apocalypse"],"picked":"ats:Demon Strength+1","floor":35},{"not_picked":["ats:Hook Shot","ats:Chain Hook+1"],"picked":"ats:Flexible Camouflage+1","floor":36}],"player_experience":619210,"relics_obtained":[{"floor":6,"key":"ats:Originium"},{"floor":6,"key":"InkBottle"},{"floor":8,"key":"ats:Originium"},{"floor":8,"key":"Calipers"},{"floor":9,"key":"Happy Flower"},{"floor":13,"key":"ats:Originium"},{"floor":13,"key":"Girya"},{"floor":23,"key":"Pantograph"}],"event_choices":[{"damage_healed":0,"gold_gain":0,"player_choice":"Success","damage_taken":12,"relics_obtained":["Akabeko"],"max_hp_gain":0,"max_hp_loss":0,"event_name":"Scrap Ooze","floor":2,"gold_loss":0},{"damage_healed":0,"gold_gain":0,"player_choice":"Grow","damage_taken":0,"max_hp_gain":0,"max_hp_loss":0,"event_name":"Living Wall","floor":3,"gold_loss":0,"cards_upgraded":["ats:Emotion Absorption"]},{"damage_healed":0,"gold_gain":175,"player_choice":"AGREE","damage_taken":0,"max_hp_gain":0,"max_hp_loss":0,"event_name":"Liars Game","floor":4,"gold_loss":0,"cards_obtained":["Doubt"]},{"damage_healed":0,"gold_gain":0,"player_choice":"Read","damage_taken":0,"max_hp_gain":0,"max_hp_loss":0,"event_name":"The Library","floor":21,"gold_loss":0,"cards_obtained":["ats:Soul Absorption"]},{"damage_healed":0,"gold_gain":0,"player_choice":"Ignored","damage_taken":0,"max_hp_gain":0,"max_hp_loss":0,"event_name":"Cursed Tome","floor":30,"gold_loss":0}],"is_beta":false,"boss_relics":[{"not_picked":["Ectoplasm","Fusion Hammer"],"picked":"Tiny House"},{"not_picked":["Snecko Eye","Busted Crown","Sozu"]}],"items_purged_floors":[10,19],"is_endless":false,"potions_floor_spawned":[6,14,20,24,28,36],"killed_by":"Transient","ascension_level":0}}