{"host":"wha9hktbkslqvblg","time":1609765884,"event":{"mods":["BaseMod","Colored Map","Minty Spire (QoL Compilation)","Relic Stats","SuperFastMode","everything is the same but u backflip on backflip"],"gold_per_floor":[119,119,166,166,91,118,118,151,177,177,177,211,136,168,168,241,241,256,89,89,89,89,89,89,269,321,348,373,393,420,431,431,503,503,515,531,556,604,614,645,645,656,656,656,675,709,709,735,735,735,735,735,735,32,66,66],"floor_reached":57,"playtime":1360,"items_purged":["Strike_R","Strike_R+1"],"score":3771,"play_id":"2c795a04-f8b4-4fd9-8128-c305035f62c6","local_time":"20210104221124","is_ascension_mode":true,"campfire_choices":[{"data":"Bash","floor":7.0,"key":"SMITH"},{"data":"Power Through","floor":11.0,"key":"SMITH"},{"data":"Offering","floor":15.0,"key":"SMITH"},{"data":"Barricade","floor":32.0,"key":"SMITH"},{"data":"Evolve","floor":41.0,"key":"SMITH"},{"floor":47.0,"key":"RECALL"},{"data":"Feel No Pain","floor":49,"key":"SMITH"},{"floor":53,"key":"DIG"}],"circlet_count":0,"master_deck":["AscendersBane","Defend_R+1","Bash+1","Offering+1","Power Through+1","Immolate+1","Double Tap","Battle Trance+1","Offering+1","Thunderclap+1","Juggernaut+1","Bloodletting+1","Immolate+1","Evolve+1","Second Wind","Barricade+1","Body Slam+1","Feel No Pain+1"],"relics":["Burning Blood","NeowsBlessing","Juzu Bracelet","Molten Egg 2","Centennial Puzzle","Pen Nib","Paper Frog","Whetstone","Dream Catcher","Astrolabe","Bag of Preparation","Akabeko","Red Mask","Torii","Coffee Dripper","Turnip","Shovel","Regal Pillow","Frozen Egg 2","Oddly Smooth Stone","Smiling Mask","White Beast Statue","Toy Ornithopter","Sling","StoneCalendar","War Paint"],"acts_visited":["Exordium","TheCity","TheBeyond","TheEnding"],"potions_floor_usage":[55,56,56],"damage_taken":[{"damage":0.0,"enemies":"2 Louse","floor":1.0,"turns":1.0},{"damage":0.0,"enemies":"Lagavulin","floor":6.0,"turns":1.0},{"damage":0.0,"enemies":"3 Sentries","floor":8.0,"turns":1.0},{"damage":6.0,"enemies":"Gremlin Nob","floor":12.0,"turns":2.0},{"damage":6.0,"enemies":"Lagavulin","floor":14.0,"turns":3.0},{"damage":6.0,"enemies":"Slime Boss","floor":16.0,"turns":2.0},{"damage":8.0,"enemies":"Chosen","floor":18.0,"turns":3.0},{"damage":9.0,"enemies":"Gremlin Leader","floor":27.0,"turns":1.0},{"damage":6.0,"enemies":"Masked Bandits","floor":28.0,"turns":1.0},{"damage":6.0,"enemies":"3 Byrds","floor":29.0,"turns":1.0},{"damage":6.0,"enemies":"Slavers","floor":30.0,"turns":1.0},{"damage":0.0,"enemies":"3 Cultists","floor":31.0,"turns":1.0},{"damage":12.0,"enemies":"Automaton","floor":33.0,"turns":5.0},{"damage":3.0,"enemies":"3 Darklings","floor":35.0,"turns":1.0},{"damage":15.0,"enemies":"Orb Walker","floor":36.0,"turns":1.0},{"damage":9.0,"enemies":"Mind Bloom Boss Battle","floor":37.0,"turns":5.0},{"damage":9.0,"enemies":"2 Orb Walkers","floor":38.0,"turns":1.0},{"damage":9.0,"enemies":"Spire Growth","floor":39.0,"turns":1.0},{"damage":15.0,"enemies":"Reptomancer","floor":40.0,"turns":1.0},{"damage":15.0,"enemies":"Transient","floor":42.0,"turns":6.0},{"damage":0.0,"enemies":"3 Darklings","floor":45.0,"turns":1.0},{"damage":9.0,"enemies":"Giant Head","floor":46.0,"turns":5.0},{"damage":6.0,"enemies":"Nemesis","floor":48.0,"turns":3.0},{"damage":9,"enemies":"Donu and Deca","floor":50,"turns":4},{"damage":15,"enemies":"Time Eater","floor":51,"turns":4},{"damage":15,"enemies":"Shield and Spear","floor":55,"turns":2},{"damage":53,"enemies":"The Heart","floor":56,"turns":7}],"seed_played":"-791593377850524042","potions_obtained":[{"floor":1.0,"key":"EssenceOfSteel"},{"floor":8.0,"key":"Fire Potion"},{"floor":18.0,"key":"Block Potion"},{"floor":39.0,"key":"DistilledChaos"},{"floor":42.0,"key":"Swift Potion"},{"floor":55,"key":"EssenceOfSteel"}],"is_trial":false,"path_per_floor":["M","?","T","?","?","E","R","E","T","T","R","E","$","E","R","B",null,"M","$","?","?","?","?","?","?","T","E","?","M","E","M","R","B",null,"M","M","?","?","M","E","R","M","T","?","M","E","R","E","R","B","B",null,"R","$","E","B",null],"character_chosen":"IRONCLAD","items_purchased":["Bag of Preparation","Toy Ornithopter","Sling","StoneCalendar"],"campfire_rested":0,"item_purchase_floors":[19,54,54,54],"current_hp_per_floor":[74,74,74,70,70,75,75,75,75,75,75,75,75,75,75,75,75,73,73,73,73,73,73,52,33,33,30,30,30,30,36,36,30,68,71,62,59,56,53,44,44,35,35,35,41,38,38,38,38,35,26,67,67,67,63,26],"gold":66,"neow_bonus":"THREE_ENEMY_KILL","is_daily":false,"chose_seed":false,"campfire_upgraded":6,"win_rate":0.0,"timestamp":1609765884,"path_taken":["M","?","?","?","?","E","R","E","T","?","R","E","?","E","R","BOSS","M","$","?","?","?","?","?","?","T","E","?","M","E","M","R","BOSS","M","M","?","?","M","E","R","M","T","?","M","E","R","E","R","BOSS","BOSS","R","$","E","BOSS"],"items_purchased_type":["Relic","Relic","Relic","Relic"],"build_version":"2020-12-22","purchased_purges":2,"victory":true,"max_hp_per_floor":[75,75,75,75,75,75,75,75,75,75,75,75,75,75,75,75,75,75,75,75,75,75,75,80,80,80,80,80,80,80,80,80,80,80,80,80,80,80,80,80,80,80,80,80,80,80,80,80,80,80,80,80,80,80,80,80],"relic_stats":{"Regal Pillow":0,"Torii":0,"counters":[27,65],"Astrolabe":["Thunderclap","Juggernaut","Bloodletting"],"StoneCalendar":[0],"Pen Nib":[12],"Juzu Bracelet":4,"Bag of Preparation":[40],"Whetstone":["Strike_R","Strike_R"],"War Paint":["Battle Trance","Defend_R"],"Smiling Mask":50,"Burning Blood":155,"Centennial Puzzle":[66],"Dream Catcher":0,"Shovel":1,"Turnip":[3],"obtain_stats":[{"Regal Pillow":40,"Torii":30,"StoneCalendar":54,"Juzu Bracelet":3,"Bag of Preparation":19,"Whetstone":12,"Smiling Mask":48,"Sling":54,"Burning Blood":0,"Centennial Puzzle":8,"Dream Catcher":14,"Shovel":38,"Red Mask":28,"Paper Frog":10,"NeowsBlessing":0,"Astrolabe":17,"Oddly Smooth Stone":46,"Pen Nib":9,"Frozen Egg 2":43,"War Paint":55,"Akabeko":27,"White Beast Statue":53,"Molten Egg 2":6,"Turnip":37,"Coffee Dripper":34,"Toy Ornithopter":54},{"Regal Pillow":19,"Torii":11,"StoneCalendar":25,"Juzu Bracelet":1,"Bag of Preparation":7,"Whetstone":4,"Smiling Mask":23,"Sling":25,"Burning Blood":0,"Centennial Puzzle":3,"Dream Catcher":5,"Shovel":17,"Red Mask":9,"Paper Frog":3,"NeowsBlessing":0,"Astrolabe":6,"Oddly Smooth Stone":22,"Pen Nib":3,"Frozen Egg 2":20,"War Paint":26,"Akabeko":8,"White Beast Statue":25,"Molten Egg 2":2,"Turnip":16,"Coffee Dripper":13,"Toy Ornithopter":25},{"Regal Pillow":33,"Torii":17,"StoneCalendar":56,"Juzu Bracelet":1,"Bag of Preparation":13,"Whetstone":5,"Smiling Mask":48,"Sling":56,"Burning Blood":0,"Centennial Puzzle":3,"Dream Catcher":8,"Shovel":31,"Red Mask":15,"Paper Frog":3,"NeowsBlessing":0,"Astrolabe":10,"Oddly Smooth Stone":45,"Pen Nib":3,"Frozen Egg 2":39,"War Paint":58,"Akabeko":14,"White Beast Statue":56,"Molten Egg 2":2,"Turnip":30,"Coffee Dripper":23,"Toy Ornithopter":56}],"Toy Ornithopter":15},"card_choices":[{"not_picked":["True Grit","Reckless Charge","Flame Barrier"],"picked":"SKIP","floor":1.0},{"not_picked":["Havoc","Demon Form"],"picked":"Power Through","floor":6.0},{"not_picked":["Entrench","Headbutt+1"],"picked":"Immolate+1","floor":8.0},{"not_picked":["Flex","Pommel Strike+1"],"picked":"Double Tap","floor":12.0},{"not_picked":["Searing Blow+1","Pommel Strike+1"],"picked":"Battle Trance","floor":14.0},{"not_picked":["Limit Break","Feed+1"],"picked":"Offering","floor":16.0},{"not_picked":["Intimidate","Dropkick+1","Searing Blow+1"],"picked":"SKIP","floor":18.0},{"not_picked":["Sword Boomerang+1","Flex","Warcry"],"picked":"SKIP","floor":27.0},{"not_picked":["Body Slam+1","Dropkick+1"],"picked":"Evolve","floor":28.0},{"not_picked":["Dual Wield","Sword Boomerang+1"],"picked":"Second Wind","floor":29.0},{"not_picked":["Disarm","Sentinel","Anger+1"],"picked":"SKIP","floor":30.0},{"not_picked":["Disarm","Sentinel","Anger+1"],"picked":"SKIP","floor":30.0},{"not_picked":["Pummel+1","Anger+1"],"picked":"Barricade","floor":31.0},{"not_picked":["Ghostly Armor+1","Flex","Clothesline+1"],"picked":"SKIP","floor":35.0},{"not_picked":["Inflame+1","Armaments","Seeing Red"],"picked":"SKIP","floor":36.0},{"not_picked":["Havoc","Heavy Blade+1"],"picked":"Body Slam+1","floor":39.0},{"not_picked":["Juggernaut","Battle Trance","Anger+1"],"picked":"SKIP","floor":40.0},{"not_picked":["Pommel Strike+1","Sentinel"],"picked":"Feel No Pain","floor":42.0},{"not_picked":["Carnage+1","Sword Boomerang+1","Shrug It Off+1"],"picked":"SKIP","floor":45.0},{"not_picked":["Demon Form+1","Pommel Strike+1","Second Wind"],"picked":"SKIP","floor":46.0},{"not_picked":["Flex+1","Wild Strike+1","Headbutt+1"],"picked":"SKIP","floor":48.0},{"not_picked":["Sword Boomerang+1","Uppercut+1","Combust+1"],"picked":"SKIP","floor":55}],"player_experience":935162,"relics_obtained":[{"floor":3.0,"key":"Juzu Bracelet"},{"floor":6.0,"key":"Molten Egg 2"},{"floor":8.0,"key":"Centennial Puzzle"},{"floor":9.0,"key":"Pen Nib"},{"floor":10.0,"key":"Paper Frog"},{"floor":12.0,"key":"Whetstone"},{"floor":14.0,"key":"Dream Catcher"},{"floor":27.0,"key":"Akabeko"},{"floor":28.0,"key":"Red Mask"},{"floor":30.0,"key":"Torii"},{"floor":37.0,"key":"Turnip"},{"floor":38.0,"key":"Shovel"},{"floor":40.0,"key":"Regal Pillow"},{"floor":43.0,"key":"Frozen Egg 2"},{"floor":46.0,"key":"Oddly Smooth Stone"},{"floor":48.0,"key":"Smiling Mask"},{"floor":53,"key":"White Beast Statue"},{"floor":55,"key":"War Paint"}],"event_choices":[{"damage_healed":0.0,"max_hp_gain":0.0,"max_hp_loss":0.0,"gold_gain":0.0,"cards_transformed":["Strike_R"],"event_name":"Living Wall","player_choice":"Change","floor":2.0,"gold_loss":0.0,"damage_taken":0.0,"cards_obtained":["Offering"]},{"damage_healed":0.0,"max_hp_gain":0.0,"max_hp_loss":0.0,"gold_gain":0.0,"event_name":"The Woman in Blue","player_choice":"Bought 0 Potions","floor":4.0,"gold_loss":0.0,"damage_taken":0.0},{"cards_removed":["Defend_R"],"damage_healed":0.0,"max_hp_gain":0.0,"max_hp_loss":0.0,"gold_gain":0.0,"event_name":"The Cleric","player_choice":"Card Removal","floor":5.0,"gold_loss":75.0,"damage_taken":0.0},{"damage_healed":0.0,"max_hp_gain":0.0,"max_hp_loss":0.0,"gold_gain":0.0,"event_name":"Upgrade Shrine","player_choice":"Upgraded","floor":20.0,"gold_loss":0.0,"damage_taken":0.0,"cards_upgraded":["Offering"]},{"damage_healed":0.0,"max_hp_gain":0.0,"max_hp_loss":0.0,"gold_gain":0.0,"event_name":"The Mausoleum","player_choice":"Ignored","floor":21.0,"gold_loss":0.0,"damage_taken":0.0},{"cards_removed":["Strike_R"],"damage_healed":0.0,"max_hp_gain":0.0,"max_hp_loss":0.0,"gold_gain":0.0,"event_name":"Back to Basics","player_choice":"Elegance","floor":22.0,"gold_loss":0.0,"damage_taken":0.0},{"damage_healed":0.0,"max_hp_gain":0.0,"max_hp_loss":0.0,"gold_gain":0.0,"event_name":"Duplicator","player_choice":"Copied","floor":23.0,"gold_loss":0.0,"damage_taken":0.0,"cards_obtained":["Immolate"]},{"damage_healed":0.0,"max_hp_gain":5.0,"max_hp_loss":0.0,"gold_gain":0.0,"event_name":"Forgotten Altar","player_choice":"Shed Blood","floor":24.0,"gold_loss":0.0,"damage_taken":26.0},{"damage_healed":0.0,"max_hp_gain":0.0,"max_hp_loss":0.0,"gold_gain":180.0,"event_name":"Knowing Skull","player_choice":"GOLD GOLD ","floor":25.0,"potions_obtained":[],"gold_loss":0.0,"damage_taken":19.0,"cards_obtained":[]},{"damage_healed":0.0,"max_hp_gain":0.0,"max_hp_loss":0.0,"gold_gain":0.0,"event_name":"Masked Bandits","player_choice":"Fought Bandits","floor":28.0,"gold_loss":0.0,"damage_taken":0.0},{"damage_healed":0.0,"max_hp_gain":0.0,"max_hp_loss":0.0,"gold_gain":0.0,"event_name":"MindBloom","player_choice":"Fight","floor":37.0,"gold_loss":0.0,"damage_taken":0.0},{"damage_healed":0.0,"max_hp_gain":0.0,"max_hp_loss":0.0,"gold_gain":0.0,"event_name":"Mysterious Sphere","player_choice":"Fight","floor":38.0,"gold_loss":0.0,"damage_taken":0.0},{"damage_healed":0.0,"max_hp_gain":0.0,"max_hp_loss":0.0,"gold_gain":0.0,"event_name":"SensoryStone","player_choice":"Memory 1","floor":44.0,"gold_loss":0.0,"damage_taken":0.0}],"is_beta":false,"boss_relics":[{"not_picked":["Fusion Hammer","SlaversCollar"],"picked":"Astrolabe"},{"not_picked":["Runic Dome","Black Star"],"picked":"Coffee Dripper"}],"items_purged_floors":[13,54],"is_endless":false,"potions_floor_spawned":[1,8,18,39,40,42,48,55],"ascension_level":20}}