{"host":"867cnhxguf2bzj4x","time":1609758458,"event":{"mods":["BaseMod","BetterRewards","GifTheSpireLib","Hubris","Lobotomy","Minty Spire (QoL Compilation)","StSLib","The Bug Knight","The Cursed","The Necromancer"],"gold_per_floor":[112,112,112,32,32,32,57,78,102,114,126,138,185,215,227,363,375,407,438,466,478,515,527,169,94,120,120,120,147,147,167,167,167,167],"floor_reached":33,"playtime":1565,"items_purged":["Strike_W"],"score":243,"play_id":"69bb048a-e273-413f-9a3d-981f0e44a8a7","local_time":"20210104120738","is_ascension_mode":false,"campfire_choices":[{"floor":6,"key":"RECALL"},{"data":"Bone_Armor","floor":15,"key":"SMITH"},{"floor":23,"key":"REST"},{"floor":28,"key":"REST"},{"floor":32,"key":"REST"}],"circlet_count":0,"master_deck":["Defend_W","Defend_W","Negative_Energy_Arrows","Bone_Wall+1","Bone_Shift+1","Whirlwind_of_Bones+1","Bone_Armor+1","Death_March_Dance","Skeleton_Dragon","Detonate_Bones+1","Negative_Energy_Sphere+1","Chill_Blood+1","Bone_Bullets"],"relics":["Vampire_Amulet","Golden Idol","MawBank","HollowMod:PaleOreRelic","Astrolabe","Torii","Regal Pillow","Nilry\u0027s Codex","Dream Catcher","MutagenicStrength"],"acts_visited":["Exordium","TheCity"],"potions_floor_usage":[33,33],"damage_taken":[{"damage":0,"enemies":"Small Slimes","floor":1,"turns":3},{"damage":10,"enemies":"Cultist","floor":7,"turns":5},{"damage":2,"enemies":"Jaw Worm","floor":8,"turns":5},{"damage":12,"enemies":"HollowMod:MossKnight","floor":13,"turns":13},{"damage":11,"enemies":"Large Slime","floor":14,"turns":8},{"damage":27,"enemies":"The Guardian","floor":16,"turns":16},{"damage":28,"enemies":"Shell Parasite","floor":18,"turns":8},{"damage":21,"enemies":"Spheric Guardian","floor":19,"turns":5},{"damage":21,"enemies":"Snake Plant","floor":20,"turns":9},{"damage":34,"enemies":"Centurion and Healer","floor":22,"turns":9},{"damage":50,"enemies":"Shelled Parasite and Fungi","floor":31,"turns":9},{"damage":90,"enemies":"Champ","floor":33,"turns":14}],"seed_played":"8246232901169141595","potions_obtained":[{"floor":1,"key":"SmokeBomb"},{"floor":7,"key":"Fire Potion"},{"floor":13,"key":"Strength Potion"},{"floor":20,"key":"DistilledChaos"}],"is_trial":false,"path_per_floor":["M","?","?","$","?","R","M","M","T","?","$","?","E","M","R","B",null,"M","M","M","?","M","R","$","?","T","?","R","T","?","M","R","B"],"character_chosen":"NECROMANCER","items_purchased":["Whirlwind_of_Bones","Torii"],"campfire_rested":3,"item_purchase_floors":[4,24],"current_hp_per_floor":[75,57,57,57,57,57,49,49,49,49,49,49,43,36,36,11,75,49,30,11,36,6,28,28,28,28,12,49,49,49,3,40,0,0],"gold":167,"neow_bonus":"UPGRADE_CARD","is_daily":false,"chose_seed":false,"campfire_upgraded":1,"win_rate":0.0,"timestamp":1609758458,"path_taken":["M","?","?","$","?","R","M","?","T","?","?","?","E","?","R","BOSS","M","?","M","?","M","R","$","?","T","?","R","?","?","M","R","BOSS"],"items_purchased_type":["Card","Relic"],"build_version":"2020-12-22","purchased_purges":1,"victory":false,"max_hp_per_floor":[75,75,75,75,75,75,75,75,75,75,75,75,75,75,75,75,75,75,75,75,75,75,75,75,75,75,75,75,75,75,75,75,75,75],"card_choices":[{"not_picked":["Summon_Lich","Blood_for_Blood"],"picked":"Bone_Shift","floor":1},{"not_picked":["Exploit","Chill_Blood"],"picked":"Bone_Armor","floor":7},{"not_picked":["Vampiric_Strike","Negative_Energy_Shield"],"picked":"Death_March_Dance","floor":8},{"not_picked":["Necrotic_Claws","Negative_Energy_Shield","Death_March_Dance"],"picked":"SKIP","floor":13},{"not_picked":["Pandemic","Bones_to_Steel","Negative_Energy_Mist"],"picked":"SKIP","floor":14},{"not_picked":["Hellfire","Summon_Vampire_Lady"],"picked":"Skeleton_Dragon","floor":16},{"not_picked":["Toxic_Smoke_Screen","Negative_Energy_Mist"],"picked":"Bone_Bullets","floor":18},{"not_picked":["Bone_Spikes","Bones_to_Steel+1","Life_Tap+1"],"picked":"SKIP","floor":19},{"not_picked":["Negative_Energy_Sphere","Bones_to_Steel","Shackles_Of_Pain"],"picked":"SKIP","floor":20},{"not_picked":["Blood_Whip","Negative_Energy_Shield","Bone_Shift"],"picked":"SKIP","floor":22},{"not_picked":["Life_Tap","Strike_from_Beyond","Whirlwind_of_Bones"],"picked":"SKIP","floor":31}],"player_experience":89256,"relics_obtained":[{"floor":9,"key":"MawBank"},{"floor":13,"key":"HollowMod:PaleOreRelic"},{"floor":26,"key":"Regal Pillow"},{"floor":27,"key":"Nilry\u0027s Codex"},{"floor":29,"key":"Dream Catcher"}],"event_choices":[{"damage_healed":0,"gold_gain":0,"player_choice":"Take Damage","damage_taken":18,"relics_obtained":["Golden Idol"],"max_hp_gain":0,"max_hp_loss":0,"event_name":"Golden Idol","floor":2,"gold_loss":0},{"damage_healed":0,"gold_gain":0,"player_choice":"Upgraded","damage_taken":0,"max_hp_gain":0,"max_hp_loss":0,"event_name":"Upgrade Shrine","floor":5,"gold_loss":0,"cards_upgraded":["Whirlwind_of_Bones"]},{"damage_healed":0,"gold_gain":0,"player_choice":"Ignored","damage_taken":0,"max_hp_gain":0,"max_hp_loss":0,"event_name":"Liars Game","floor":10,"gold_loss":0},{"cards_removed":["Defend_W"],"damage_healed":0,"gold_gain":0,"player_choice":"Purged","damage_taken":0,"max_hp_gain":0,"max_hp_loss":0,"event_name":"Purifier","floor":12,"gold_loss":0},{"damage_healed":25,"gold_gain":0,"player_choice":"Heal","damage_taken":0,"max_hp_gain":0,"max_hp_loss":0,"event_name":"The Library","floor":21,"gold_loss":0},{"cards_removed":["Strike_W"],"damage_healed":0,"gold_gain":0,"player_choice":"Gave Gold","damage_taken":0,"max_hp_gain":0,"max_hp_loss":0,"event_name":"Beggar","floor":25,"gold_loss":75},{"damage_healed":0,"gold_gain":0,"player_choice":"Obtained Book","damage_taken":16,"max_hp_gain":0,"max_hp_loss":0,"event_name":"Cursed Tome","floor":27,"gold_loss":0},{"damage_healed":0,"gold_gain":0,"player_choice":"Inject Mutagens","damage_taken":0,"relics_obtained":["MutagenicStrength"],"max_hp_gain":0,"max_hp_loss":0,"event_name":"Drug Dealer","floor":30,"gold_loss":0}],"is_beta":false,"boss_relics":[{"not_picked":["Cursed Key","hubris:RunicObelisk"],"picked":"Astrolabe"}],"items_purged_floors":[24],"is_endless":false,"potions_floor_spawned":[1,7,13,20,31],"killed_by":"Champ","ascension_level":0}}