{"host":"xurz8oye0j2lsa2k","time":1609723060,"event":{"mods":["AchievementEnabler","BaseMod","Colored Map","Hubris","Marisa????????","Minty Spire (QoL Compilation)","Permanent Neow","Replay The Spire","StSLib"],"gold_per_floor":[118,66,341,355,370,398,417,447,447,447,143,143,143,156,156,156,156],"floor_reached":16,"playtime":593,"items_purged":["Regret"],"score":110,"play_id":"994031bb-36dc-4773-aa00-cb32de3a9598","local_time":"20210103201740","is_ascension_mode":false,"campfire_choices":[{"data":"PowerUp","floor":15,"key":"SMITH"}],"circlet_count":0,"master_deck":["Strike_MRS","Strike_MRS","Strike_MRS","Defend_MRS","Defend_MRS","Defend_MRS","Defend_MRS","MasterSpark","UpSweep","DC","PowerUp+1","NonDirectionalLaser","EarthLightRay+1","IllusionStar","Singularity+1","Replay:BasicMightCard+1","MaximisePower"],"relics":["MiniHakkero","NeowsBlessing","Replay:Rubber Ducky","Tiny Chest","Pantograph","Guide Book","Lantern"],"acts_visited":["Exordium"],"potions_floor_usage":[6,7,8,16],"damage_taken":[{"damage":0,"enemies":"Small Slimes","floor":1,"turns":1},{"damage":0,"enemies":"Cultist","floor":4,"turns":1},{"damage":0,"enemies":"Jaw Worm","floor":5,"turns":1},{"damage":9,"enemies":"Gremlin Nob","floor":6,"turns":3},{"damage":25,"enemies":"Exordium Thugs","floor":7,"turns":3},{"damage":22,"enemies":"Replay:BlueRogue","floor":8,"turns":4},{"damage":2,"enemies":"Looter","floor":14,"turns":2},{"damage":49,"enemies":"The Guardian","floor":16,"turns":8}],"seed_played":"1951346935854613665","potions_obtained":[{"floor":6,"key":"ColorlessPotion"},{"floor":7,"key":"PowerPotion"},{"floor":14,"key":"Energy Potion"}],"is_trial":false,"path_per_floor":["M","$","?","M","M","E","M","E","T","?","$","?","T","M","R","B"],"character_chosen":"MARISA","items_purchased":["BottledSpark","Replay:BasicMightCard","Guide Book"],"campfire_rested":0,"item_purchase_floors":[2,11,11],"current_hp_per_floor":[75,75,75,75,75,66,45,27,27,27,27,27,27,25,25,7,7],"gold":156,"neow_bonus":"THREE_ENEMY_KILL","is_daily":false,"chose_seed":false,"campfire_upgraded":1,"win_rate":0.0,"timestamp":1609723060,"path_taken":["M","$","?","?","M","E","M","E","T","?","?","?","?","M","R","BOSS"],"items_purchased_type":["Potion","Card","Relic"],"build_version":"2020-12-22","purchased_purges":1,"victory":false,"max_hp_per_floor":[75,75,75,75,75,75,75,75,75,75,75,75,75,75,75,75,75],"card_choices":[{"not_picked":["6A","AsteroidBelt"],"picked":"DC","floor":1},{"not_picked":["UnstableBomb","EventHorizon"],"picked":"PowerUp","floor":4},{"not_picked":["BlazeAway","DragonMeteor"],"picked":"NonDirectionalLaser","floor":5},{"not_picked":["ManaConvection","UltimateShortwave"],"picked":"EarthLightRay","floor":6},{"not_picked":["6A","MilkyWay"],"picked":"IllusionStar","floor":7},{"not_picked":["ShootingEcho","GrandCross"],"picked":"Singularity","floor":8},{"not_picked":["GrandCross","AsteroidBelt","GravityBeat"],"picked":"SKIP","floor":14}],"player_experience":489842,"relics_obtained":[{"floor":6,"key":"Replay:Rubber Ducky"},{"floor":8,"key":"Tiny Chest"},{"floor":9,"key":"Pantograph"},{"floor":13,"key":"Lantern"}],"event_choices":[{"damage_healed":0,"gold_gain":275,"player_choice":"Desecrate","damage_taken":0,"max_hp_gain":0,"max_hp_loss":0,"event_name":"Golden Shrine","floor":3,"gold_loss":0,"cards_obtained":["Regret"]},{"damage_healed":0,"gold_gain":0,"player_choice":"Upgraded","damage_taken":0,"max_hp_gain":0,"max_hp_loss":0,"event_name":"Upgrade Shrine","floor":10,"gold_loss":0,"cards_upgraded":["Singularity"]},{"damage_healed":0,"gold_gain":0,"cards_transformed":["Strike_MRS"],"player_choice":"Transformed","damage_taken":0,"max_hp_gain":0,"max_hp_loss":0,"event_name":"Transmorgrifier","floor":12,"gold_loss":0,"cards_obtained":["MaximisePower"]}],"is_beta":false,"boss_relics":[],"items_purged_floors":[11],"is_endless":false,"potions_floor_spawned":[6,7,14],"killed_by":"The Guardian","ascension_level":0}}