{"host":"d64axfghkv1zq619","time":1609739345,"event":{"mods":["BaseMod","Better Third Choice","Custom Start","Defuse TimeMaze Blight","Downfall","Friendly Minions","Infinite Spire","Minty Spire (QoL Compilation)","Shade Mod","Spicy Shops","StSLib","The Elementalist","The Marked"],"gold_per_floor":[112,112,129,129,140,175,175,195,248,279,379,379,393,11,11,116,116,126,126,136,151,151,179,279,279,305,321,321,346,397,18,18,123,123,134,12,27,43,63,63,81,81,81,81,93,93,121,136,136,239,239,249,249,265,271,278,278,271,271,294,294,294,72,98,107,107,184,193,203,128,203,69,83,123,123,115,204,218,239,239,262,277,277,342,342,357,375,430,430],"floor_reached":88,"playtime":6506,"items_purged":["elementalist:Strike+Elemblue","sneckomod:Bewildered","Parasite","Regret"],"score":1879,"play_id":"3836f435-2663-4687-bcbf-72d6a9361ca7","local_time":"20210103224905","is_ascension_mode":false,"campfire_choices":[{"data":"elementalist:Fire_Emblem","floor":12.0,"key":"SMITH"},{"data":"elementalist:Firestrike","floor":15.0,"key":"SMITH"},{"data":"elementalist:Fire_Emblem","floor":25.0,"key":"SMITH"},{"data":"elementalist:Fire_Emblem","floor":28.0,"key":"SMITH"},{"data":"elementalist:Blaze","floor":32.0,"key":"SMITH"},{"data":"elementalist:Caution","floor":40.0,"key":"SMITH"},{"data":"elementalist:Caution","floor":44.0,"key":"SMITH"},{"data":"elementalist:Fire_Emblem","floor":49.0,"key":"SMITH"},{"data":"elementalist:Solar_Form","floor":57.0,"key":"SMITH"},{"data":"elementalist:Water_Emblem","floor":61.0,"key":"SMITH"},{"data":"infinitespire:SevenWalls","floor":66.0,"key":"SMITH"},{"data":"elementalist:Caution","floor":75.0,"key":"SMITH"},{"data":"elementalist:Water_Emblem","floor":80.0,"key":"SMITH"},{"data":"elementalist:Fire_Emblem","floor":83.0,"key":"SMITH"}],"circlet_count":0,"master_deck":["elementalist:Water_Emblem+1","elementalist:Water_Emblem+1","elementalist:Fire_Emblem+1","elementalist:Fire_Emblem+1","elementalist:Fire_Emblem+1","elementalist:Fire_Emblem+1","elementalist:Fire_Emblem+1","elementalist:Defend_Elemblue","elementalist:Defend_Elemblue","elementalist:Defend_Elemblue","elementalist:Defend_Elemblue","elementalist:Defend_Elemblue","elementalist:Firestrike+1","elementalist:Earthstrike","elementalist:Waterstrike","elementalist:Airstrike","elementalist:Caution+1","elementalist:Caution+1","elementalist:Flame+1","elementalist:Flame","elementalist:Flame","elementalist:Blaze+1","elementalist:Blaze+1","infinitespire:Gouge","elementalist:Wards+1","elementalist:Flame+1","elementalist:Low_Tides","elementalist:Flame+1","elementalist:Low_Tides","elementalist:Flame+1","elementalist:Wards","elementalist:Low_Tides","elementalist:Low_Tides","elementalist:Solar_Form+1","infinitespire:SevenWalls+1","infinitespire:Menacing","elementalist:Momentum+1","elementalist:Caution+1","elementalist:Fission_Lance+1","elementalist:Flame+1","hexamod:Haunted","elementalist:Cauterize+1","elementalist:Solar_Form+1","elementalist:Solar_Form+1","elementalist:Mist+1","expansioncontent:Collect","Master of Strategy","infinitespire:Collect"],"relics":["elementalistmod:MagusStaff","elementalistmod:RedRibbon","elementalistmod:RedRibbon","infinitespire:FocusingShard","Happy Flower","Orichalcum","infinitespire:Satchel","Chemical X","Bronze Scales","Cursed Key","The Courier","Mummified Hand","PreservedInsect","Strawberry","Boot","ClockworkSouvenir","Bottled Flame","Coffee Dripper","Mercury Hourglass","Meat on the Bone","SacredBark","infinitespire:Lucky Rock","Art of War","CeramicFish","OrangePellets","Darkstone Periapt","Philosopher\u0027s Stone","Whetstone","Molten Egg 2","Mango","Kunai","infinitespire:Cupcake","Ginger"],"acts_visited":["Exordium","TheCity","TheBeyond","Exordium","TheCity","TheBeyond"],"potions_floor_usage":[88,88],"damage_taken":[{"damage":1.0,"enemies":"2 Louse","floor":1.0,"turns":2.0},{"damage":2.0,"enemies":"Small Slimes","floor":3.0,"turns":5.0},{"damage":2.0,"enemies":"Cultist","floor":5.0,"turns":4.0},{"damage":7.0,"enemies":"Lagavulin","floor":6.0,"turns":10.0},{"damage":0.0,"enemies":"Exordium Wildlife","floor":8.0,"turns":3.0},{"damage":8.0,"enemies":"3 Sentries","floor":10.0,"turns":8.0},{"damage":0.0,"enemies":"Red Slaver","floor":13.0,"turns":3.0},{"damage":9.0,"enemies":"Slime Boss","floor":16.0,"turns":7.0},{"damage":0.0,"enemies":"Shell Parasite","floor":18.0,"turns":5.0},{"damage":2.0,"enemies":"3 Byrds","floor":20.0,"turns":3.0},{"damage":0.0,"enemies":"Centurion and Healer","floor":21.0,"turns":2.0},{"damage":9.0,"enemies":"Nightmare","floor":23.0,"turns":4.0},{"damage":0.0,"enemies":"Shelled Parasite and Fungi","floor":27.0,"turns":3.0},{"damage":0.0,"enemies":"Slavers","floor":29.0,"turns":2.0},{"damage":16.0,"enemies":"Automaton","floor":33.0,"turns":5.0},{"damage":40.0,"enemies":"3 Shapes","floor":35.0,"turns":2.0},{"damage":2.0,"enemies":"3 Darklings","floor":37.0,"turns":2.0},{"damage":0.0,"enemies":"Jaw Worm Horde","floor":38.0,"turns":2.0},{"damage":10.0,"enemies":"Writhing Mass","floor":39.0,"turns":5.0},{"damage":3.0,"enemies":"Maw","floor":41.0,"turns":5.0},{"damage":0.0,"enemies":"Sphere and 2 Shapes","floor":45.0,"turns":3.0},{"damage":0.0,"enemies":"Nemesis","floor":47.0,"turns":3.0},{"damage":0.0,"enemies":"Writhing Mass","floor":48.0,"turns":4.0},{"damage":13.0,"enemies":"Time Eater","floor":50.0,"turns":6.0},{"damage":0.0,"enemies":"Cultist","floor":52.0,"turns":1.0},{"damage":0.0,"enemies":"Jaw Worm","floor":54.0,"turns":1.0},{"damage":0.0,"enemies":"Small Slimes","floor":55.0,"turns":2.0},{"damage":0.0,"enemies":"2 Fungi Beasts","floor":56.0,"turns":2.0},{"damage":0.0,"enemies":"Exordium Thugs","floor":58.0,"turns":4.0},{"damage":0.0,"enemies":"Gremlin Nob","floor":64.0,"turns":1.0},{"damage":0.0,"enemies":"The Guardian","floor":67.0,"turns":5.0},{"damage":13.0,"enemies":"Shell Parasite","floor":69.0,"turns":3.0},{"damage":0.0,"enemies":"Spheric Guardian","floor":73.0,"turns":2.0},{"damage":0.0,"enemies":"Slavers","floor":74.0,"turns":1.0},{"damage":0.0,"enemies":"Centurion and Healer","floor":76.0,"turns":5.0},{"damage":11.0,"enemies":"Snake Plant","floor":78.0,"turns":2.0},{"damage":0.0,"enemies":"Gremlin Leader","floor":79.0,"turns":2.0},{"damage":11.0,"enemies":"Slavers","floor":81.0,"turns":2.0},{"damage":0.0,"enemies":"Sentry and Sphere","floor":82.0,"turns":2.0},{"damage":0.0,"enemies":"Automaton","floor":84.0,"turns":7.0},{"damage":11.0,"enemies":"3 Shapes","floor":86.0,"turns":2.0},{"damage":0,"enemies":"infinitespire:Three Voidlings","floor":88,"turns":3},{"damage":0,"enemies":"Nightmare_Alpha","floor":88,"turns":7}],"seed_played":"8190387658861290628","potions_obtained":[{"floor":3.0,"key":"ColorlessPotion"},{"floor":5.0,"key":"LiquidMemories"},{"floor":13.0,"key":"SteroidPotion"},{"floor":21.0,"key":"Dexterity Potion"},{"floor":27.0,"key":"EntropicBrew"},{"floor":29.0,"key":"Weak Potion"},{"floor":37.0,"key":"sneckomod:MuddlingPotion"},{"floor":47.0,"key":"Energy Potion"},{"floor":54.0,"key":"Explosive Potion"},{"floor":55.0,"key":"EntropicBrew"},{"floor":64.0,"key":"Guardian:BlockOnCardUsePotion"},{"floor":74.0,"key":"GamblersBrew"},{"floor":79.0,"key":"champ:CounterPotion"},{"floor":81.0,"key":"LiquidMemories"},{"floor":82.0,"key":"Guardian:BlockOnCardUsePotion"},{"floor":84.0,"key":"Swift Potion"}],"is_trial":false,"path_per_floor":["M","?","M","?","M","E","R","M","T","E","?","R","M","$","R","B",null,"M","?","M","M","AVR","NM","?","R","T","M","R","E","T","$","R","B",null,"M","$","M","M","M","R","M","?","T","R","M","$","E","M","R","B",null,"M","?","M","M","M","R","M","?","T","R","?","$","E","?","R","B",null,"M","?","?","$","M","E","R","M","T","M","E","R","E","M","R","B",null,"M","?","?"],"character_chosen":"THE_ELEMENTALIST","items_purchased":["infinitespire:Satchel","Chemical X","Bronze Scales","ClockworkSouvenir","Bottled Flame","elementalist:Flame","OrangePellets","Fruit Juice","elementalist:Caution"],"campfire_rested":0,"item_purchase_floors":[14,14,14,31,31,36,63,72,72],"current_hp_per_floor":[69,80,78,78,76,69,69,69,69,61,61,61,61,61,61,52,80,80,80,78,78,78,69,69,69,69,69,69,76,76,76,76,60,87,47,47,45,45,35,35,32,32,32,32,32,32,32,44,44,43,84,84,62,62,62,62,62,62,62,62,62,62,62,62,41,41,53,84,71,71,63,63,73,73,73,73,79,68,82,82,71,71,71,71,114,103,98,98,98],"gold":430,"neow_bonus":"ONE_RANDOM_RARE_CARD","is_daily":false,"chose_seed":false,"campfire_upgraded":14,"win_rate":0.0,"timestamp":1609739345,"path_taken":["M","?","M","?","?","E","R","M","T","E","?","R","?","?","R","BOSS","M","?","M","M","AVR","NM","?","R","T","?","R","E","?","?","R","BOSS","M","$","M","M","M","R","M","?","T","R","M","?","E","M","R","BOSS","M","?","M","M","M","R","M","?","T","R","?","$","E","?","R","BOSS","M","?","?","$","M","E","R","?","T","M","E","R","E","M","R","BOSS","M","?","?"],"items_purchased_type":["Relic","Relic","Relic","Relic","Relic","Card","Relic","Potion","Card"],"build_version":"2020-12-22","purchased_purges":4,"victory":false,"max_hp_per_floor":[70,80,80,80,80,80,80,80,80,80,80,80,80,80,80,80,80,80,80,80,80,80,80,80,80,80,80,80,87,87,87,87,87,87,87,84,84,84,84,84,84,84,84,84,84,84,84,84,84,84,84,84,84,84,84,84,84,84,84,84,84,84,84,84,84,84,84,84,84,84,84,84,94,94,94,94,100,100,114,114,114,114,114,114,114,114,114,114,114],"card_choices":[{"not_picked":["elementalist:Emberveil","elementalist:Undertow","elementalist:Momentum"],"picked":"SKIP","floor":1.0},{"not_picked":["elementalist:Mage_Hand","elementalist:Breeze"],"picked":"elementalist:Caution","floor":3.0},{"not_picked":["elementalist:Flame","elementalist:Breeze"],"picked":"elementalist:Caution","floor":5.0},{"not_picked":["elementalist:Quake","elementalist:Emberveil","elementalist:Breeze"],"picked":"SKIP","floor":6.0},{"not_picked":["elementalist:Mist","elementalist:Overheat","elementalist:Blaze"],"picked":"SKIP","floor":8.0},{"not_picked":["elementalist:Glaciate","elementalist:Magma_Shot","elementalist:Overheat"],"picked":"SKIP","floor":10.0},{"not_picked":["elementalist:Ignition","elementalist:Sidereal_Form"],"picked":"elementalist:Flame","floor":13.0},{"not_picked":["elementalist:Overheat","elementalist:Emberveil"],"picked":"elementalist:Flame","floor":18.0},{"not_picked":["elementalist:Overheat","elementalist:Spark"],"picked":"elementalist:Blaze+1","floor":20.0},{"not_picked":["elementalist:Confluence","elementalist:Overheat+1","elementalist:Breeze"],"picked":"SKIP","floor":21.0},{"not_picked":["elementalist:Lunar_Form+1","elementalist:Overheat+1","elementalist:Vaccuum"],"picked":"SKIP","floor":23.0},{"not_picked":["elementalist:Cauterize","elementalist:Emberveil+1"],"picked":"elementalist:Wards+1","floor":27.0},{"not_picked":["elementalist:Stone_to_Mud","elementalist:Concentricity","elementalist:Mage_Hand"],"picked":"SKIP","floor":29.0},{"not_picked":["elementalist:Emberveil","elementalist:Breeze","elementalist:Sidereal_Form"],"picked":"SKIP","floor":35.0},{"not_picked":["elementalist:Etherstrike","elementalist:Breeze"],"picked":"elementalist:Low_Tides","floor":37.0},{"not_picked":["elementalist:Emberveil","elementalist:Breeze"],"picked":"elementalist:Flame+1","floor":38.0},{"not_picked":["elementalist:Etherstrike","elementalist:Overheat","elementalist:Undertow+1"],"picked":"SKIP","floor":39.0},{"not_picked":["elementalist:Magma_Shot","elementalist:Emberveil+1"],"picked":"elementalist:Low_Tides","floor":41.0},{"not_picked":["elementalist:Fission_Lance+1","elementalist:Blaze+1","elementalist:Spark+1"],"picked":"SKIP","floor":45.0},{"not_picked":["elementalist:Magma_Shot+1","elementalist:Emberveil","elementalist:Stone_to_Mud+1"],"picked":"SKIP","floor":47.0},{"not_picked":["elementalist:Heavensfall","elementalist:Wards"],"picked":"elementalist:Flame+1","floor":48.0},{"not_picked":["elementalist:Flame","elementalist:Etherstrike"],"picked":"elementalist:Wards","floor":52.0},{"not_picked":["elementalist:Monument","elementalist:Etherstrike"],"picked":"elementalist:Low_Tides","floor":54.0},{"not_picked":["elementalist:Etherstrike","elementalist:Overheat"],"picked":"elementalist:Low_Tides","floor":55.0},{"not_picked":["elementalist:Blaze","elementalist:Pressurize"],"picked":"elementalist:Solar_Form","floor":56.0},{"not_picked":["elementalist:Vaccuum","elementalist:Tsunami","elementalist:Solar_Form"],"picked":"SKIP","floor":58.0},{"not_picked":["elementalist:Widdershins_Conversion","elementalist:Overheat","elementalist:Low_Tides"],"picked":"SKIP","floor":64.0},{"not_picked":["infinitespire:Execution","infinitespire:Menacing"],"picked":"infinitespire:SevenWalls","floor":65.0},{"not_picked":["infinitespire:FinalStrike","infinitespire:FutureSight"],"picked":"infinitespire:Menacing","floor":68.0},{"not_picked":["elementalist:Wards","elementalist:Blaze"],"picked":"elementalist:Momentum+1","floor":69.0},{"not_picked":["elementalist:Solar_Form","elementalist:Monument"],"picked":"elementalist:Fission_Lance+1","floor":73.0},{"not_picked":["elementalist:Mist","elementalist:Emberveil"],"picked":"elementalist:Flame+1","floor":74.0},{"not_picked":["elementalist:Spark","elementalist:Sidereal_Form+1","elementalist:Wards"],"picked":"SKIP","floor":76.0},{"not_picked":["elementalist:Spark+1","elementalist:Solar_Form"],"picked":"elementalist:Cauterize+1","floor":78.0},{"not_picked":["elementalist:Stone_to_Mud","elementalist:Solar_Form","elementalist:Emberveil"],"picked":"SKIP","floor":79.0},{"not_picked":["elementalist:Magma_Shot+1","elementalist:Ignition+1","elementalist:Aero"],"picked":"SKIP","floor":81.0},{"not_picked":["elementalist:Heavensfall+1","elementalist:Aero"],"picked":"elementalist:Solar_Form+1","floor":82.0},{"not_picked":["elementalist:Overheat","elementalist:Momentum+1"],"picked":"elementalist:Mist+1","floor":86.0},{"not_picked":["expansioncontent:DefensiveStance","Finesse"],"picked":"expansioncontent:Collect","floor":87.0},{"not_picked":["Purity","Sadistic Nature"],"picked":"Master of Strategy","floor":87.0},{"not_picked":["infinitespire:DeathsTouch","infinitespire:Execution"],"picked":"infinitespire:Collect","floor":88}],"player_experience":557624,"relics_obtained":[{"floor":6.0,"key":"infinitespire:FocusingShard"},{"floor":9.0,"key":"Happy Flower"},{"floor":10.0,"key":"Orichalcum"},{"floor":23.0,"key":"Mummified Hand"},{"floor":26.0,"key":"PreservedInsect"},{"floor":29.0,"key":"Strawberry"},{"floor":30.0,"key":"Boot"},{"floor":43.0,"key":"Mercury Hourglass"},{"floor":47.0,"key":"Meat on the Bone"},{"floor":60.0,"key":"CeramicFish"},{"floor":64.0,"key":"Darkstone Periapt"},{"floor":74.0,"key":"Whetstone"},{"floor":77.0,"key":"Molten Egg 2"},{"floor":79.0,"key":"Mango"},{"floor":81.0,"key":"Kunai"},{"floor":88,"key":"Ginger"}],"event_choices":[{"cards_removed":["elementalist:Erosion"],"damage_healed":1.0,"max_hp_gain":10.0,"max_hp_loss":0.0,"gold_gain":0.0,"event_name":"Bonfire Elementals","player_choice":"Offered Rare","floor":2.0,"gold_loss":0.0,"damage_taken":0.0},{"damage_healed":0.0,"max_hp_gain":0.0,"max_hp_loss":0.0,"gold_gain":100.0,"event_name":"Golden Shrine","player_choice":"Pray","floor":11.0,"gold_loss":0.0,"damage_taken":0.0},{"damage_healed":0.0,"max_hp_gain":0.0,"max_hp_loss":0.0,"gold_gain":0.0,"event_name":"The Library","player_choice":"Read","floor":19.0,"gold_loss":0.0,"damage_taken":0.0,"cards_obtained":["elementalist:Blaze"]},{"damage_healed":0.0,"max_hp_gain":0.0,"max_hp_loss":0.0,"gold_gain":100.0,"event_name":"Golden Shrine","player_choice":"Pray","floor":24.0,"gold_loss":0.0,"damage_taken":0.0},{"damage_healed":0.0,"max_hp_gain":0.0,"max_hp_loss":0.0,"gold_gain":0.0,"cards_transformed":["elementalist:Crystal_Chalk"],"event_name":"Transmorgrifier","player_choice":"Transformed","floor":42.0,"gold_loss":0.0,"damage_taken":0.0,"cards_obtained":["elementalist:Spout"]},{"damage_healed":0.0,"max_hp_gain":0.0,"max_hp_loss":0.0,"gold_gain":1.0,"event_name":"betterThird:BetterScrap","player_choice":"Relic Relic ","floor":53.0,"gold_loss":0.0,"damage_taken":22.0,"cards_obtained":["Calculated Gamble"]},{"damage_healed":0.0,"max_hp_gain":0.0,"max_hp_loss":0.0,"gold_gain":0.0,"event_name":"betterThird:BetterSerpent","player_choice":"Ignored","floor":62.0,"gold_loss":0.0,"damage_taken":294.0},{"cards_removed":["elementalist:Spout"],"damage_healed":0.0,"max_hp_gain":0.0,"max_hp_loss":0.0,"gold_gain":0.0,"event_name":"Beggar","player_choice":"Gave Gold","floor":70.0,"gold_loss":75.0,"damage_taken":0.0},{"damage_healed":0.0,"max_hp_gain":0.0,"max_hp_loss":0.0,"gold_gain":75.0,"event_name":"FaceTrader","player_choice":"Touch","floor":71.0,"gold_loss":0.0,"damage_taken":8.0},{"damage_healed":0.0,"max_hp_gain":0.0,"max_hp_loss":0.0,"gold_gain":0.0,"event_name":"SensoryStone","player_choice":"Memory 2","floor":87.0,"gold_loss":0.0,"damage_taken":5.0}],"is_beta":false,"boss_relics":[{"not_picked":["Runic Dome","Snecko Eye"],"picked":"Cursed Key"},{"not_picked":["Runic Pyramid","Philosopher\u0027s Stone"],"picked":"Coffee Dripper"},{"not_picked":["SlaversCollar","Sozu"],"picked":"SacredBark"},{"not_picked":["Calling Bell","Snecko Eye"],"picked":"Philosopher\u0027s Stone"},{"not_picked":["Runic Dome","Velvet Choker"],"picked":"infinitespire:Cupcake"}],"items_purged_floors":[22,31,36,63],"is_endless":true,"potions_floor_spawned":[3,5,13,21,27,29,37,38,47,54,55,64,74,79,81,82,84,86,88],"killed_by":"Nightmare_Alpha","ascension_level":0}}