{"host":"7c402rm0fqc13zvz","time":1609750534,"event":{"mods":["BaseMod","Hermit","Minty Spire (QoL Compilation)","StSLib","[功能]功能增强和修复MOD"],"gold_per_floor":[15,25,25,0,16,16,191,108,186,186,215,230,230,245,245,347,347,361,241,156,176,105,105,132,132,186,186,186,206,206,223,223,326,326,345,360,378,353,370,370,398,398,398,448,494,494,514,546,546,546],"floor_reached":51,"playtime":1244,"items_purged":["Pain","Defend_R","Bash","Defend_R","Defend_R","Strike_R","Defend_R","Strike_R","Strike_R","Strike_R","Anger","Pommel Strike","Ghostly Armor","Shrug It Off+1","Feed"],"score":1078,"play_id":"97242659-d3c5-4c48-af9c-da780a1e00b3","local_time":"20210104165534","is_ascension_mode":true,"campfire_choices":[{"data":"Searing Blow","floor":6,"key":"SMITH"},{"data":"Searing Blow+1","floor":10,"key":"SMITH"},{"data":"Searing Blow+2","floor":13,"key":"SMITH"},{"data":"Searing Blow+3","floor":15,"key":"SMITH"},{"data":"Searing Blow+4","floor":23,"key":"SMITH"},{"data":"Searing Blow+5","floor":28,"key":"SMITH"},{"data":"Searing Blow+6","floor":30,"key":"SMITH"},{"data":"Searing Blow+7","floor":32,"key":"SMITH"},{"data":"Searing Blow+8","floor":40,"key":"SMITH"},{"data":"Searing Blow+9","floor":42,"key":"SMITH"},{"data":"Searing Blow+10","floor":46,"key":"SMITH"},{"data":"Searing Blow+11","floor":49,"key":"SMITH"}],"circlet_count":0,"master_deck":["Searing Blow+12","Seeing Red","Hemokinesis+1","Rupture+1","Deep Breath+1","Armaments+1","Thunderclap+1","Brutality+1","Warcry+1"],"relics":["Black Blood","WarpedTongs","TungstenRod","Bottled Flame","Lantern","Empty Cage","Frozen Egg 2","Lee\u0027s Waffle","Pocketwatch","Magic Flower","Toxic Egg 2","Toy Ornithopter","Darkstone Periapt","Regal Pillow","Pen Nib","Bag of Preparation","Omamori","Unceasing Top","Mango"],"acts_visited":["Exordium","TheCity","TheBeyond"],"potions_floor_usage":[11,11,16,16,18,18,24,33,36,47,50,50,50,50,50,50],"damage_taken":[{"damage":0.0,"enemies":"Small Slimes","floor":1.0,"turns":3.0},{"damage":6.0,"enemies":"Cultist","floor":2.0,"turns":4.0},{"damage":9.0,"enemies":"Jaw Worm","floor":5.0,"turns":3.0},{"damage":17,"enemies":"Lagavulin","floor":11,"turns":3},{"damage":24,"enemies":"Large Slime","floor":12,"turns":4},{"damage":8,"enemies":"2 Fungi Beasts","floor":14,"turns":2},{"damage":0,"enemies":"Slime Boss","floor":16,"turns":4},{"damage":11,"enemies":"Shell Parasite","floor":18,"turns":2},{"damage":1,"enemies":"Spheric Guardian","floor":21,"turns":1},{"damage":15,"enemies":"Gremlin Leader","floor":24,"turns":4},{"damage":2,"enemies":"Snake Plant","floor":29,"turns":2},{"damage":10,"enemies":"Centurion and Healer","floor":31,"turns":2},{"damage":22,"enemies":"Automaton","floor":33,"turns":5},{"damage":0,"enemies":"Orb Walker","floor":35,"turns":1},{"damage":6,"enemies":"3 Shapes","floor":36,"turns":1},{"damage":1,"enemies":"Transient","floor":37,"turns":5},{"damage":12,"enemies":"Spire Growth","floor":39,"turns":2},{"damage":1,"enemies":"Reptomancer","floor":41,"turns":1},{"damage":0,"enemies":"Mind Bloom Boss Battle","floor":44,"turns":2},{"damage":5,"enemies":"2 Orb Walkers","floor":45,"turns":2},{"damage":58,"enemies":"4 Shapes","floor":47,"turns":4},{"damage":1,"enemies":"Nemesis","floor":48,"turns":1},{"damage":28,"enemies":"Donu and Deca","floor":50,"turns":4}],"seed_played":"8508981833696167138","potions_obtained":[{"floor":1.0,"key":"FearPotion"},{"floor":2.0,"key":"DuplicationPotion"},{"floor":11,"key":"CultistPotion"},{"floor":12,"key":"Strength Potion"},{"floor":16,"key":"AttackPotion"},{"floor":16,"key":"AttackPotion"},{"floor":21,"key":"Block Potion"},{"floor":29,"key":"SkillPotion"},{"floor":33,"key":"AttackPotion"},{"floor":36,"key":"EntropicBrew"},{"floor":37,"key":"DistilledChaos"},{"floor":47,"key":"Swift Potion"},{"floor":48,"key":"DistilledChaos"}],"is_trial":false,"path_per_floor":["M","M","?","$","M","R","?","?","T","R","E","M","R","M","R","B",null,"M","$","?","M","$","R","E","?","T","?","R","M","R","M","R","B",null,"M","M","M","$","M","R","E","R","T","?","?","R","M","E","R","B",null],"character_chosen":"IRONCLAD","items_purchased":["Frozen Egg 2","Rupture+1","Lee\u0027s Waffle","Pocketwatch","SteroidPotion","Ghostly Armor","Toxic Egg 2","Toy Ornithopter","Deep Breath+1","Armaments+1","BlessingOfTheForge","Pen Nib"],"campfire_rested":0,"item_purchase_floors":[19,19,19,19,19,19,22,22,22,22,22,38],"current_hp_per_floor":[96,96,96,96,93,93,93,93,93,93,82,64,64,62,62,68,96,91,103,103,106,106,106,102,102,102,81,81,88,88,93,93,88,115,115,119,119,119,119,119,119,119,119,119,133,133,94,111,111,133],"gold":546,"neow_bonus":"TWENTY_PERCENT_HP_BONUS","is_daily":false,"chose_seed":false,"campfire_upgraded":12,"win_rate":0.0,"timestamp":1609750534,"path_taken":["M","M","?","$","M","R","?","?","T","R","E","M","R","?","R","BOSS","M","$","?","M","$","R","E","?","T","?","R","M","R","M","R","BOSS","M","M","M","$","M","R","E","R","T","?","?","R","M","E","R","BOSS"],"items_purchased_type":["Relic","Card","Relic","Relic","Potion","Card","Relic","Relic","Card","Card","Potion","Relic"],"build_version":"2020-12-22","purchased_purges":15,"victory":true,"max_hp_per_floor":[96,96,96,96,96,96,96,96,96,96,96,96,96,96,96,96,96,96,103,103,106,106,106,106,106,106,111,111,111,111,115,115,115,115,115,119,119,119,119,119,119,119,119,119,133,133,133,133,133,133],"card_choices":[{"not_picked":["Heavy Blade","Twin Strike"],"picked":"Searing Blow","floor":1.0},{"not_picked":["Anger","Reaper"],"picked":"Pommel Strike","floor":2.0},{"not_picked":["Warcry","Power Through","True Grit"],"picked":"SKIP","floor":5},{"not_picked":["Battle Trance","Clash"],"picked":"Anger","floor":11},{"not_picked":["Heavy Blade","Infernal Blade"],"picked":"Seeing Red","floor":12},{"not_picked":["Reckless Charge","Second Wind","True Grit"],"picked":"SKIP","floor":14},{"not_picked":["Barricade","Juggernaut"],"picked":"Feed","floor":16},{"not_picked":["Spot Weakness","Hemokinesis+1","Pommel Strike"],"picked":"SKIP","floor":18},{"not_picked":["Spot Weakness","Pommel Strike"],"picked":"Hemokinesis+1","floor":18},{"not_picked":["Sword Boomerang","Pummel"],"picked":"Shrug It Off+1","floor":21},{"not_picked":["Sever Soul+1","Corruption+1","Dual Wield+1"],"picked":"SKIP","floor":24},{"not_picked":["Pommel Strike","Heavy Blade"],"picked":"Thunderclap+1","floor":29},{"not_picked":["Iron Wave","Reckless Charge+1","Heavy Blade"],"picked":"SKIP","floor":31},{"not_picked":["Demon Form+1","Feed"],"picked":"Brutality+1","floor":33},{"not_picked":["Cleave","Anger+1","Reckless Charge+1"],"picked":"SKIP","floor":35},{"not_picked":["Spot Weakness+1","Intimidate+1","Headbutt"],"picked":"SKIP","floor":36},{"not_picked":["Combust+1","Armaments+1","Shockwave+1"],"picked":"SKIP","floor":37},{"not_picked":["Headbutt","Shrug It Off+1","Sword Boomerang"],"picked":"SKIP","floor":39},{"not_picked":["Power Through+1","Barricade+1","Carnage"],"picked":"SKIP","floor":41},{"not_picked":["Pommel Strike","Dropkick+1","Dual Wield+1"],"picked":"SKIP","floor":47},{"not_picked":["Iron Wave+1","Intimidate+1"],"picked":"Warcry+1","floor":48}],"player_experience":15867,"relics_obtained":[{"floor":9,"key":"Bottled Flame"},{"floor":11,"key":"Lantern"},{"floor":24,"key":"Darkstone Periapt"},{"floor":26,"key":"Regal Pillow"},{"floor":41,"key":"Bag of Preparation"},{"floor":43,"key":"Omamori"},{"floor":44,"key":"Unceasing Top"},{"floor":45,"key":"Mango"}],"event_choices":[{"damage_healed":0.0,"max_hp_gain":0.0,"max_hp_loss":0.0,"gold_gain":0.0,"event_name":"Accursed Blacksmith","player_choice":"Rummage","floor":3.0,"gold_loss":0.0,"damage_taken":0.0,"relics_obtained":["WarpedTongs"],"cards_obtained":["Pain"]},{"damage_healed":0,"gold_gain":175,"player_choice":"AGREE","damage_taken":0,"max_hp_gain":0,"max_hp_loss":0,"event_name":"Liars Game","floor":7,"gold_loss":0,"cards_obtained":["Doubt"]},{"damage_healed":0,"gold_gain":0,"player_choice":"Paid Gold","damage_taken":0,"relics_obtained":["TungstenRod"],"max_hp_gain":0,"max_hp_loss":0,"event_name":"WeMeetAgain","floor":8,"gold_loss":83},{"damage_healed":0,"gold_gain":0,"player_choice":"Obtained Relic","damage_taken":0,"relics_obtained":["Magic Flower"],"max_hp_gain":0,"max_hp_loss":0,"event_name":"Addict","floor":20,"gold_loss":85},{"damage_healed":0,"gold_gain":0,"player_choice":"Ignored","damage_taken":0,"max_hp_gain":0,"max_hp_loss":0,"event_name":"Ghosts","floor":25,"gold_loss":0},{"damage_healed":0,"gold_gain":0,"player_choice":"Shed Blood","damage_taken":27,"max_hp_gain":5,"max_hp_loss":0,"event_name":"Forgotten Altar","floor":27,"gold_loss":0},{"damage_healed":0,"gold_gain":0,"player_choice":"Fight","damage_taken":0,"max_hp_gain":0,"max_hp_loss":0,"event_name":"MindBloom","floor":44,"gold_loss":0},{"damage_healed":0,"gold_gain":0,"player_choice":"Fight","damage_taken":0,"max_hp_gain":0,"max_hp_loss":0,"event_name":"Mysterious Sphere","floor":45,"gold_loss":0}],"is_beta":false,"boss_relics":[{"not_picked":["Runic Dome","Fusion Hammer"],"picked":"Empty Cage"},{"not_picked":["Busted Crown","Runic Pyramid"],"picked":"Black Blood"}],"items_purged_floors":[4,4,4,4,4,19,19,19,19,19,19,22,22,38,38],"is_endless":false,"potions_floor_spawned":[1,2,11,12,16,16,18,21,29,31,33,35,36,37,37,39,47,48],"ascension_level":2}}