{"host":"h0xw20cia6ppa69g","time":1609752713,"event":{"mods":["AchievementEnabler","BaseMod","Colored Map","Filter the Spire","Googly Eyes","Minty Spire (QoL Compilation)","Relic Stats","StSLib","The Awakened One except there are too many feathers","everything is the same but u backflip on backflip"],"gold_per_floor":[111,186,28,48,63,95,95,95,95],"floor_reached":8,"playtime":469,"items_purged":[],"score":59,"play_id":"1a73775e-c483-414b-a8f3-f4c6f183a41e","local_time":"20210104033153","is_ascension_mode":true,"campfire_choices":[{"floor":7,"key":"REST"}],"circlet_count":0,"master_deck":["Zap","Dualcast","Auto Shields","Amplify","Fusion","Genetic Algorithm","Seek","Machine Learning","Loop","Coolheaded","Melter","Heatsinks","Barrage","Compile Driver","Melter","Capacitor"],"relics":["Pandora\u0027s Box","Gambling Chip"],"acts_visited":["Exordium"],"potions_floor_usage":[],"damage_taken":[{"damage":0.0,"enemies":"2 Louse","floor":1.0,"turns":3.0},{"damage":9,"enemies":"Small Slimes","floor":4,"turns":5},{"damage":9,"enemies":"Jaw Worm","floor":5,"turns":5},{"damage":31,"enemies":"Gremlin Nob","floor":6,"turns":5},{"damage":39,"enemies":"3 Sentries","floor":8,"turns":6}],"seed_played":"-6678925122100602313","potions_obtained":[],"is_trial":false,"path_per_floor":["M","?","$","M","M","E","R","E"],"character_chosen":"DEFECT","items_purchased":["Heatsinks","Barrage","Compile Driver"],"campfire_rested":1,"item_purchase_floors":[3,3,3],"current_hp_per_floor":[75,64,64,55,46,15,37,0,0],"gold":95,"neow_bonus":"BOSS_RELIC","is_daily":false,"chose_seed":false,"campfire_upgraded":0,"win_rate":0.0,"timestamp":1609752713,"path_taken":["M","?","$","M","M","E","R","E"],"items_purchased_type":["Card","Card","Card"],"build_version":"2020-12-22","purchased_purges":0,"victory":false,"max_hp_per_floor":[75,75,75,75,75,75,75,75,75],"relic_stats":{"counters":[5,24],"Gambling Chip":[3],"Pandora\u0027s Box":["Auto Shields","Amplify","Fusion","Genetic Algorithm","Seek","Machine Learning","Loop","Coolheaded"],"obtain_stats":[{"Gambling Chip":6,"Pandora\u0027s Box":0,"Cracked Core":0},{"Gambling Chip":4,"Pandora\u0027s Box":0,"Cracked Core":0},{"Gambling Chip":18,"Pandora\u0027s Box":0,"Cracked Core":0}]},"card_choices":[{"not_picked":["Stack","Sweeping Beam"],"picked":"Melter","floor":1.0},{"not_picked":["Fusion","Rebound"],"picked":"Melter","floor":4},{"not_picked":["Coolheaded","Barrage","Double Energy"],"picked":"SKIP","floor":5},{"not_picked":["Tempest","Streamline"],"picked":"Capacitor","floor":6}],"player_experience":3609431,"relics_obtained":[{"floor":6,"key":"Gambling Chip"}],"event_choices":[{"damage_healed":0.0,"max_hp_gain":0.0,"max_hp_loss":0.0,"gold_gain":75.0,"event_name":"World of Goop","player_choice":"Gather Gold","floor":2.0,"gold_loss":0.0,"damage_taken":11.0}],"is_beta":false,"boss_relics":[],"items_purged_floors":[],"is_endless":false,"potions_floor_spawned":[],"killed_by":"3 Sentries","ascension_level":1}}