{"host":"w9yruvs4bqht6bhw","time":1609729348,"event":{"mods":["BaseMod","Colored Powertips","Minty Spire (QoL Compilation)"],"gold_per_floor":[369,369,369,217,217,217,243,243,243,243,275,53,72,92,92,187,187,207,177,177,1,12,38,38,38,38],"floor_reached":25,"playtime":829,"items_purged":["Strike_R","Strike_R","Strike_R"],"score":388,"play_id":"f40c2e28-cc1f-442d-8198-47321d50903b","local_time":"20210103220228","is_ascension_mode":true,"campfire_choices":[{"data":"Anger","floor":6,"key":"SMITH"},{"data":"Uppercut","floor":8,"key":"SMITH"},{"data":"Inflame","floor":15,"key":"SMITH"},{"data":"Inflame","floor":24,"key":"SMITH"}],"circlet_count":0,"master_deck":["Strike_R","Defend_R","Defend_R","Defend_R","Defend_R","Bash+1","Anger+1","Shrug It Off","Uppercut+1","Inflame+1","Inflame+1","Shrug It Off","Shrug It Off"],"relics":["Burning Blood","Lantern","Centennial Puzzle","Omamori","Sundial","SacredBark","White Beast Statue"],"acts_visited":["Exordium","TheCity"],"potions_floor_usage":[7,16,16,23,23],"damage_taken":[{"damage":8,"enemies":"2 Louse","floor":1,"turns":4},{"damage":23,"enemies":"3 Sentries","floor":7,"turns":7},{"damage":8,"enemies":"Gremlin Nob","floor":11,"turns":3},{"damage":0,"enemies":"Small Slimes","floor":13,"turns":2},{"damage":0,"enemies":"Cultist","floor":14,"turns":3},{"damage":0,"enemies":"Slime Boss","floor":16,"turns":6},{"damage":11,"enemies":"Spheric Guardian","floor":18,"turns":3},{"damage":13,"enemies":"2 Thieves","floor":19,"turns":5},{"damage":9,"enemies":"3 Cultists","floor":22,"turns":7},{"damage":40,"enemies":"Slavers","floor":23,"turns":7},{"damage":65,"enemies":"Gremlin Leader","floor":25,"turns":6}],"seed_played":"682248020085488780","potions_obtained":[{"floor":1,"key":"Weak Potion"},{"floor":23,"key":"BloodPotion"}],"is_trial":false,"path_per_floor":["M","?","?","$","?","R","E","R","T","?","E","$","M","M","R","B",null,"M","M","?","$","M","E","R","E"],"character_chosen":"IRONCLAD","items_purchased":["Shrug It Off","AttackPotion","Inflame","Explosive Potion","Dexterity Potion"],"campfire_rested":0,"item_purchase_floors":[4,4,12,12,21],"current_hp_per_floor":[70,63,63,63,68,68,51,51,51,51,49,49,55,61,61,67,75,70,63,63,63,60,56,56,0,0],"gold":38,"neow_bonus":"TWO_FIFTY_GOLD","is_daily":false,"chose_seed":false,"campfire_upgraded":4,"win_rate":0.0,"timestamp":1609729348,"path_taken":["M","?","?","$","?","R","E","R","T","?","E","$","M","?","R","BOSS","M","M","?","$","M","E","R","E"],"items_purchased_type":["Card","Potion","Card","Potion","Potion"],"build_version":"2020-12-22","purchased_purges":3,"victory":false,"max_hp_per_floor":[72,72,72,72,77,77,77,77,77,77,77,77,77,77,77,77,77,77,77,77,77,77,77,77,77,77],"card_choices":[{"not_picked":["Searing Blow","True Grit"],"picked":"Anger","floor":1},{"not_picked":["Carnage","Shrug It Off"],"picked":"Uppercut","floor":7},{"not_picked":["Heavy Blade","Immolate"],"picked":"Inflame","floor":11},{"not_picked":["Perfected Strike","Hemokinesis"],"picked":"Shrug It Off","floor":13},{"not_picked":["Armaments","Sever Soul","Wild Strike"],"picked":"SKIP","floor":14},{"not_picked":["Pommel Strike","Hemokinesis+1","Warcry"],"picked":"SKIP","floor":18},{"not_picked":["Warcry","Perfected Strike","Twin Strike"],"picked":"SKIP","floor":19},{"not_picked":["Perfected Strike","Sword Boomerang","Warcry+1"],"picked":"SKIP","floor":22},{"not_picked":["Anger","Juggernaut","True Grit+1"],"picked":"SKIP","floor":23}],"player_experience":317858,"relics_obtained":[{"floor":7,"key":"Centennial Puzzle"},{"floor":9,"key":"Omamori"},{"floor":11,"key":"Sundial"},{"floor":23,"key":"White Beast Statue"}],"event_choices":[{"damage_healed":0,"gold_gain":0,"player_choice":"Success","damage_taken":7,"relics_obtained":["Lantern"],"max_hp_gain":0,"max_hp_loss":0,"event_name":"Scrap Ooze","floor":2,"gold_loss":0},{"cards_removed":["Strike_R"],"damage_healed":0,"gold_gain":0,"player_choice":"Forget","damage_taken":0,"max_hp_gain":0,"max_hp_loss":0,"event_name":"Living Wall","floor":3,"gold_loss":0},{"damage_healed":0,"gold_gain":0,"player_choice":"Donut","damage_taken":0,"max_hp_gain":5,"max_hp_loss":0,"event_name":"Big Fish","floor":5,"gold_loss":0},{"damage_healed":0,"gold_gain":0,"player_choice":"Upgraded","damage_taken":0,"max_hp_gain":0,"max_hp_loss":0,"event_name":"Upgrade Shrine","floor":10,"gold_loss":0,"cards_upgraded":["Bash"]},{"damage_healed":0,"gold_gain":0,"player_choice":"Read","damage_taken":0,"max_hp_gain":0,"max_hp_loss":0,"event_name":"The Library","floor":20,"gold_loss":0,"cards_obtained":["Shrug It Off"]}],"is_beta":false,"boss_relics":[{"not_picked":["Snecko Eye","Runic Cube"],"picked":"SacredBark"}],"items_purged_floors":[4,12,21],"is_endless":false,"potions_floor_spawned":[1,23],"killed_by":"Gremlin Leader","ascension_level":8}}