{"host":"kabf61oc9jgfwufg","time":1609774806,"event":{"mods":["AchievementEnabler","Act Like it!","Aspiration","BaseMod","Conspire","GifTheSpireLib","Halation","HexUI Lib","Hubris","Infinite Spire","Minty Spire (QoL Compilation)","Pale of the Ancients","Rare Cards Sparkle","Replay The Spire","StSLib","The Jungle"],"gold_per_floor":[116,66,66,66,81,95,95,114,114,148,167,201,77,40,40,144,144,157,256,256,256,276,310,310,327,327,345,345,345],"floor_reached":28,"playtime":1288,"items_purged":["Defend_P","Defend_P"],"score":273,"play_id":"d9e6a957-fb5b-4400-b753-6454d3bf499b","local_time":"20210104154006","is_ascension_mode":false,"campfire_choices":[{"data":"SashWhip","floor":7,"key":"SMITH"},{"data":"FlurryOfBlows","floor":24,"key":"SMITH"}],"circlet_count":0,"master_deck":["Strike_P","Strike_P","Defend_P","Defend_P","Eruption","Vigilance","Replay:Battleflow","SashWhip","Replay:ManipulateFuture","SashWhip+1","Consecrate","Halt+1","EmptyBody","Nirvana","Brilliance","hubris:Fate","FlurryOfBlows+1","FollowUp","Vault"],"relics":["HolyWater","NeowsBlessing","ReplayTheSpireMod:Ninjato","Oddly Smooth Stone","conspire:TopHat","Bag of Preparation","Replay:Bottled Steam","aspiration:ChemicalBlood","aspiration:TomeofQuesting"],"acts_visited":["Exordium","TheCity"],"potions_floor_usage":[11,11,12,18,25,28,28,28,28,28],"damage_taken":[{"damage":0,"enemies":"Small Slimes","floor":1,"turns":1},{"damage":0,"enemies":"Jaw Worm","floor":5,"turns":1},{"damage":0,"enemies":"Cultist","floor":6,"turns":1},{"damage":13,"enemies":"Exordium Thugs","floor":8,"turns":5},{"damage":11,"enemies":"Lagavulin","floor":10,"turns":4},{"damage":5,"enemies":"Lots of Slimes","floor":11,"turns":4},{"damage":0,"enemies":"Gremlin Nob","floor":12,"turns":2},{"damage":54,"enemies":"Hexaghost","floor":16,"turns":10},{"damage":24,"enemies":"2 Thieves","floor":18,"turns":4},{"damage":0,"enemies":"Chosen","floor":22,"turns":4},{"damage":35,"enemies":"conspire:SneckoGhost","floor":23,"turns":8},{"damage":17,"enemies":"3 Cultists","floor":25,"turns":6},{"damage":0,"enemies":"Snake Plant","floor":27,"turns":2},{"damage":22,"enemies":"Cultist and Chosen","floor":28,"turns":6}],"seed_played":"6463388679791872303","potions_obtained":[{"floor":1,"key":"Ancient Potion"},{"floor":5,"key":"LiquidBronze"},{"floor":10,"key":"AttackPotion"},{"floor":11,"key":"Fruit Juice"},{"floor":16,"key":"Block Potion"},{"floor":23,"key":"Strength Potion"}],"is_trial":false,"path_per_floor":["M","?","?","T","M","M","R","M","T","E","M","E","$","$","R","B",null,"M","?","?","AVR","M","E","R","M","T","M","M"],"character_chosen":"WATCHER","items_purchased":["Swift Potion","Nirvana"],"campfire_rested":0,"item_purchase_floors":[13,14],"current_hp_per_floor":[72,72,72,72,72,72,72,59,59,48,48,48,48,48,71,17,77,53,53,53,53,53,18,18,1,1,1,0,0],"gold":345,"neow_bonus":"THREE_ENEMY_KILL","is_daily":false,"chose_seed":false,"campfire_upgraded":2,"win_rate":0.0,"timestamp":1609774806,"path_taken":["M","?","?","?","M","M","R","M","T","E","?","E","?","$","R","BOSS","M","?","?","AVR","M","E","R","M","T","M","M"],"items_purchased_type":["Potion","Card"],"build_version":"2020-12-22","purchased_purges":2,"victory":false,"max_hp_per_floor":[72,72,72,72,72,72,72,72,72,72,77,77,77,77,77,77,77,77,77,77,77,77,77,77,77,77,77,77,77],"card_choices":[{"not_picked":["Crescendo","Replay:BluntJabs"],"picked":"Replay:Battleflow","floor":1},{"not_picked":["Weave","TalkToTheHand"],"picked":"Replay:ManipulateFuture","floor":5},{"not_picked":["FlurryOfBlows","EmptyFist"],"picked":"SashWhip","floor":6},{"not_picked":["Replay:BluntJabs","BowlingBash"],"picked":"Consecrate","floor":8},{"not_picked":["Replay:BluntJabs","WaveOfTheHand","JustLucky"],"picked":"SKIP","floor":10},{"not_picked":["BowlingBash","EmptyBody"],"picked":"Halt","floor":11},{"not_picked":["Crescendo","Replay:ManipulateFuture"],"picked":"EmptyBody","floor":12},{"not_picked":["Establishment","DeusExMachina"],"picked":"Brilliance","floor":16},{"not_picked":["ThirdEye","SashWhip+1","CrushJoints"],"picked":"SKIP","floor":18},{"not_picked":["Replay:Anticipation","Study+1"],"picked":"FlurryOfBlows","floor":22},{"not_picked":["Replay:Anticipation+1","CarveReality","Collect"],"picked":"SKIP","floor":23},{"not_picked":["FlyingSleeves","Halt"],"picked":"FollowUp","floor":25},{"not_picked":["Replay:ManipulateFuture","Replay:AtTheReady"],"picked":"Vault","floor":27}],"player_experience":29312,"relics_obtained":[{"floor":4,"key":"ReplayTheSpireMod:Ninjato"},{"floor":9,"key":"Oddly Smooth Stone"},{"floor":10,"key":"conspire:TopHat"},{"floor":12,"key":"Bag of Preparation"},{"floor":23,"key":"aspiration:ChemicalBlood"},{"floor":26,"key":"aspiration:TomeofQuesting"}],"event_choices":[{"cards_removed":["Strike_P"],"damage_healed":0,"gold_gain":0,"player_choice":"Card Removal","damage_taken":0,"max_hp_gain":0,"max_hp_loss":0,"event_name":"The Cleric","floor":2,"gold_loss":50},{"damage_healed":0,"gold_gain":99,"player_choice":"Stole From Cult","damage_taken":0,"max_hp_gain":0,"max_hp_loss":0,"event_name":"Nest","floor":19,"gold_loss":0},{"cards_removed":["Strike_P"],"damage_healed":0,"gold_gain":0,"player_choice":"Purged","damage_taken":0,"max_hp_gain":0,"max_hp_loss":0,"event_name":"Purifier","floor":20,"gold_loss":0}],"is_beta":false,"boss_relics":[{"not_picked":["conspire:RoyalGoblet","hubris:GrandSneckoEye"],"picked":"HolyWater"}],"items_purged_floors":[13,21],"is_endless":false,"potions_floor_spawned":[1,5,10,11,16,23],"killed_by":"Cultist and Chosen","ascension_level":0}}