{"host":"873t0y8ybyo38pfq","time":1609788190,"event":{"mods":["BaseMod","Bestiary","Colored Map","Colored Powertips","Highlight Path","Minty Spire (QoL Compilation)","Quick Restart","RNG Fix","Rare Cards Sparkle","Relic Stats","StSLib"],"gold_per_floor":[117,128,128,145,125,125,156,156,156,100,118,143,143,176,176,255,255,265,281,296,310,28,57,57,74,101,136,61,61,61,61,61,61,61],"floor_reached":33,"playtime":3814,"items_purged":["Normality"],"score":660,"play_id":"cd8acd90-f48e-480a-9c85-51b7b6e354af","local_time":"20210104142310","is_ascension_mode":true,"campfire_choices":[{"data":"Rainbow","floor":6.0,"key":"SMITH"},{"floor":8.0,"key":"REST"},{"data":"Dualcast","floor":13.0,"key":"SMITH"},{"data":"Chaos","floor":15.0,"key":"SMITH"},{"data":"Self Repair","floor":24,"key":"SMITH"},{"floor":32,"key":"REST"}],"circlet_count":0,"master_deck":["AscendersBane","Strike_B+1","Strike_B+1","Defend_B+1","Defend_B+1","Defend_B+1","Defend_B+1","Zap","Dualcast+1","Rainbow+1","Hologram","Self Repair+1","Barrage","Compile Driver+1","Auto Shields","Chaos+1","Coolheaded","Core Surge+1","Conserve Battery+1","Go for the Eyes+1","Multi-Cast","Coolheaded+1","Conserve Battery","Biased Cognition","All For One+1"],"relics":["Cracked Core","InkBottle","Letter Opener","Molten Egg 2","Whetstone","Cursed Key","Cables","Bottled Flame","Lantern","Kunai"],"acts_visited":["TheCity"],"potions_floor_usage":[27,33],"damage_taken":[{"damage":2.0,"enemies":"Jaw Worm","floor":1.0,"turns":3.0},{"damage":16.0,"enemies":"Small Slimes","floor":2.0,"turns":3.0},{"damage":14.0,"enemies":"2 Louse","floor":4.0,"turns":4.0},{"damage":20.0,"enemies":"Exordium Thugs","floor":5.0,"turns":4.0},{"damage":18.0,"enemies":"Lagavulin","floor":7.0,"turns":6.0},{"damage":9.0,"enemies":"2 Fungi Beasts","floor":11.0,"turns":3.0},{"damage":0.0,"enemies":"3 Sentries","floor":12.0,"turns":6.0},{"damage":2.0,"enemies":"Lagavulin","floor":14.0,"turns":5.0},{"damage":34.0,"enemies":"The Guardian","floor":16.0,"turns":12.0},{"damage":28.0,"enemies":"2 Thieves","floor":18.0,"turns":4.0},{"damage":5.0,"enemies":"Spheric Guardian","floor":19.0,"turns":4.0},{"damage":16.0,"enemies":"Snecko","floor":20.0,"turns":4.0},{"damage":1.0,"enemies":"Centurion and Healer","floor":21.0,"turns":6.0},{"damage":4.0,"enemies":"Slavers","floor":23.0,"turns":4.0},{"damage":18,"enemies":"Snake Plant","floor":25,"turns":4},{"damage":21,"enemies":"Gremlin Leader","floor":27,"turns":5},{"damage":40,"enemies":"Champ","floor":33,"turns":9}],"seed_played":"-7557113179434166988","potions_obtained":[{"floor":2.0,"key":"Fire Potion"},{"floor":5.0,"key":"PowerPotion"},{"floor":11.0,"key":"SkillPotion"},{"floor":12.0,"key":"DuplicationPotion"},{"floor":19.0,"key":"Swift Potion"},{"floor":21.0,"key":"DistilledChaos"},{"floor":23,"key":"CultistPotion"},{"floor":27,"key":"SkillPotion"}],"is_trial":false,"path_per_floor":["M","M","?","M","M","R","E","R","T","?","M","E","R","E","R","B",null,"M","M","M","M","$","E","R","M","T","E","$","?","$","?","R","B"],"character_chosen":"DEFECT","items_purchased":["Cables"],"campfire_rested":2,"item_purchase_floors":[22],"current_hp_per_floor":[62,46,46,39,26,26,15,34,34,34,32,39,39,44,44,17,52,31,33,24,30,30,33,33,25,25,14,14,14,14,14,33,0,0],"gold":61,"neow_bonus":"THREE_RARE_CARDS","is_daily":false,"chose_seed":false,"campfire_upgraded":4,"win_rate":0.0,"timestamp":1609788190,"path_taken":["M","M","?","M","M","R","E","R","T","?","M","E","R","E","R","BOSS","M","M","M","?","?","E","R","M","T","E","$","?","?","?","R","BOSS"],"items_purchased_type":["Relic"],"build_version":"2020-12-22","purchased_purges":1,"victory":false,"max_hp_per_floor":[64,64,64,64,64,64,64,64,64,64,64,64,64,64,64,64,64,64,64,64,64,64,64,64,64,64,64,64,64,64,64,64,64,64],"relic_stats":{"counters":[16,83],"Letter Opener":[215],"Whetstone":["Compile Driver","Strike_B"],"Kunai":[1],"Cursed Key":1,"obtain_stats":[{"Bottled Flame":23,"Lantern":26,"Molten Egg 2":12,"Letter Opener":9,"Whetstone":14,"Kunai":27,"Cracked Core":0,"Cursed Key":17,"InkBottle":7,"Cables":22},{"Bottled Flame":13,"Lantern":14,"Molten Egg 2":6,"Letter Opener":4,"Whetstone":7,"Kunai":15,"Cracked Core":0,"Cursed Key":8,"InkBottle":4,"Cables":12},{"Bottled Flame":65,"Lantern":69,"Molten Egg 2":26,"Letter Opener":17,"Whetstone":31,"Kunai":74,"Cracked Core":0,"Cursed Key":43,"InkBottle":17,"Cables":61}],"InkBottle":[23],"Cables":[18,7,4,5,2]},"card_choices":[{"not_picked":["Electrodynamics","Multi-Cast"],"picked":"Rainbow","floor":0.0},{"not_picked":["Gash","Consume"],"picked":"Hologram","floor":1.0},{"not_picked":["Leap","Conserve Battery"],"picked":"Self Repair","floor":2.0},{"not_picked":["FTL","Gash"],"picked":"Barrage","floor":4.0},{"not_picked":["Streamline","Steam"],"picked":"Compile Driver","floor":5.0},{"not_picked":["Force Field","Heatsinks"],"picked":"Auto Shields","floor":7.0},{"not_picked":["Storm","Gash"],"picked":"Chaos","floor":11.0},{"not_picked":["Reprogram","Go for the Eyes+1"],"picked":"Coolheaded","floor":12.0},{"not_picked":["Turbo","Hyperbeam+1","BootSequence"],"picked":"SKIP","floor":14.0},{"not_picked":["Reboot","Electrodynamics"],"picked":"Core Surge+1","floor":16.0},{"not_picked":["Storm","Chill+1"],"picked":"Conserve Battery+1","floor":18.0},{"not_picked":["Steam","Streamline+1","Darkness"],"picked":"SKIP","floor":19.0},{"not_picked":["Rebound+1","Beam Cell+1"],"picked":"Go for the Eyes+1","floor":20.0},{"not_picked":["Aggregate","Barrage+1","Darkness"],"picked":"SKIP","floor":21.0},{"not_picked":["Steam","Lockon+1"],"picked":"Multi-Cast","floor":23},{"not_picked":["Melter+1","Barrage+1"],"picked":"Coolheaded+1","floor":25},{"not_picked":["Loop","Steam Power"],"picked":"Conserve Battery","floor":27}],"player_experience":1503838,"relics_obtained":[{"floor":7.0,"key":"InkBottle"},{"floor":9.0,"key":"Letter Opener"},{"floor":12.0,"key":"Molten Egg 2"},{"floor":14.0,"key":"Whetstone"},{"floor":23,"key":"Bottled Flame"},{"floor":26,"key":"Lantern"},{"floor":27,"key":"Kunai"}],"event_choices":[{"damage_healed":0.0,"max_hp_gain":0.0,"max_hp_loss":0.0,"gold_gain":0.0,"event_name":"Liars Game","player_choice":"Ignored","floor":3.0,"gold_loss":0.0,"damage_taken":0.0},{"damage_healed":0.0,"max_hp_gain":0.0,"max_hp_loss":0.0,"gold_gain":0.0,"event_name":"World of Goop","player_choice":"Left Gold","floor":10.0,"gold_loss":56.0,"damage_taken":0.0},{"damage_healed":0,"gold_gain":0,"player_choice":"Simplicity","damage_taken":0,"max_hp_gain":0,"max_hp_loss":0,"event_name":"Back to Basics","floor":29,"gold_loss":0,"cards_upgraded":["Strike_B","Strike_B","Strike_B","Defend_B","Defend_B","Defend_B","Defend_B"]},{"damage_healed":0,"gold_gain":0,"cards_transformed":["Strike_B","Strike_B"],"player_choice":"Became Test Subject","damage_taken":0,"max_hp_gain":0,"max_hp_loss":0,"event_name":"Drug Dealer","floor":31,"gold_loss":0,"cards_obtained":["Biased Cognition","All For One"]}],"is_beta":false,"boss_relics":[{"not_picked":["SacredBark","Runic Dome"],"picked":"Cursed Key"}],"items_purged_floors":[28],"is_endless":false,"potions_floor_spawned":[2,5,11,12,19,21,23,27],"killed_by":"Champ","ascension_level":20}}