{"host":"xurz8oye0j2lsa2k","time":1609724017,"event":{"mods":["AchievementEnabler","BaseMod","Colored Map","Hubris","Marisa????????","Minty Spire (QoL Compilation)","Permanent Neow","Replay The Spire","StSLib"],"gold_per_floor":[114,114,114,184,33,71,71,91,91,128,178,24,24,49,49,49,49],"floor_reached":16,"playtime":531,"items_purged":[],"score":108,"play_id":"36152562-3129-4998-9a3a-f02080d3399b","local_time":"20210103203337","is_ascension_mode":false,"campfire_choices":[{"data":"hubris:ReadiedAction","floor":7,"key":"SMITH"},{"data":"Perfected Strike","floor":13,"key":"SMITH"},{"data":"Corruption","floor":15,"key":"SMITH"}],"circlet_count":0,"master_deck":["Strike_R","Strike_R","Strike_R","Strike_R","Strike_R","Defend_R","Defend_R","Defend_R","Defend_R","Perfected Strike","Dual Wield","Thunderclap","hubris:ReadiedAction+1","Defy Death","Perfected Strike+1","Replay:Undeath\u0027s Touch","Corruption+1","Pommel Strike"],"relics":["Mark of Pain","CeramicFish","SsserpentHead","ReplayTheSpireMod:Shallot","Garlic","Smiling Mask","Lantern"],"acts_visited":["Exordium"],"potions_floor_usage":[8,14,16],"damage_taken":[{"damage":0,"enemies":"Cultist","floor":1,"turns":2},{"damage":2,"enemies":"2 Louse","floor":4,"turns":2},{"damage":22,"enemies":"Gremlin Nob","floor":6,"turns":4},{"damage":1,"enemies":"Small Slimes","floor":8,"turns":3},{"damage":17,"enemies":"3 Sentries","floor":10,"turns":6},{"damage":4,"enemies":"Exordium Thugs","floor":14,"turns":4},{"damage":0,"enemies":"Slime Boss","floor":16,"turns":5}],"seed_played":"926048514895862296","potions_obtained":[{"floor":6,"key":"ColorlessPotion"},{"floor":10,"key":"Reflective Coating"},{"floor":14,"key":"Weak Potion"}],"is_trial":false,"path_per_floor":["M","?","?","M","$","E","R","M","T","E","?","$","R","M","R","B"],"character_chosen":"IRONCLAD","items_purchased":["Thunderclap","hubris:ReadiedAction","Defy Death","Lantern"],"campfire_rested":0,"item_purchase_floors":[5,5,5,12],"current_hp_per_floor":[80,62,62,60,60,38,38,37,37,20,13,13,13,9,9,9,9],"gold":49,"neow_bonus":"BOSS_RELIC","is_daily":false,"chose_seed":false,"campfire_upgraded":3,"win_rate":0.0,"timestamp":1609724017,"path_taken":["M","?","?","?","$","E","R","M","T","E","?","$","R","M","R","BOSS"],"items_purchased_type":["Card","Card","Card","Relic"],"build_version":"2020-12-22","purchased_purges":0,"victory":false,"max_hp_per_floor":[80,80,80,80,80,80,80,80,80,80,80,80,80,80,80,80,80],"card_choices":[{"not_picked":["Headbutt","Run Through"],"picked":"Perfected Strike","floor":1},{"not_picked":["Reckless Charge","Evolve"],"picked":"Dual Wield","floor":4},{"not_picked":["Pummel","ReplayReversal"],"picked":"Perfected Strike","floor":6},{"not_picked":["hubris:ReadiedAction","Rampage"],"picked":"Replay:Undeath\u0027s Touch","floor":8},{"not_picked":["Replay:Undeath\u0027s Touch","Dropkick"],"picked":"Corruption","floor":10},{"not_picked":["Pummel","Thunderclap"],"picked":"Pommel Strike","floor":14}],"player_experience":490820,"relics_obtained":[{"floor":6,"key":"ReplayTheSpireMod:Shallot"},{"floor":9,"key":"Garlic"},{"floor":10,"key":"Smiling Mask"}],"event_choices":[{"damage_healed":0,"gold_gain":0,"player_choice":"Success","damage_taken":18,"relics_obtained":["CeramicFish"],"max_hp_gain":0,"max_hp_loss":0,"event_name":"Scrap Ooze","floor":2,"gold_loss":0},{"damage_healed":0,"gold_gain":0,"player_choice":"Trade","damage_taken":0,"relics_obtained":["SsserpentHead"],"max_hp_gain":0,"max_hp_loss":0,"event_name":"FaceTrader","floor":3,"gold_loss":0},{"cards_removed":["Bash"],"damage_healed":0,"gold_gain":0,"player_choice":"Card Removal","damage_taken":7,"max_hp_gain":0,"max_hp_loss":0,"event_name":"Golden Wing","floor":11,"gold_loss":0}],"is_beta":false,"boss_relics":[],"items_purged_floors":[],"is_endless":false,"potions_floor_spawned":[6,10,14],"killed_by":"Slime Boss","ascension_level":0}}