{"host":"poixavpewvabi3b6","time":1609796594,"event":{"mods":["BaseMod","DeckTracker","Minty Spire (QoL Compilation)","Replay The Spire","StSLib"],"gold_per_floor":[110,110,121,121,121,132,132,142,142,160,85,102,120,133,133,235,235,252,252,267,207,14,14,32,52,52,65,65,65,65,78,78,78,78],"floor_reached":33,"playtime":1759,"items_purged":["Strike_G"],"score":243,"play_id":"0d447c17-c62e-4bc5-aeea-28dd85800a1e","local_time":"20210105064314","is_ascension_mode":false,"campfire_choices":[{"data":"Poison Darts","floor":7,"key":"SMITH"},{"floor":15,"key":"REST"},{"data":"ReplayTheSpireMod:Necrosis","floor":23,"key":"SMITH"},{"data":"Malaise","floor":32,"key":"PURGE"}],"circlet_count":0,"master_deck":["Survivor","Neutralize","Prepared","Poison Darts+1","Acrobatics","Poisoned Stab","Bane","Adrenaline","Expertise","Concentrate","ReplayTheSpireMod:Necrosis+1","Reflex","Doppelganger","Heel Hook","Terror","Catalyst+1","Poisoned Stab","Toxin Wave+1"],"relics":["Ring of the Snake","InkBottle","ReplayFunnel","Pandora\u0027s Box","Snake Skull","Basket Of Snakes"],"acts_visited":["Exordium","TheCity"],"potions_floor_usage":[10,16,16,31,33,33,33],"damage_taken":[{"damage":4,"enemies":"Jaw Worm","floor":1,"turns":6},{"damage":0,"enemies":"2 Louse","floor":3,"turns":3},{"damage":0,"enemies":"Small Slimes","floor":6,"turns":3},{"damage":9,"enemies":"Exordium Thugs","floor":8,"turns":4},{"damage":0,"enemies":"2 Fungi Beasts","floor":10,"turns":3},{"damage":7,"enemies":"Looter","floor":12,"turns":3},{"damage":9,"enemies":"Blue Slaver","floor":13,"turns":3},{"damage":7,"enemies":"3 Louse","floor":14,"turns":4},{"damage":44,"enemies":"Hexaghost","floor":16,"turns":8},{"damage":7,"enemies":"3 Byrds","floor":18,"turns":4},{"damage":6,"enemies":"Chosen","floor":20,"turns":2},{"damage":10,"enemies":"Centurion and Healer","floor":24,"turns":4},{"damage":0,"enemies":"Snecko","floor":25,"turns":2},{"damage":14,"enemies":"3 Cultists","floor":27,"turns":5},{"damage":4,"enemies":"Centurion and Healer","floor":31,"turns":3},{"damage":41,"enemies":"Pondfish","floor":33,"turns":5}],"seed_played":"6476549105455799591","potions_obtained":[{"floor":1,"key":"CunningPotion"},{"floor":3,"key":"Reflective Coating"},{"floor":8,"key":"PowerPotion"},{"floor":14,"key":"Elixir"},{"floor":16,"key":"LifebloodPotion"},{"floor":27,"key":"Doom Potion"},{"floor":31,"key":"GhostInAJar"}],"is_trial":false,"path_per_floor":["M","?","M","?","?","M","R","M","T","M","$","M","M","M","R","B",null,"M","?","M","?","$","R","M","M","T","M","?","$","$","M","R","B"],"character_chosen":"THE_SILENT","items_purchased":["Snake Skull","Poisoned Stab"],"campfire_rested":1,"item_purchase_floors":[22,22],"current_hp_per_floor":[73,73,73,61,61,61,61,52,52,52,52,45,36,29,52,8,77,70,70,64,64,64,64,54,54,54,40,40,40,40,36,36,0,0],"gold":78,"neow_bonus":"TEN_PERCENT_HP_BONUS","is_daily":false,"chose_seed":false,"campfire_upgraded":2,"win_rate":0.0,"timestamp":1609796594,"path_taken":["M","?","M","?","?","M","R","M","T","M","$","M","?","M","R","BOSS","M","?","M","?","$","R","M","M","T","M","?","?","$","M","R","BOSS"],"items_purchased_type":["Relic","Card"],"build_version":"2020-12-22","purchased_purges":1,"victory":false,"max_hp_per_floor":[77,77,77,77,77,77,77,77,77,77,77,77,77,77,77,77,77,77,77,77,77,77,77,77,77,77,77,77,77,77,77,77,77,77],"card_choices":[{"not_picked":["Fluid Movement","Masterful Stab"],"picked":"Hidden Blade","floor":1},{"not_picked":["ReplayTheSpireMod:The Works","Deflect"],"picked":"Prepared","floor":3},{"not_picked":["Deflect","Dagger Throw"],"picked":"Acrobatics","floor":6},{"not_picked":["Sucker Punch","Doppelganger"],"picked":"Poisoned Stab","floor":8},{"not_picked":["Blade Dance","Outmaneuver","Backflip"],"picked":"SKIP","floor":10},{"not_picked":["Deflect","Leg Sweep","Finisher"],"picked":"SKIP","floor":12},{"not_picked":["Backstab","Prepared"],"picked":"Bane","floor":13},{"not_picked":["Underhanded Strike","Glass Knife","Sucker Punch"],"picked":"SKIP","floor":14},{"not_picked":["Replay:Bag of Tricks","Unload"],"picked":"Adrenaline","floor":16},{"not_picked":["Endless Agony","Dagger Spray"],"picked":"Catalyst+1","floor":18},{"not_picked":["Slice","Deflect","Sucker Punch"],"picked":"SKIP","floor":20},{"not_picked":["Bane","Dagger Spray","PiercingWail+1"],"picked":"SKIP","floor":24},{"not_picked":["Dodge and Roll","Acrobatics+1","Bane"],"picked":"SKIP","floor":25},{"not_picked":["Fluid Movement","PiercingWail","Flying Knee"],"picked":"SKIP","floor":27},{"not_picked":["Deflect","Bane+1"],"picked":"Toxin Wave+1","floor":31}],"player_experience":137739,"relics_obtained":[{"floor":9,"key":"ReplayFunnel"},{"floor":26,"key":"Basket Of Snakes"}],"event_choices":[{"damage_healed":0,"gold_gain":0,"player_choice":"Success","damage_taken":12,"relics_obtained":["InkBottle"],"max_hp_gain":0,"max_hp_loss":0,"event_name":"Scrap Ooze","floor":4,"gold_loss":0},{"damage_healed":0,"gold_gain":0,"cards_transformed":["Strike_G"],"player_choice":"Transformed","damage_taken":0,"max_hp_gain":0,"max_hp_loss":0,"event_name":"Transmorgrifier","floor":5,"gold_loss":0,"cards_obtained":["Poison Darts"]},{"damage_healed":0,"gold_gain":0,"player_choice":"Ignored","damage_taken":0,"max_hp_gain":0,"max_hp_loss":0,"event_name":"Vampires","floor":28,"gold_loss":0}],"is_beta":false,"boss_relics":[{"not_picked":["Fusion Hammer","Black Star"],"picked":"Pandora\u0027s Box"}],"items_purged_floors":[11],"is_endless":false,"potions_floor_spawned":[1,3,8,14,16,27,31],"killed_by":"Pondfish","ascension_level":0}}