{"host":"088jo5vb400xciyq","time":1609721068,"event":{"mods":["BaseMod","Infinite Spire","Minty Spire (QoL Compilation)","Rare Cards Sparkle","Shop Mod","StSLib"],"gold_per_floor":[119,119,69,69,69,100,112,138,150,176,188,213,235,265,277,386,398,426,363,49,49,64,64,77,77,77,95,112,129,129,129,129,232,232,250,604,351,371,371,371],"floor_reached":39,"playtime":1828,"items_purged":["Dualcast","Strike_B","Defend_B"],"score":433,"play_id":"88674af7-84de-4db2-abf1-a398bc2439b2","local_time":"20210103174428","is_ascension_mode":false,"campfire_choices":[{"data":"Genetic Algorithm","floor":7.0,"key":"SMITH"},{"data":"Streamline","floor":11.0,"key":"SMITH"},{"floor":15.0,"key":"REST"},{"floor":23.0,"key":"REST"},{"floor":25.0,"key":"REST"},{"floor":32,"key":"REST"}],"circlet_count":0,"master_deck":["Strike_B+1","Strike_B+1","Defend_B","Defend_B","Defend_B","Scrape","Genetic Algorithm+1","Reprogram","Streamline+1","Core Surge","Reprogram","Sweeping Beam","Rebound+1","Gash+1","Beam Cell+1","Beam Cell+1","Gash","Seek","Conserve Battery+1","BootSequence+1","Go for the Eyes+1"],"relics":["infinitespire:DarkRift","NeowsBlessing","infinitespire:Cubic Diamond","Happy Flower","MawBank","Shuriken","SlaversCollar","Omamori","infinitespire:WardingShard","MutagenicStrength","Nunchaku","Black Star","Old Coin","ClockworkSouvenir"],"acts_visited":["Exordium","TheCity","TheBeyond"],"potions_floor_usage":[33,36],"damage_taken":[{"damage":0.0,"enemies":"Jaw Worm","floor":1.0,"turns":1.0},{"damage":0.0,"enemies":"Lagavulin","floor":6.0,"turns":1.0},{"damage":0.0,"enemies":"Small Slimes","floor":8.0,"turns":1.0},{"damage":5.0,"enemies":"2 Louse","floor":10.0,"turns":2.0},{"damage":0.0,"enemies":"Large Slime","floor":12.0,"turns":4.0},{"damage":6.0,"enemies":"Looter","floor":13.0,"turns":3.0},{"damage":4.0,"enemies":"2 Fungi Beasts","floor":14.0,"turns":4.0},{"damage":35.0,"enemies":"The Guardian","floor":16.0,"turns":13.0},{"damage":38.0,"enemies":"3 Byrds","floor":18.0,"turns":7.0},{"damage":18.0,"enemies":"2 Thieves","floor":22.0,"turns":5.0},{"damage":12.0,"enemies":"Centurion and Healer","floor":24.0,"turns":8.0},{"damage":17.0,"enemies":"Shelled Parasite and Fungi","floor":27.0,"turns":5.0},{"damage":10,"enemies":"Cultist and Chosen","floor":28,"turns":5},{"damage":4,"enemies":"Snecko","floor":29,"turns":5},{"damage":48,"enemies":"Automaton","floor":33,"turns":8},{"damage":4,"enemies":"3 Shapes","floor":35,"turns":4},{"damage":69,"enemies":"2 Orb Walkers","floor":36,"turns":5},{"damage":4,"enemies":"Orb Walker","floor":38,"turns":3},{"damage":0,"enemies":"infinitespire:Three Voidlings","floor":39,"turns":1},{"damage":10,"enemies":"Nightmare_Alpha","floor":39,"turns":2}],"seed_played":"-6770597682458279332","potions_obtained":[{"floor":1.0,"key":"AttackPotion"},{"floor":6.0,"key":"Dexterity Potion"},{"floor":12.0,"key":"SkillPotion"},{"floor":22.0,"key":"GamblersBrew"},{"floor":24.0,"key":"Explosive Potion"},{"floor":28,"key":"Fire Potion"},{"floor":33,"key":"BlessingOfTheForge"},{"floor":36,"key":"Energy Potion"}],"is_trial":false,"path_per_floor":["M","?","?","?","?","E","R","M","T","M","R","M","M","M","R","B",null,"M","?","$","?","M","R","M","R","T","M","M","M","?","AVR","R","B",null,"M","?","$","M","?"],"character_chosen":"DEFECT","items_purchased":["Omamori","Fruit Juice","ClockworkSouvenir"],"campfire_rested":4,"item_purchase_floors":[20,20,37],"current_hp_per_floor":[75,75,75,72,57,57,57,57,57,52,52,52,46,42,64,29,75,37,37,37,28,10,35,23,48,48,31,21,17,17,17,42,4,85,81,12,12,8,0,0],"gold":371,"neow_bonus":"THREE_ENEMY_KILL","is_daily":false,"chose_seed":false,"campfire_upgraded":2,"win_rate":0.0,"timestamp":1609721068,"path_taken":["M","?","?","?","?","E","R","M","T","M","R","M","M","M","R","BOSS","M","?","$","?","M","R","M","R","T","M","M","?","?","AVR","R","BOSS","M","?","$","M","?"],"items_purchased_type":["Relic","Potion","Relic"],"build_version":"2020-12-22","purchased_purges":3,"victory":false,"max_hp_per_floor":[75,75,75,75,75,75,75,75,75,75,75,75,75,75,75,75,75,75,75,75,85,85,85,85,85,85,85,85,85,85,85,85,85,85,85,85,85,85,85,85],"card_choices":[{"not_picked":["Lockon","Compile Driver"],"picked":"Scrape","floor":1.0},{"not_picked":["Compile Driver","Barrage"],"picked":"Genetic Algorithm","floor":6.0},{"not_picked":["Redo","Capacitor"],"picked":"Reprogram","floor":8.0},{"not_picked":["Genetic Algorithm","Cold Snap"],"picked":"Streamline","floor":10.0},{"not_picked":["Steam","Reprogram"],"picked":"Core Surge","floor":12.0},{"not_picked":["Tempest","Coolheaded"],"picked":"Reprogram","floor":13.0},{"not_picked":["Rebound","Barrage"],"picked":"Sweeping Beam","floor":14.0},{"not_picked":["Compile Driver","Turbo"],"picked":"Rebound+1","floor":18.0},{"not_picked":["Self Repair","Turbo+1","Loop"],"picked":"SKIP","floor":22.0},{"not_picked":["Aggregate+1","Stack+1"],"picked":"Gash+1","floor":24.0},{"not_picked":["Storm","Recycle"],"picked":"Beam Cell+1","floor":27.0},{"not_picked":["Fusion+1","Storm"],"picked":"Beam Cell+1","floor":28},{"not_picked":["Echo Form","Sweeping Beam+1"],"picked":"Gash","floor":29},{"not_picked":["Reboot","Biased Cognition"],"picked":"Seek","floor":33},{"not_picked":["Rip and Tear+1","Chaos+1"],"picked":"Conserve Battery+1","floor":35},{"not_picked":["Compile Driver","Storm+1"],"picked":"BootSequence+1","floor":36},{"not_picked":["Streamline+1","Compile Driver"],"picked":"Go for the Eyes+1","floor":38}],"player_experience":366503,"relics_obtained":[{"floor":6.0,"key":"MawBank"},{"floor":9.0,"key":"Shuriken"},{"floor":26.0,"key":"infinitespire:WardingShard"},{"floor":36,"key":"Old Coin"}],"event_choices":[{"cards_removed":["Strike_B"],"damage_healed":0.0,"max_hp_gain":0.0,"max_hp_loss":0.0,"gold_gain":0.0,"event_name":"The Cleric","player_choice":"Card Removal","floor":3.0,"gold_loss":50.0,"damage_taken":0.0},{"damage_healed":0.0,"max_hp_gain":0.0,"max_hp_loss":0.0,"gold_gain":0.0,"event_name":"Scrap Ooze","player_choice":"Success","floor":4.0,"gold_loss":0.0,"damage_taken":3.0,"relics_obtained":["Happy Flower"]},{"damage_healed":0.0,"max_hp_gain":0.0,"max_hp_loss":0.0,"gold_gain":0.0,"event_name":"Shining Light","player_choice":"Entered Light","floor":5.0,"gold_loss":0.0,"damage_taken":15.0,"cards_upgraded":["Strike_B","Strike_B"]},{"cards_removed":["Zap"],"damage_healed":0.0,"max_hp_gain":0.0,"max_hp_loss":0.0,"gold_gain":0.0,"event_name":"Beggar","player_choice":"Gave Gold","floor":19.0,"gold_loss":75.0,"damage_taken":0.0},{"damage_healed":0.0,"max_hp_gain":5.0,"max_hp_loss":0.0,"gold_gain":0.0,"event_name":"Forgotten Altar","player_choice":"Shed Blood","floor":21.0,"gold_loss":0.0,"damage_taken":19.0},{"damage_healed":0,"gold_gain":0,"player_choice":"Inject Mutagens","damage_taken":0,"relics_obtained":["MutagenicStrength"],"max_hp_gain":0,"max_hp_loss":0,"event_name":"Drug Dealer","floor":30,"gold_loss":0},{"damage_healed":0,"gold_gain":0,"player_choice":"Fight","damage_taken":0,"max_hp_gain":0,"max_hp_loss":0,"event_name":"Mysterious Sphere","floor":36,"gold_loss":0}],"is_beta":false,"boss_relics":[{"not_picked":["Cursed Key","Snecko Eye"],"picked":"SlaversCollar"},{"not_picked":["Philosopher\u0027s Stone","Runic Dome"],"picked":"Black Star"}],"items_purged_floors":[20,31,37],"is_endless":true,"potions_floor_spawned":[1,6,12,22,24,28,33,36],"killed_by":"Nightmare_Alpha","ascension_level":0}}