{"host":"0jile2yd1dg679g0","time":1609727394,"event":{"mods":["AchievementEnabler","Act Like it!","BaseMod","Better Third Choice","Colored Map","Colored Powertips","Gensokyo","Hermit","Luminous","Marisa????????","Minty Spire (QoL Compilation)","Random Character Button","Spicy Shops","StSLib","The Servant 0.9.4","Transform Curses","Waifu the Spire"],"gold_per_floor":[115,131,306,381,381,381,409,409,409,444,444,444,444,455,455,553,553,563,563,63,63,63,63,97,83,83,83,93,122,139,158,158,263,263,280,280,3,3,3,14,14,14,40,40,54,54,54,54,54,54,54],"floor_reached":50,"playtime":3523,"items_purged":["Writhe"],"score":628,"play_id":"98efa1ca-0c06-4def-826f-de05e8fa8460","local_time":"20210103212954","is_ascension_mode":true,"campfire_choices":[{"data":"Blade Dance","floor":6,"key":"SMITH"},{"floor":8,"key":"REST"},{"floor":13,"key":"REST"},{"data":"Neutralize","floor":15,"key":"SMITH"},{"data":"Wraith Form v2","floor":23,"key":"SMITH"},{"data":"Malaise","floor":27,"key":"SMITH"},{"data":"Adrenaline","floor":32,"key":"SMITH"},{"floor":41,"key":"REST"},{"floor":42,"key":"REST"},{"data":"Apotheosis","floor":44,"key":"SMITH"},{"floor":49,"key":"RECALL"}],"circlet_count":0,"master_deck":["Survivor+1","Neutralize+1","Blade Dance+1","Deflect+1","Burst+1","Dash+1","Wraith Form v2+1","CurseOfTheBell","Prepared+1","Bandage Up+1","Bite+1","Bite+1","Bite+1","Bite+1","Bite+1","Malaise+1","Deadly Poison+1","Adrenaline+1","Dash+1","Noxious Fumes+1","Envenom+1","Outmaneuver+1","All Out Attack+1","Skewer+1","Unload+1","Deflect+1","Caltrops+1","Infinite Blades+1","Apotheosis+1","Dark Shackles+1","Die Die Die+1","Cloak And Dagger+1"],"relics":["Sozu","Mercury Hourglass","Pear","Akabeko","Calling Bell","Vajra","Kunai","WingedGreaves","Ancient Tea Set","Omamori","Frozen Egg 2","Happy Flower","Darkstone Periapt","Gremlin Horn","Pandora\u0027s Box","Blue Candle","Toy Ornithopter","Mark of the Bloom"],"acts_visited":["Exordium","TheCity","TheBeyond"],"potions_floor_usage":[],"damage_taken":[{"damage":0,"enemies":"Small Slimes","floor":1,"turns":4},{"damage":0,"enemies":"2 Louse","floor":2,"turns":2},{"damage":16,"enemies":"3 Sentries","floor":7,"turns":10},{"damage":37,"enemies":"Gremlin Nob","floor":10,"turns":5},{"damage":2,"enemies":"Jaw Worm","floor":14,"turns":2},{"damage":37,"enemies":"The Guardian","floor":16,"turns":18},{"damage":19,"enemies":"Shell Parasite","floor":18,"turns":7},{"damage":12,"enemies":"Slavers","floor":24,"turns":7},{"damage":0,"enemies":"2 Thieves","floor":25,"turns":4},{"damage":0,"enemies":"Cultist and Chosen","floor":28,"turns":7},{"damage":31,"enemies":"Book of Stabbing","floor":29,"turns":6},{"damage":0,"enemies":"3 Cultists","floor":30,"turns":6},{"damage":18,"enemies":"Sentry and Sphere","floor":31,"turns":5},{"damage":9,"enemies":"Automaton","floor":33,"turns":12},{"damage":27,"enemies":"3 Shapes","floor":35,"turns":3},{"damage":24,"enemies":"Orb Walker","floor":40,"turns":4},{"damage":44,"enemies":"3 Darklings","floor":45,"turns":3},{"damage":65,"enemies":"Time Eater","floor":50,"turns":4}],"seed_played":"-7498829420576247507","potions_obtained":[],"is_trial":false,"path_per_floor":["M","M","?","?","?","R","E","R","T","E","?","?","R","M","R","B",null,"M","?","$","?","$","R","E","M","T","R","M","E","M","M","R","B",null,"M","?","$","?","$","M","R","R","T","R","M","?","?","?","R","B"],"character_chosen":"THE_SILENT","items_purchased":["Omamori","Bandage Up","Frozen Egg 2","Infinite Blades+1","Apotheosis"],"campfire_rested":4,"item_purchase_floors":[20,20,20,37,37],"current_hp_per_floor":[70,70,70,59,64,64,48,70,80,43,43,36,61,59,59,22,85,66,66,66,59,59,59,54,59,59,59,59,38,58,47,47,59,59,36,36,36,36,36,16,33,50,50,50,18,52,52,52,52,0,0],"gold":54,"neow_bonus":"BOSS_RELIC","is_daily":false,"chose_seed":false,"campfire_upgraded":6,"win_rate":0.0,"timestamp":1609727394,"path_taken":["M","M","?","?","?","R","E","R","T","E","?","?","R","M","R","BOSS","M","?","$","?","?","R","E","M","T","R","M","E","?","?","R","BOSS","M","?","$","?","$","M","R","R","T","R","M","?","?","?","R","BOSS"],"items_purchased_type":["Relic","Card","Relic","Card","Card"],"build_version":"2020-12-22","purchased_purges":1,"victory":false,"max_hp_per_floor":[70,70,70,70,75,75,75,75,85,85,85,85,85,85,85,85,85,85,85,85,59,59,59,59,59,59,59,59,59,59,59,59,59,59,59,59,59,59,59,59,59,59,59,59,59,52,52,52,52,52,52],"card_choices":[{"not_picked":["Cloak And Dagger","Dagger Spray"],"picked":"Blade Dance","floor":1},{"not_picked":["Poisoned Stab","Outmaneuver"],"picked":"Deflect","floor":2},{"not_picked":["PiercingWail","Leg Sweep"],"picked":"Burst","floor":7},{"not_picked":["Backflip","Endless Agony","Dagger Throw"],"picked":"SKIP","floor":10},{"not_picked":["Quick Slash","Tactician"],"picked":"Dash","floor":14},{"not_picked":["Venomology","Glass Knife"],"picked":"Wraith Form v2","floor":16},{"not_picked":["Dagger Throw+1","Outmaneuver"],"picked":"Prepared","floor":18},{"not_picked":["Grand Finale","Poisoned Stab"],"picked":"Malaise","floor":24},{"not_picked":["Quick Slash","Expertise","Backflip"],"picked":"SKIP","floor":25},{"not_picked":["Bane","Endless Agony"],"picked":"Deadly Poison","floor":28},{"not_picked":["Well Laid Plans+1","Prepared"],"picked":"Adrenaline","floor":29},{"not_picked":["Dagger Throw","Underhanded Strike+1"],"picked":"Dash+1","floor":30},{"not_picked":["PiercingWail","Bouncing Flask+1"],"picked":"Noxious Fumes+1","floor":31},{"not_picked":["Storm of Steel","Malaise"],"picked":"Envenom+1","floor":33},{"not_picked":["Sucker Punch+1","Bane+1"],"picked":"Caltrops+1","floor":35},{"not_picked":["Blind","PanicButton"],"picked":"Dark Shackles","floor":38},{"not_picked":["Acrobatics","Outmaneuver+1"],"picked":"Die Die Die","floor":40},{"not_picked":["Predator","Blur+1"],"picked":"Cloak And Dagger+1","floor":45}],"player_experience":236135,"relics_obtained":[{"floor":7,"key":"Mercury Hourglass"},{"floor":9,"key":"Pear"},{"floor":10,"key":"Akabeko"},{"floor":17,"key":"Vajra"},{"floor":17,"key":"Kunai"},{"floor":17,"key":"WingedGreaves"},{"floor":24,"key":"Happy Flower"},{"floor":26,"key":"Darkstone Periapt"},{"floor":29,"key":"Gremlin Horn"},{"floor":36,"key":"Blue Candle"},{"floor":43,"key":"Toy Ornithopter"}],"event_choices":[{"damage_healed":0,"gold_gain":175,"player_choice":"AGREE","damage_taken":131,"max_hp_gain":0,"max_hp_loss":0,"event_name":"betterThird:BetterSerpent","floor":3,"gold_loss":0},{"damage_healed":0,"gold_gain":75,"player_choice":"Gold","damage_taken":11,"max_hp_gain":0,"max_hp_loss":0,"event_name":"betterThird:BetterGoop","floor":4,"gold_loss":0},{"damage_healed":0,"gold_gain":0,"player_choice":"Donut","damage_taken":0,"max_hp_gain":5,"max_hp_loss":0,"event_name":"Big Fish","floor":5,"gold_loss":0},{"damage_healed":0,"gold_gain":0,"player_choice":"Ignored","damage_taken":0,"max_hp_gain":0,"max_hp_loss":0,"event_name":"Golden Idol","floor":11,"gold_loss":0},{"cards_removed":["Doubt"],"damage_healed":0,"gold_gain":0,"player_choice":"Card Removal","damage_taken":7,"max_hp_gain":0,"max_hp_loss":0,"event_name":"Golden Wing","floor":12,"gold_loss":0},{"damage_healed":0,"gold_gain":0,"player_choice":"Opened","damage_taken":0,"relics_obtained":["Ancient Tea Set"],"max_hp_gain":0,"max_hp_loss":0,"event_name":"The Mausoleum","floor":19,"gold_loss":0,"cards_obtained":["Writhe"]},{"damage_healed":0,"gold_gain":0,"player_choice":"Became a vampire","damage_taken":0,"max_hp_gain":0,"max_hp_loss":26,"event_name":"Vampires","floor":21,"gold_loss":0,"cards_obtained":["Bite","Bite","Bite","Bite","Bite"]},{"damage_healed":0,"gold_gain":0,"player_choice":"Relic","damage_taken":0,"max_hp_gain":0,"max_hp_loss":0,"event_name":"Wheel of Change","floor":36,"gold_loss":0},{"damage_healed":0,"gold_gain":0,"player_choice":"Memory 1","damage_taken":0,"max_hp_gain":0,"max_hp_loss":0,"event_name":"SensoryStone","floor":38,"gold_loss":0},{"damage_healed":52,"gold_gain":0,"player_choice":"Heal","damage_taken":0,"max_hp_gain":0,"max_hp_loss":7,"event_name":"The Moai Head","floor":46,"gold_loss":0},{"damage_healed":0,"gold_gain":0,"player_choice":"Ignored","damage_taken":0,"max_hp_gain":0,"max_hp_loss":0,"event_name":"Mysterious Sphere","floor":47,"gold_loss":0},{"damage_healed":0,"gold_gain":0,"player_choice":"Upgrade","damage_taken":0,"relics_obtained":["Mark of the Bloom"],"max_hp_gain":0,"max_hp_loss":0,"event_name":"MindBloom","floor":48,"gold_loss":0,"cards_upgraded":["Survivor","Deflect","Burst","Dash","Prepared","Bandage Up","Bite","Bite","Bite","Bite","Bite","Deadly Poison","Outmaneuver","All Out Attack","Skewer","Unload","Deflect","Dark Shackles","Die Die Die"]}],"is_beta":false,"boss_relics":[{"not_picked":["Snecko Eye","SacredBark"],"picked":"Calling Bell"},{"not_picked":["Empty Cage","Velvet Choker"],"picked":"Pandora\u0027s Box"}],"items_purged_floors":[20],"is_endless":false,"potions_floor_spawned":[14,16,24,30,31,33,35],"killed_by":"Time Eater","ascension_level":4}}