{"host":"ikjt6v4q6zrcj3if","time":1609800150,"event":{"mods":["BaseMod","CapriCore","Colored Map","Downfall","Luminous","Minty Spire (QoL Compilation)","Permanent Neow","Quick Restart","Replay The Spire","Robot Space Explorer","Spicy Shops","StSLib","SuperFastMode","The Exalted","The Marked","TheSwordswoman","WarShipGirlsR/??è≠èóR mod"],"gold_per_floor":[112,112,126,3,3,3,3,3,3,18,18,34,34,55,55,69,69,69,69],"floor_reached":18,"playtime":793,"items_purged":["RobotSpaceExplorer:Defend"],"score":100,"play_id":"5e127022-18b1-4714-aeff-559c7ee190ec","local_time":"20210105074230","is_ascension_mode":false,"campfire_choices":[{"data":"RobotSpaceExplorer:Counterblock","floor":8,"key":"SMITH"},{"data":"RobotSpaceExplorer:Blaster","floor":13,"key":"SMITH"},{"data":"RobotSpaceExplorer:GlueSpray","floor":17,"key":"SMITH"}],"circlet_count":0,"master_deck":["RobotSpaceExplorer:Strike","RobotSpaceExplorer:Strike","RobotSpaceExplorer:Strike+1","RobotSpaceExplorer:Strike","RobotSpaceExplorer:Defend","RobotSpaceExplorer:Defend","RobotSpaceExplorer:Defend","RobotSpaceExplorer:Scan","expansioncontent:Corrupt+1","RobotSpaceExplorer:Counterblock+1","RobotSpaceExplorer:Smokescreen+1","RobotSpaceExplorer:GlueSpray+1","RobotSpaceExplorer:Blaster+1"],"relics":["RobotSpaceExplorer:RoboCore","Iron Hammer","Odd Mushroom"],"acts_visited":["Exordium"],"potions_floor_usage":[18],"damage_taken":[{"damage":0,"enemies":"2 Louse","floor":1,"turns":2},{"damage":0,"enemies":"Cultist","floor":3,"turns":2},{"damage":5,"enemies":"Small Slimes","floor":10,"turns":2},{"damage":0,"enemies":"3 Louse","floor":12,"turns":4},{"damage":34,"enemies":"The Mushroom Lair","floor":14,"turns":6},{"damage":3,"enemies":"Lots of Slimes","floor":16,"turns":7},{"damage":29,"enemies":"Fading Forest","floor":18,"turns":7}],"seed_played":"3509009198827228646","potions_obtained":[{"floor":3,"key":"BlessingOfTheForge"},{"floor":14,"key":"Dexterity Potion"}],"is_trial":false,"path_per_floor":["M","?","M","$","PTL","PTL","?","R","?","M","T","M","R","?","$","M","R","B"],"character_chosen":"RobotSpaceExplorer","items_purchased":["RobotSpaceExplorer:Smokescreen"],"campfire_rested":0,"item_purchase_floors":[4],"current_hp_per_floor":[54,54,54,54,54,54,39,39,39,34,34,34,34,20,20,17,17,0,0],"gold":69,"neow_bonus":"RANDOM_COLORLESS_2","is_daily":false,"chose_seed":false,"campfire_upgraded":3,"win_rate":0.0,"timestamp":1609800150,"path_taken":["M","?","?","$","PTL","PTL","?","R","?","M","T","?","R","?","$","M","R","BOSS"],"items_purchased_type":["Card"],"build_version":"2020-12-22","purchased_purges":1,"victory":false,"max_hp_per_floor":[75,75,75,75,75,75,75,75,75,75,75,75,75,75,75,75,75,75,75],"card_choices":[{"not_picked":["Violence","Midas Touch"],"picked":"expansioncontent:Corrupt","floor":0},{"not_picked":["RobotSpaceExplorer:ScrapToss","RobotSpaceExplorer:Ammunition","RobotSpaceExplorer:ShovelStrike"],"picked":"SKIP","floor":1},{"not_picked":["RobotSpaceExplorer:StunGrenade","RobotSpaceExplorer:Probe"],"picked":"RobotSpaceExplorer:Counterblock","floor":3},{"not_picked":["RobotSpaceExplorer:ShovelStrike","RobotSpaceExplorer:SelfCleaning"],"picked":"RobotSpaceExplorer:GlueSpray","floor":10},{"not_picked":["RobotSpaceExplorer:Smokescreen","RobotSpaceExplorer:ShovelStrike"],"picked":"RobotSpaceExplorer:Blaster","floor":12},{"not_picked":["RobotSpaceExplorer:Counterblock","RobotSpaceExplorer:SwiftStep","RobotSpaceExplorer:LaserBurst"],"picked":"SKIP","floor":16}],"player_experience":333717,"relics_obtained":[{"floor":11,"key":"Iron Hammer"},{"floor":14,"key":"Odd Mushroom"}],"event_choices":[{"damage_healed":0,"gold_gain":0,"player_choice":"Forge","damage_taken":0,"max_hp_gain":0,"max_hp_loss":0,"event_name":"Accursed Blacksmith","floor":2,"gold_loss":0,"cards_upgraded":["expansioncontent:Corrupt"]},{"damage_healed":0,"gold_gain":0,"player_choice":"Entered Light","damage_taken":15,"max_hp_gain":0,"max_hp_loss":0,"event_name":"Shining Light","floor":7,"gold_loss":0,"cards_upgraded":["RobotSpaceExplorer:Smokescreen","RobotSpaceExplorer:Strike"]},{"cards_removed":["RobotSpaceExplorer:MiniLasers"],"damage_healed":0,"gold_gain":0,"player_choice":"Offered Basic","damage_taken":0,"max_hp_gain":0,"max_hp_loss":0,"event_name":"Bonfire Elementals","floor":9,"gold_loss":0},{"damage_healed":0,"gold_gain":0,"player_choice":"Fought Mushrooms","damage_taken":0,"max_hp_gain":0,"max_hp_loss":0,"event_name":"Mushrooms","floor":14,"gold_loss":0}],"is_beta":false,"boss_relics":[],"items_purged_floors":[4],"is_endless":false,"potions_floor_spawned":[3,14],"killed_by":"Fading Forest","ascension_level":0}}