{"host":"jfjanrmpavyj4ikg","time":1609742747,"event":{"mods":["AchievementEnabler","BaseMod","BetterRewards","Colored Map","Colored Powertips","GifTheSpireLib","Infinite Spire","Minty Spire (QoL Compilation)","Quick Restart","Rare Cards Sparkle","Replay The Spire","Shop Mod","StSLib"],"gold_per_floor":[114,64,83,83,97,97,97,97,97,110,110,123,48,48,48,48,48],"floor_reached":16,"playtime":1548,"items_purged":["Strike_G"],"score":90,"play_id":"63857081-507a-4781-9ba3-4f2add2871ba","local_time":"20210103224547","is_ascension_mode":false,"campfire_choices":[{"data":"Poisoned Stab","floor":6,"key":"SMITH"},{"data":"Survivor","floor":8,"key":"SMITH"},{"data":"Reflex","floor":11,"key":"SMITH"},{"data":"Quick Slash","floor":15,"key":"SMITH"}],"circlet_count":0,"master_deck":["Strike_G","Strike_G","Strike_G","Defend_G","Defend_G","Defend_G","Defend_G","Survivor+1","Neutralize","Reflex+1","Poisoned Stab+1","Bane","Quick Slash+1"],"relics":["Ring of the Snake","Replay:Mystery Machine","Strawberry"],"acts_visited":["Exordium"],"potions_floor_usage":[],"damage_taken":[{"damage":5,"enemies":"Jaw Worm","floor":1,"turns":6},{"damage":0,"enemies":"2 Louse","floor":3,"turns":4},{"damage":0,"enemies":"Cultist","floor":5,"turns":3},{"damage":4,"enemies":"Looter","floor":10,"turns":2},{"damage":3,"enemies":"2 Fungi Beasts","floor":12,"turns":4},{"damage":30,"enemies":"The Guardian","floor":16,"turns":8}],"seed_played":"1481566072011308414","potions_obtained":[{"floor":3,"key":"SteroidPotion"}],"is_trial":false,"path_per_floor":["M","?","M","?","M","R","?","R","T","M","R","M","$","?","R","B"],"character_chosen":"THE_SILENT","items_purchased":[],"campfire_rested":0,"item_purchase_floors":[],"current_hp_per_floor":[65,65,65,65,65,65,58,58,65,61,61,58,58,58,58,28,28],"gold":48,"neow_bonus":"RANDOM_COMMON_RELIC","is_daily":false,"chose_seed":false,"campfire_upgraded":4,"win_rate":0.0,"timestamp":1609742747,"path_taken":["M","?","M","?","?","R","?","R","T","M","R","M","$","?","R","BOSS"],"items_purchased_type":[],"build_version":"2020-12-22","purchased_purges":1,"victory":false,"max_hp_per_floor":[70,70,70,70,70,70,70,70,77,77,77,77,77,77,77,77,77],"card_choices":[{"not_picked":["Flying Knee","Backflip"],"picked":"Reflex","floor":1},{"not_picked":["Replay:Poison Smokescreen","Calculated Gamble"],"picked":"Poisoned Stab","floor":3},{"not_picked":["Deadly Poison","Escape Plan"],"picked":"Bane","floor":5},{"not_picked":["Outmaneuver","Heel Hook","Dagger Spray"],"picked":"SKIP","floor":10},{"not_picked":["ReplayTheSpireMod:The Works","ReplayTheSpireMod:Exploit Weakness"],"picked":"Quick Slash","floor":12}],"player_experience":38972,"relics_obtained":[{"floor":9,"key":"Strawberry"}],"event_choices":[{"cards_removed":["Defend_G"],"damage_healed":0,"gold_gain":0,"player_choice":"Card Removal","damage_taken":0,"max_hp_gain":0,"max_hp_loss":0,"event_name":"The Cleric","floor":2,"gold_loss":50},{"damage_healed":0,"gold_gain":0,"player_choice":"Ignored","damage_taken":0,"max_hp_gain":0,"max_hp_loss":0,"event_name":"NoteForYourself","floor":4,"gold_loss":0},{"cards_removed":["Strike_G"],"damage_healed":0,"gold_gain":0,"player_choice":"Card Removal","damage_taken":7,"max_hp_gain":0,"max_hp_loss":0,"event_name":"Golden Wing","floor":7,"gold_loss":0},{"damage_healed":0,"gold_gain":0,"player_choice":"Searched \u00270\u0027 times","damage_taken":0,"max_hp_gain":0,"max_hp_loss":0,"event_name":"Dead Adventurer","floor":14,"gold_loss":0}],"is_beta":false,"boss_relics":[],"items_purged_floors":[13],"is_endless":false,"potions_floor_spawned":[3],"killed_by":"The Guardian","ascension_level":0}}