{"host":"g7xvyycavwkoojg3","time":1609800039,"event":{"mods":["BaseMod","Challenge The Spire","Exacting","GifTheSpireLib","HexUI Lib","Minty Spire (QoL Compilation)","Replay The Spire","Shop Mod","StSLib","The Hierophant"],"gold_per_floor":[116,114,125,125,144,124,124],"floor_reached":6,"playtime":383,"items_purged":[],"score":38,"play_id":"28f965fc-e8ee-4092-a0a0-52de45d07067","local_time":"20210104174039","is_ascension_mode":false,"campfire_choices":[],"circlet_count":0,"master_deck":["hierophant:Strike_Hierophant","hierophant:Strike_Hierophant","hierophant:Strike_Hierophant","hierophant:Strike_Hierophant","hierophant:Punish","hierophant:Defend_Hierophant","hierophant:Defend_Hierophant","hierophant:Defend_Hierophant","hierophant:Defend_Hierophant","hierophant:ChurchCoffers","hierophant:Sermon","hierophant:HolyVerse","hierophant:PristineSoul","hierophant:FieryStrike"],"relics":["hierophant:PropheticMaskRelic"],"acts_visited":["Exordium"],"potions_floor_usage":[],"damage_taken":[{"damage":0,"enemies":"Small Slimes","floor":1,"turns":3},{"damage":1,"enemies":"Jaw Worm","floor":2,"turns":2},{"damage":1,"enemies":"2 Louse","floor":3,"turns":2},{"damage":0,"enemies":"Gremlin Gang","floor":5,"turns":2},{"damage":95,"enemies":"Gremlin Nob","floor":6,"turns":5}],"seed_played":"4810563427705891892","potions_obtained":[{"floor":3,"key":"PowerPotion"},{"floor":5,"key":"PowerPotion"}],"is_trial":false,"path_per_floor":["M","M","M","?","M","E"],"character_chosen":"HIEROPHANT","items_purchased":[],"campfire_rested":0,"item_purchase_floors":[],"current_hp_per_floor":[82,81,80,80,80,0,0],"gold":124,"neow_bonus":"TEN_PERCENT_HP_BONUS","is_daily":false,"chose_seed":false,"campfire_upgraded":0,"win_rate":0.0,"timestamp":1609800039,"path_taken":["M","M","M","?","M","E"],"items_purchased_type":[],"build_version":"2020-12-22","purchased_purges":0,"victory":false,"max_hp_per_floor":[82,82,82,82,82,82,82],"card_choices":[{"not_picked":["hierophant:Blessing","hierophant:Prophecy"],"picked":"hierophant:Sermon","floor":1},{"not_picked":["hierophant:SecretStash","hierophant:FieryStrike"],"picked":"hierophant:HolyVerse","floor":2},{"not_picked":["hierophant:Sermon","hierophant:OrnateBuckler"],"picked":"hierophant:PristineSoul","floor":3},{"not_picked":["hierophant:Zeal","hierophant:Sermon"],"picked":"hierophant:FieryStrike","floor":5}],"player_experience":99467,"relics_obtained":[],"event_choices":[{"damage_healed":0,"gold_gain":0,"player_choice":"Leave","damage_taken":0,"max_hp_gain":0,"max_hp_loss":0,"event_name":"The Cleric","floor":4,"gold_loss":0}],"is_beta":false,"boss_relics":[],"items_purged_floors":[],"is_endless":false,"potions_floor_spawned":[3,5],"killed_by":"Gremlin Nob","ascension_level":0}}