{"host":"cr892wvdvh6p7gzy","time":1609803903,"event":{"mods":["A Magickal Journey","BaseMod","BetterRewards","Downfall","GifTheSpireLib","Hubris","Infinite Spire","Minty Spire (QoL Compilation)","READ ME - Guardian Mod","Replay The Spire","SOS???????","StSLib","The Bug Knight","The Dragon Tamer","The Necromancer","???Mod??????Boss"],"gold_per_floor":[359,374,374,392,89,89,106,69,93,93,113,130,148,163,163,263,263,278,278,278,278,278,278],"floor_reached":22,"playtime":1298,"items_purged":[],"score":205,"play_id":"a2145d77-3247-4d5c-85f0-e760f86c8fcb","local_time":"20210105004503","is_ascension_mode":true,"campfire_choices":[{"data":"Deadly Poison","floor":6,"key":"SMITH"},{"data":"Deadly Poison","floor":10,"key":"SMITH"},{"floor":15,"key":"REST"}],"circlet_count":0,"master_deck":["Strike_G","Strike_G","Strike_G","Strike_G","Strike_G","Defend_G","Defend_G","Defend_G","Defend_G","Defend_G","Survivor","Neutralize","Deadly Poison+1","Deadly Poison+1","PiercingWail","PiercingWail","infinitespire:Neurotoxin","infinitespire:Starlight"],"relics":["Ring of the Snake","hubris:Zylophone","ReplayFunnel","hubris:HollowSoul","hubris:MobiusCoin"],"acts_visited":["Exordium","TheCity"],"potions_floor_usage":[],"damage_taken":[{"damage":0,"enemies":"2 Louse","floor":1,"turns":4},{"damage":0,"enemies":"Cultist","floor":2,"turns":3},{"damage":7,"enemies":"Small Slimes","floor":4,"turns":4},{"damage":1,"enemies":"Blue Slaver","floor":7,"turns":3},{"damage":10,"enemies":"Lots of Slimes","floor":11,"turns":5},{"damage":1,"enemies":"Gremlin Gang","floor":12,"turns":6},{"damage":4,"enemies":"Exordium Thugs","floor":13,"turns":4},{"damage":0,"enemies":"2 Fungi Beasts","floor":14,"turns":3},{"damage":4,"enemies":"The Guardian","floor":16,"turns":7},{"damage":11,"enemies":"Spheric Guardian","floor":18,"turns":3},{"damage":39,"enemies":"3 Byrds","floor":22,"turns":5}],"seed_played":"7622404622671319599","potions_obtained":[{"floor":1,"key":"Slimebound:ThreeZeroPotion"},{"floor":4,"key":"Ancient Potion"},{"floor":12,"key":"Energy Potion"}],"is_trial":false,"path_per_floor":["M","M","?","M","$","R","M","$","T","R","M","M","M","M","R","B",null,"M","?","?","AVR","M"],"character_chosen":"THE_SILENT","items_purchased":["hubris:Zylophone","PiercingWail"],"campfire_rested":1,"item_purchase_floors":[5,8],"current_hp_per_floor":[70,70,70,63,63,63,62,62,62,62,52,51,47,47,68,64,70,59,59,59,59,30,30],"gold":278,"neow_bonus":"TWO_FIFTY_GOLD","is_daily":false,"chose_seed":false,"campfire_upgraded":2,"win_rate":0.0,"timestamp":1609803903,"path_taken":["M","M","?","M","$","R","?","$","T","R","M","M","M","M","R","BOSS","M","?","?","AVR","M"],"items_purchased_type":["Relic","Card"],"build_version":"2020-12-22","purchased_purges":0,"victory":false,"max_hp_per_floor":[70,70,70,70,70,70,70,70,70,70,70,70,70,70,70,70,70,70,70,70,70,70,70],"card_choices":[{"not_picked":["Deflect","Prepared"],"picked":"Deadly Poison","floor":1},{"not_picked":["Bane","Storm of Steel"],"picked":"Deadly Poison","floor":2},{"not_picked":["Escape Plan","Quick Slash","Acrobatics"],"picked":"SKIP","floor":4},{"not_picked":["Deadly Poison","Blade Dance","Slice"],"picked":"SKIP","floor":7},{"not_picked":["Outmaneuver","Hidden Blade","Reflex"],"picked":"SKIP","floor":11},{"not_picked":["Underhanded Strike","Accuracy","PiercingWail"],"picked":"SKIP","floor":12},{"not_picked":["Phantasmal Killer","Fluid Movement","hubris:SlightOfHand"],"picked":"SKIP","floor":13},{"not_picked":["Quick Slash","PiercingWail","Backflip"],"picked":"SKIP","floor":14},{"not_picked":["Glass Knife","Doppelganger"],"picked":"infinitespire:Neurotoxin","floor":16},{"not_picked":["Deadly Poison","PiercingWail","Backflip"],"picked":"SKIP","floor":18},{"not_picked":["Deadly Poison","PiercingWail","Backflip"],"picked":"SKIP","floor":18}],"player_experience":451396,"relics_obtained":[{"floor":9,"key":"ReplayFunnel"}],"event_choices":[{"cards_removed":["Decay"],"damage_healed":0,"gold_gain":0,"player_choice":"Removed Curses","damage_taken":0,"max_hp_gain":0,"max_hp_loss":0,"event_name":"Fountain of Cleansing","floor":3,"gold_loss":0},{"damage_healed":0,"gold_gain":0,"player_choice":"Ignored","damage_taken":0,"max_hp_gain":0,"max_hp_loss":0,"event_name":"Beggar","floor":19,"gold_loss":0},{"damage_healed":0,"gold_gain":0,"player_choice":"Ignored","damage_taken":0,"max_hp_gain":0,"max_hp_loss":0,"event_name":"Transmorgrifier","floor":20,"gold_loss":0}],"is_beta":false,"boss_relics":[{"not_picked":["infinitespire:Cupcake","Replay:Wanted Poster"],"picked":"hubris:HollowSoul"}],"items_purged_floors":[],"is_endless":false,"potions_floor_spawned":[1,4,12],"killed_by":"3 Byrds","ascension_level":3}}