{"host":"es89jqq87guwhc1m","time":1609763719,"event":{"mods":["BaseMod","Colored Map","DeckTracker","Lobotomy","Minty Spire (QoL Compilation)","StSLib","SuperFastMode"],"gold_per_floor":[119,131,131,143,154,183,183,183,231,243,262,272,285,51,51,153,153,165,178,178,178,65,65,65,65],"floor_reached":24,"playtime":1917,"items_purged":["Strike_R"],"score":200,"play_id":"1ed80336-54bf-4e15-a1eb-754e794a9ccb","local_time":"20210104213519","is_ascension_mode":false,"campfire_choices":[{"data":"Armaments","floor":7.0,"key":"SMITH"},{"data":"Bash","floor":15.0,"key":"SMITH"},{"floor":23,"key":"REST"}],"circlet_count":0,"master_deck":["Strike_R","Defend_R","Defend_R","Defend_R","Defend_R","Bash+1","Dropkick","SpiderBud","Pommel Strike","ShyLook","Armaments+1","MHz","UniverseFragment","Battle Trance","Limit Break","CherryBlossoms","Wellcheers","Sword Boomerang","NakedNest","Rage","SingingMachine","Offering","Dropkick","HappyTeddy","Reaper","Bloodletting","WallGazer","Scarecrow","Second Wind"],"relics":["Burning Blood","CogitoBucket","Paper Frog","Tiny Chest","AdjustmentMirror","Sozu","Theresia"],"acts_visited":["Exordium","TheCity"],"potions_floor_usage":[24],"damage_taken":[{"damage":1.0,"enemies":"Cultist","floor":1.0,"turns":3.0},{"damage":5.0,"enemies":"Small Slimes","floor":2.0,"turns":3.0},{"damage":5.0,"enemies":"Jaw Worm","floor":4.0,"turns":4.0},{"damage":10.0,"enemies":"3 Louse","floor":5.0,"turns":5.0},{"damage":41.0,"enemies":"Lagavulin","floor":6.0,"turns":9.0},{"damage":19.0,"enemies":"Exordium Wildlife","floor":10.0,"turns":3.0},{"damage":6.0,"enemies":"Red Slaver","floor":11.0,"turns":6.0},{"damage":8.0,"enemies":"Lots of Slimes","floor":12.0,"turns":6.0},{"damage":4.0,"enemies":"Large Slime","floor":13.0,"turns":7.0},{"damage":29.0,"enemies":"Hexaghost","floor":16.0,"turns":9.0},{"damage":56,"enemies":"3 Byrds","floor":18,"turns":6},{"damage":29,"enemies":"Shell Parasite","floor":19,"turns":4},{"damage":48,"enemies":"Gremlin Leader","floor":24,"turns":7}],"seed_played":"8212057610841518469","potions_obtained":[{"floor":1.0,"key":"AttackPotion"},{"floor":5.0,"key":"DuplicationPotion"},{"floor":12.0,"key":"DuplicationPotion"},{"floor":16.0,"key":"SmokeBomb"}],"is_trial":false,"path_per_floor":["M","M","?","M","M","E","R","?","T","M","M","M","M","$","R","B",null,"M","M","?","?","$","R","E"],"character_chosen":"IRONCLAD","items_purchased":["Offering","Dropkick","Second Wind"],"campfire_rested":1,"item_purchase_floors":[14,14,22],"current_hp_per_floor":[80,80,80,80,76,41,41,41,41,28,28,29,40,40,40,20,80,34,24,9,9,9,34,0,0],"gold":65,"neow_bonus":"","is_daily":false,"chose_seed":false,"campfire_upgraded":2,"win_rate":0.0,"timestamp":1609763719,"path_taken":["M","M","?","M","?","E","R","?","T","?","M","M","M","$","R","BOSS","M","M","?","?","$","R","E"],"items_purchased_type":["Card","Card","Card"],"build_version":"2020-12-22","purchased_purges":1,"victory":false,"max_hp_per_floor":[80,80,80,80,80,80,80,80,80,80,80,80,80,80,80,80,80,80,80,85,85,85,85,85,85],"card_choices":[{"not_picked":["Entrench","Iron Wave"],"picked":"Dropkick","floor":1.0},{"not_picked":["Wellcheers","CherryBlossoms"],"picked":"SpiderBud","floor":2.0},{"not_picked":["Clash","Shrug It Off"],"picked":"Pommel Strike","floor":2.0},{"not_picked":["QueenBee","CrumblingArmor"],"picked":"ShyLook","floor":4.0},{"not_picked":["Thunderclap","Shrug It Off"],"picked":"Twin Strike","floor":4.0},{"not_picked":["Flex","Cleave"],"picked":"Armaments","floor":5.0},{"not_picked":["OldLady","Murderer"],"picked":"MHz","floor":5.0},{"not_picked":["LittleHelper","OSAHOGD"],"picked":"UniverseFragment","floor":6.0},{"not_picked":["Fiend Fire","Ghostly Armor"],"picked":"Battle Trance","floor":6.0},{"not_picked":["CrumblingArmor","Scorched"],"picked":"CherryBlossoms","floor":10.0},{"not_picked":["Dark Embrace","Wild Strike","Clothesline"],"picked":"SKIP","floor":10.0},{"not_picked":["FairyFestival","MeatLantern"],"picked":"Wellcheers","floor":11.0},{"not_picked":["Flex","Warcry"],"picked":"Sword Boomerang","floor":11.0},{"not_picked":["LaLuna","BigBadWolf"],"picked":"NakedNest","floor":12.0},{"not_picked":["Iron Wave","Heavy Blade"],"picked":"Rage","floor":12.0},{"not_picked":["FairyFestival","DreamingCurrent"],"picked":"SingingMachine","floor":13.0},{"not_picked":["Heavy Blade","Clothesline","Iron Wave"],"picked":"SKIP","floor":13.0},{"not_picked":["Yin","Scarecrow"],"picked":"HappyTeddy","floor":16.0},{"not_picked":["Immolate","Fiend Fire"],"picked":"Reaper","floor":16.0},{"not_picked":["Clash+1","Combust"],"picked":"Bloodletting","floor":18},{"not_picked":["PunishingBird","Freischutz"],"picked":"WallGazer","floor":18},{"not_picked":["Bloodbath","LittleHelper"],"picked":"Scarecrow","floor":19},{"not_picked":["Metallicize","Bloodletting","Limit Break"],"picked":"SKIP","floor":19}],"player_experience":1612430,"relics_obtained":[{"floor":6.0,"key":"Paper Frog"},{"floor":9.0,"key":"Tiny Chest"}],"event_choices":[{"cards_removed":["Strike_R"],"damage_healed":0.0,"max_hp_gain":0.0,"max_hp_loss":0.0,"gold_gain":0.0,"event_name":"Purifier","player_choice":"Purged","floor":3.0,"gold_loss":0.0,"damage_taken":0.0},{"damage_healed":0.0,"max_hp_gain":0.0,"max_hp_loss":0.0,"gold_gain":0.0,"cards_transformed":["Strike_R"],"event_name":"Transmorgrifier","player_choice":"Transformed","floor":8.0,"gold_loss":0.0,"damage_taken":0.0,"cards_obtained":["Limit Break"]},{"damage_healed":0,"gold_gain":0,"player_choice":"Shed Blood","damage_taken":20,"max_hp_gain":5,"max_hp_loss":0,"event_name":"Forgotten Altar","floor":20,"gold_loss":0},{"damage_healed":0,"gold_gain":0,"player_choice":"Ignored","damage_taken":0,"max_hp_gain":0,"max_hp_loss":0,"event_name":"NoteForYourself","floor":21,"gold_loss":0}],"is_beta":false,"boss_relics":[{"not_picked":["Tiny House","SlaversCollar"],"picked":"Sozu"}],"items_purged_floors":[22],"is_endless":false,"potions_floor_spawned":[1,5,12,16,18],"killed_by":"Gremlin Leader","ascension_level":0}}