{"host":"gsmj583br51y3r1c","time":1609720581,"event":{"mods":["A Magickal Journey","AchievementEnabler","BaseMod","Better Note","Colored Map","Dio Mod","Downfall","Hermit","Highlight Path","Hubris","Infinite Spire","Marisa????????","Minty Spire (QoL Compilation)","Permanent Neow","Quick Restart","StSLib","The Alterego","The Bug Knight","The Cursed","The Disciple","The Elementalist","The Marked","The Mystic","The Runesmith","The Servant 0.9.4","Unceasing Turn Reminder","everything is the same but u backflip on backflip"],"gold_per_floor":[112,112,129,129,139,151,151,113,113,113,113,131,131,150,150,150,150],"floor_reached":16,"playtime":3045,"items_purged":[],"score":92,"play_id":"f9e3867b-5bb2-4dc0-927a-24fded1b7cd3","local_time":"20210104023621","is_ascension_mode":false,"campfire_choices":[{"floor":7,"key":"RECALL"},{"data":"hermit:Dive","floor":15,"key":"SMITH"}],"circlet_count":0,"master_deck":["elementalist:Water_Emblem","hermit:Strike_Hermit","hermit:Strike_Hermit","hermit:Strike_Hermit","hermit:Defend_Hermit","hermit:Defend_Hermit","hermit:Defend_Hermit","hermit:Defend_Hermit","hermit:Snapshot","hermit:Covet","Parasite","Secret Technique","hermit:Dive+1","hermit:GhostlyPresence","hermit:LowProfile","hermit:Glare","hermit:ShadowCloak","hermit:FlashPowder","Strike_MRS","hermit:TakeAim"],"relics":["hermit:Momento","Letter Opener","elementalistmod:RedRibbon"],"acts_visited":["Exordium"],"potions_floor_usage":[12,16,16],"damage_taken":[{"damage":1,"enemies":"Cultist","floor":1,"turns":3},{"damage":0,"enemies":"2 Louse","floor":3,"turns":3},{"damage":0,"enemies":"Jaw Worm","floor":5,"turns":4},{"damage":13,"enemies":"Large Slime","floor":6,"turns":10},{"damage":0,"enemies":"Lots of Slimes","floor":12,"turns":3},{"damage":0,"enemies":"2 Fungi Beasts","floor":14,"turns":4},{"damage":63,"enemies":"Hexaghost","floor":16,"turns":19}],"seed_played":"8488546338935905467","potions_obtained":[{"floor":1,"key":"CultistPotion"},{"floor":6,"key":"Dexterity Potion"},{"floor":14,"key":"PowerPotion"}],"is_trial":false,"path_per_floor":["M","$","M","T","M","M","R","$","T","?","?","M","?","M","R","B"],"character_chosen":"HERMIT","items_purchased":["hermit:ShadowCloak"],"campfire_rested":0,"item_purchase_floors":[8],"current_hp_per_floor":[74,74,74,74,74,61,61,61,61,61,61,61,61,61,61,0,0],"gold":150,"neow_bonus":"RANDOM_COLORLESS_2","is_daily":false,"chose_seed":false,"campfire_upgraded":1,"win_rate":0.0,"timestamp":1609720581,"path_taken":["M","?","M","?","?","M","R","$","T","?","?","M","?","M","R","BOSS"],"items_purchased_type":["Card"],"build_version":"2020-12-22","purchased_purges":0,"victory":false,"max_hp_per_floor":[75,75,75,75,75,75,75,75,75,75,75,75,75,75,75,75,75],"card_choices":[{"not_picked":["HandOfGreed","Violence"],"picked":"Secret Technique","floor":0},{"not_picked":["hermit:Misfire","hermit:LuckOfTheDraw"],"picked":"hermit:Dive","floor":1},{"not_picked":["hermit:Horror","hermit:Enervate"],"picked":"hermit:GhostlyPresence","floor":3},{"not_picked":["hermit:Desperado","hermit:Misfire"],"picked":"hermit:LowProfile","floor":5},{"not_picked":["hermit:Cheat","hermit:Misfire"],"picked":"hermit:Glare","floor":6},{"not_picked":["hermit:Feint","hermit:Shortfuse","hermit:Spite"],"picked":"SKIP","floor":12},{"not_picked":["hermit:Manifest","hermit:Headshot"],"picked":"hermit:TakeAim","floor":14}],"player_experience":296821,"relics_obtained":[{"floor":9,"key":"Letter Opener"}],"event_choices":[{"damage_healed":0,"gold_gain":0,"cards_transformed":["hermit:Strike_Hermit"],"player_choice":"Change","damage_taken":0,"max_hp_gain":0,"max_hp_loss":0,"event_name":"Living Wall","floor":11,"gold_loss":0,"cards_obtained":["hermit:FlashPowder"]},{"damage_healed":0,"gold_gain":0,"player_choice":"Take","damage_taken":0,"max_hp_gain":0,"max_hp_loss":0,"event_name":"betterNote:BetterNote","floor":13,"gold_loss":0,"cards_obtained":["Strike_MRS"]}],"is_beta":false,"boss_relics":[],"items_purged_floors":[],"is_endless":false,"potions_floor_spawned":[1,6,14],"killed_by":"Hexaghost","ascension_level":0}}