{"host":"gkp57zoegrd3f2ij","time":1609787028,"event":{"mods":["BaseMod","Colored Map","Colored Powertips","Minty Spire (QoL Compilation)","StSLib"],"gold_per_floor":[115,115,115,138,150,150,176,176,176,209,221,221,11,0,0,103,103,88,3,3,20,20,20,49,49,76,92,92,119,145,159,159,255,255,275,292,242,242,292,292,292,323,369,369,404,404,16,36,36,36],"floor_reached":51,"playtime":5083,"items_purged":["Strike_R","Strike_R"],"score":836,"play_id":"34d73ef1-1cab-4adb-ae21-1ec49aa9826b","local_time":"20210104200348","is_ascension_mode":true,"campfire_choices":[{"data":"True Grit","floor":6,"key":"SMITH"},{"floor":8,"key":"REST"},{"floor":12,"key":"REST"},{"floor":15,"key":"REST"},{"floor":23,"key":"REST"},{"floor":28,"key":"REST"},{"floor":32,"key":"REST"},{"data":"Barricade","floor":40,"key":"SMITH"},{"data":"Flame Barrier","floor":46,"key":"SMITH"},{"floor":49,"key":"REST"}],"circlet_count":0,"master_deck":["Strike_R","Strike_R","Strike_R","Defend_R","Defend_R","Defend_R","Bash","Clothesline+1","True Grit+1","Reaper","Ghostly Armor","Flame Barrier+1","Cleave","Disarm","Immolate","Flame Barrier","Anger+1","Shrug It Off","Iron Wave","True Grit+1","Barricade+1","Armaments+1","Body Slam+1","Metallicize+1","Impervious","Flame Barrier+1"],"relics":["Burning Blood","Smiling Mask","Omamori","InkBottle","Unceasing Top","WingedGreaves","Happy Flower","SlaversCollar","MealTicket","Gambling Chip","Enchiridion","Bag of Preparation","Juzu Bracelet","Red Skull","Blood Vial","Runic Cube","CaptainsWheel","Torii","Art of War","Ancient Tea Set","Bottled Lightning"],"acts_visited":["Exordium","TheCity","TheBeyond"],"potions_floor_usage":[10,10,24,30,33,41,42],"damage_taken":[{"damage":8,"enemies":"Small Slimes","floor":1,"turns":4},{"damage":2,"enemies":"Jaw Worm","floor":5,"turns":4},{"damage":59,"enemies":"Lagavulin","floor":7,"turns":10},{"damage":46,"enemies":"3 Sentries","floor":10,"turns":12},{"damage":0,"enemies":"Cultist","floor":11,"turns":4},{"damage":3,"enemies":"Looter","floor":14,"turns":4},{"damage":75,"enemies":"The Guardian","floor":16,"turns":23},{"damage":13,"enemies":"2 Thieves","floor":18,"turns":4},{"damage":34,"enemies":"Spheric Guardian","floor":21,"turns":6},{"damage":38,"enemies":"Slavers","floor":24,"turns":6},{"damage":13,"enemies":"Snecko","floor":27,"turns":6},{"damage":39,"enemies":"Book of Stabbing","floor":30,"turns":7},{"damage":15,"enemies":"Snake Plant","floor":31,"turns":5},{"damage":6,"enemies":"Champ","floor":33,"turns":20},{"damage":0,"enemies":"Orb Walker","floor":35,"turns":5},{"damage":11,"enemies":"3 Shapes","floor":36,"turns":5},{"damage":0,"enemies":"Mind Bloom Boss Battle","floor":39,"turns":11},{"damage":24,"enemies":"Writhing Mass","floor":41,"turns":5},{"damage":36,"enemies":"Reptomancer","floor":42,"turns":11},{"damage":14,"enemies":"Nemesis","floor":45,"turns":15},{"damage":80,"enemies":"Transient","floor":48,"turns":5},{"damage":14,"enemies":"Time Eater","floor":50,"turns":15}],"seed_played":"-40372487815394057","potions_obtained":[{"floor":5,"key":"SkillPotion"},{"floor":7,"key":"Strength Potion"},{"floor":11,"key":"ColorlessPotion"},{"floor":16,"key":"SpeedPotion"},{"floor":21,"key":"FairyPotion"},{"floor":30,"key":"SmokeBomb"},{"floor":31,"key":"SneckoOil"},{"floor":33,"key":"Fire Potion"}],"is_trial":false,"path_per_floor":["M","?","?","T","M","R","E","R","T","E","M","R","$","M","R","B",null,"M","?","?","M","?","R","E","$","T","M","R","T","E","M","R","B",null,"M","M","$","?","?","R","M","E","T","?","E","R","$","M","R","B",null],"character_chosen":"IRONCLAD","items_purchased":["Happy Flower","Cleave","Bottled Lightning","Impervious"],"campfire_rested":7,"item_purchase_floors":[13,13,47,47],"current_hp_per_floor":[86,86,68,68,72,72,19,45,45,17,27,53,53,62,88,23,88,81,81,81,53,37,63,40,55,55,48,74,74,50,47,73,75,88,88,83,88,88,88,88,70,63,63,63,61,61,76,32,58,52],"gold":36,"neow_bonus":"TEN_PERCENT_HP_BONUS","is_daily":false,"chose_seed":false,"campfire_upgraded":3,"win_rate":0.0,"timestamp":1609787028,"path_taken":["M","?","?","?","M","R","E","R","T","E","?","R","$","M","R","BOSS","M","?","?","?","?","R","E","$","T","M","R","?","E","M","R","BOSS","M","M","$","?","?","R","M","E","T","?","E","R","?","M","R","BOSS"],"items_purchased_type":["Relic","Card","Relic","Card"],"build_version":"2020-12-22","purchased_purges":2,"victory":true,"max_hp_per_floor":[88,88,88,88,88,88,88,88,88,88,88,88,88,88,88,88,88,88,88,88,88,88,88,88,88,88,88,88,88,88,88,88,88,88,88,88,88,88,88,88,88,88,88,88,88,88,88,88,88,88],"card_choices":[{"not_picked":["Shrug It Off","True Grit"],"picked":"Clothesline","floor":1},{"not_picked":["Blood for Blood","Anger"],"picked":"True Grit","floor":5},{"not_picked":["Evolve","Spot Weakness"],"picked":"Reaper","floor":7},{"not_picked":["Seeing Red","Clothesline"],"picked":"Ghostly Armor","floor":10},{"not_picked":["Havoc","Combust"],"picked":"Flame Barrier","floor":11},{"not_picked":["Power Through","Seeing Red"],"picked":"Disarm","floor":14},{"not_picked":["Juggernaut","Brutality"],"picked":"Immolate","floor":16},{"not_picked":["Twin Strike","Wild Strike+1"],"picked":"Flame Barrier","floor":18},{"not_picked":["Twin Strike","Perfected Strike"],"picked":"Anger+1","floor":21},{"not_picked":["Warcry","Disarm"],"picked":"Shrug It Off","floor":24},{"not_picked":["Clothesline","Cleave"],"picked":"Iron Wave","floor":27},{"not_picked":["Cleave","Searing Blow+1","Twin Strike"],"picked":"SKIP","floor":30},{"not_picked":["Uppercut","Second Wind+1"],"picked":"True Grit+1","floor":31},{"not_picked":["Feed","Limit Break"],"picked":"Barricade","floor":33},{"not_picked":["Havoc","Carnage"],"picked":"Armaments+1","floor":35},{"not_picked":["Shockwave","Wild Strike+1"],"picked":"Body Slam+1","floor":36},{"not_picked":["Heavy Blade+1","Rupture","Dropkick+1"],"picked":"SKIP","floor":42},{"not_picked":["Exhume","Iron Wave"],"picked":"Metallicize+1","floor":45},{"not_picked":["Uppercut+1","True Grit"],"picked":"Flame Barrier+1","floor":48}],"player_experience":258323,"relics_obtained":[{"floor":4,"key":"Omamori"},{"floor":7,"key":"InkBottle"},{"floor":9,"key":"Unceasing Top"},{"floor":10,"key":"WingedGreaves"},{"floor":22,"key":"Enchiridion"},{"floor":24,"key":"Bag of Preparation"},{"floor":26,"key":"Juzu Bracelet"},{"floor":29,"key":"Red Skull"},{"floor":30,"key":"Blood Vial"},{"floor":39,"key":"CaptainsWheel"},{"floor":42,"key":"Torii"},{"floor":43,"key":"Art of War"},{"floor":45,"key":"Ancient Tea Set"}],"event_choices":[{"damage_healed":0,"gold_gain":0,"player_choice":"Grow","damage_taken":0,"max_hp_gain":0,"max_hp_loss":0,"event_name":"Living Wall","floor":2,"gold_loss":0,"cards_upgraded":["Clothesline"]},{"damage_healed":0,"gold_gain":0,"player_choice":"Success","damage_taken":18,"relics_obtained":["Smiling Mask"],"max_hp_gain":0,"max_hp_loss":0,"event_name":"Scrap Ooze","floor":3,"gold_loss":0},{"damage_healed":0,"gold_gain":0,"player_choice":"Obtained Relic","damage_taken":0,"relics_obtained":["MealTicket"],"max_hp_gain":0,"max_hp_loss":0,"event_name":"Addict","floor":19,"gold_loss":85},{"damage_healed":0,"gold_gain":0,"player_choice":"Opened","damage_taken":0,"relics_obtained":["Gambling Chip"],"max_hp_gain":0,"max_hp_loss":0,"event_name":"The Mausoleum","floor":20,"gold_loss":0,"cards_obtained":["Writhe"]},{"damage_healed":0,"gold_gain":0,"player_choice":"Obtained Book","damage_taken":16,"max_hp_gain":0,"max_hp_loss":0,"event_name":"Cursed Tome","floor":22,"gold_loss":0},{"damage_healed":0,"gold_gain":0,"player_choice":"Ignored","damage_taken":0,"max_hp_gain":0,"max_hp_loss":0,"event_name":"Mysterious Sphere","floor":38,"gold_loss":0},{"damage_healed":0,"gold_gain":0,"player_choice":"Fight","damage_taken":0,"max_hp_gain":0,"max_hp_loss":0,"event_name":"MindBloom","floor":39,"gold_loss":0},{"cards_removed":["Defend_R"],"damage_healed":0,"gold_gain":0,"player_choice":"Removed Skill","damage_taken":0,"max_hp_gain":0,"max_hp_loss":0,"event_name":"Falling","floor":44,"gold_loss":0}],"is_beta":false,"boss_relics":[{"not_picked":["Black Star","Mark of Pain"],"picked":"SlaversCollar"},{"not_picked":["Runic Dome","Runic Pyramid"],"picked":"Runic Cube"}],"items_purged_floors":[37,47],"is_endless":false,"potions_floor_spawned":[5,7,11,16,21,30,31,33,35,36,39,41],"ascension_level":4}}