{"host":"ewfe3cr33ktd9xzj","time":1609739371,"event":{"mods":["AchievementEnabler","BaseMod","Colored Map","Custom Start","DeckTracker","Minty Spire (QoL Compilation)","Rare Cards Sparkle","StSLib","everything is the same but u backflip on backflip"],"gold_per_floor":[112,412,462,474,74,74,84,96,96,96,96,112,130,145,145,241,241,266,266,266,266,266,266],"floor_reached":22,"playtime":520,"items_purged":[],"score":352,"play_id":"1d020a6a-e940-4c72-a418-3fd7a8ade997","local_time":"20210104144931","is_ascension_mode":true,"campfire_choices":[{"data":"Dagger Spray","floor":6.0,"key":"SMITH"},{"data":"Poisoned Stab","floor":11.0,"key":"SMITH"},{"floor":15.0,"key":"REST"}],"circlet_count":0,"master_deck":["AscendersBane","Strike_G","Strike_G","Strike_G","Strike_G","Defend_G","Defend_G","Defend_G","Defend_G","Survivor","Neutralize","Infinite Blades+1","Dagger Spray+1","Poisoned Stab+1","A Thousand Cuts+1","Leg Sweep","Infinite Blades+1","Venomology","Finisher","J.A.X."],"relics":["Empty Cage","Old Coin","Frozen Egg 2","Matryoshka","Golden Idol","Runic Pyramid"],"acts_visited":["TheCity"],"potions_floor_usage":[],"damage_taken":[{"damage":2.0,"enemies":"2 Louse","floor":1.0,"turns":3.0},{"damage":6.0,"enemies":"Cultist","floor":4.0,"turns":5.0},{"damage":4.0,"enemies":"Jaw Worm","floor":7.0,"turns":5.0},{"damage":5.0,"enemies":"3 Louse","floor":8.0,"turns":4.0},{"damage":8.0,"enemies":"2 Fungi Beasts","floor":12.0,"turns":4.0},{"damage":8.0,"enemies":"Lots of Slimes","floor":13.0,"turns":2.0},{"damage":2.0,"enemies":"Exordium Wildlife","floor":14.0,"turns":3.0},{"damage":28.0,"enemies":"Hexaghost","floor":16.0,"turns":8.0},{"damage":29.0,"enemies":"3 Byrds","floor":18.0,"turns":4.0},{"damage":16,"enemies":"Shell Parasite","floor":22,"turns":2}],"seed_played":"-730664605896315810","potions_obtained":[{"floor":8.0,"key":"FearPotion"},{"floor":12.0,"key":"LiquidMemories"},{"floor":13.0,"key":"LiquidMemories"},{"floor":18.0,"key":"EssenceOfSteel"},{"floor":21,"key":"GhostInAJar"}],"is_trial":false,"path_per_floor":["M","?","?","M","$","R","M","M","T","?","R","M","M","M","R","B",null,"M","?","?","?","M"],"character_chosen":"THE_SILENT","items_purchased":["Frozen Egg 2","Infinite Blades+1","Dagger Spray"],"campfire_rested":1,"item_purchase_floors":[5,5,5],"current_hp_per_floor":[57,52,52,46,46,46,42,37,37,37,37,29,21,19,37,9,47,18,18,18,18,2,2],"gold":266,"neow_bonus":"BOSS_RELIC","is_daily":false,"chose_seed":false,"campfire_upgraded":2,"win_rate":0.0,"timestamp":1609739371,"path_taken":["M","?","?","M","$","R","M","?","T","?","R","M","M","M","R","BOSS","M","?","?","?","?"],"items_purchased_type":["Relic","Card","Card"],"build_version":"2020-12-22","purchased_purges":0,"victory":false,"max_hp_per_floor":[66,66,66,66,66,66,66,66,66,60,60,60,60,60,60,60,60,60,60,60,60,60,60],"card_choices":[{"not_picked":["Outmaneuver","Slice","Terror"],"picked":"SKIP","floor":1.0},{"not_picked":["Finisher","Dodge and Roll","Bane"],"picked":"SKIP","floor":4.0},{"not_picked":["Deadly Poison","Flying Knee"],"picked":"Poisoned Stab","floor":7.0},{"not_picked":["Eviscerate","Riddle With Holes"],"picked":"A Thousand Cuts+1","floor":8.0},{"not_picked":["Underhanded Strike","Prepared"],"picked":"Leg Sweep","floor":12.0},{"not_picked":["Underhanded Strike","Outmaneuver","Flying Knee"],"picked":"SKIP","floor":13.0},{"not_picked":["Choke","Quick Slash"],"picked":"Infinite Blades+1","floor":14.0},{"not_picked":["Doppelganger","Glass Knife"],"picked":"Venomology","floor":16.0},{"not_picked":["Deadly Poison","Quick Slash"],"picked":"Finisher","floor":18.0}],"player_experience":516,"relics_obtained":[{"floor":9.0,"key":"Matryoshka"}],"event_choices":[{"damage_healed":0.0,"max_hp_gain":0.0,"max_hp_loss":0.0,"gold_gain":0.0,"event_name":"Scrap Ooze","player_choice":"Success","floor":2.0,"gold_loss":0.0,"damage_taken":5.0,"relics_obtained":["Old Coin"]},{"damage_healed":0.0,"max_hp_gain":0.0,"max_hp_loss":0.0,"gold_gain":50.0,"event_name":"Golden Shrine","player_choice":"Pray","floor":3.0,"gold_loss":0.0,"damage_taken":0.0},{"damage_healed":0.0,"max_hp_gain":0.0,"max_hp_loss":6.0,"gold_gain":0.0,"event_name":"Golden Idol","player_choice":"Lose Max HP","floor":10.0,"gold_loss":0.0,"damage_taken":0.0,"relics_obtained":["Golden Idol"]},{"damage_healed":0.0,"max_hp_gain":0.0,"max_hp_loss":0.0,"gold_gain":0.0,"event_name":"Vampires","player_choice":"Ignored","floor":19.0,"gold_loss":0.0,"damage_taken":0.0},{"damage_healed":0,"gold_gain":0,"player_choice":"Obtain J.A.X.","damage_taken":0,"max_hp_gain":0,"max_hp_loss":0,"event_name":"Drug Dealer","floor":20,"gold_loss":0,"cards_obtained":["J.A.X."]},{"damage_healed":0,"gold_gain":0,"player_choice":"Got Potions","damage_taken":0,"max_hp_gain":0,"max_hp_loss":0,"event_name":"Lab","floor":21,"gold_loss":0}],"is_beta":false,"boss_relics":[{"not_picked":["SlaversCollar","Sozu"],"picked":"Runic Pyramid"}],"items_purged_floors":[],"is_endless":false,"potions_floor_spawned":[8,12,13,18],"killed_by":"Shell Parasite","ascension_level":20}}