{"host":"tw7a6rmo9h75ssrt","time":1609787726,"event":{"mods":["AchievementEnabler","Act Like it!","BaseMod","Colored Map","Highlight Path","Minty Spire (QoL Compilation)","Permanent Neow","Quick Restart","Relic Stats","SuperFastMode"],"gold_per_floor":[113,113,131,206,206,206,77,77,77,77,92,192,192,208,208,305,305,325,325,337,337,211,211,246,246,246,246,261,281,12,31,31,129,129,144,194,194,194,213,213,63,63,63,78,98,98,115,129,129,129],"floor_reached":51,"playtime":2213,"items_purged":["Strike_R","Decay","Heavy Blade","Strike_R"],"score":853,"play_id":"d8ecf188-c9b8-4f6e-941e-5d402de04f9f","local_time":"20210105031526","is_ascension_mode":true,"campfire_choices":[{"data":"Flame Barrier","floor":6.0,"key":"SMITH"},{"data":"Bash","floor":8.0,"key":"SMITH"},{"data":"Shrug It Off","floor":13.0,"key":"SMITH"},{"data":"Searing Blow","floor":15.0,"key":"SMITH"},{"data":"Searing Blow+1","floor":23.0,"key":"SMITH"},{"data":"Searing Blow+2","floor":25.0,"key":"SMITH"},{"data":"Searing Blow+3","floor":27.0,"key":"SMITH"},{"data":"Searing Blow+4","floor":32.0,"key":"SMITH"},{"data":"Armaments","floor":40.0,"key":"SMITH"},{"data":"Searing Blow+5","floor":42.0,"key":"SMITH"},{"data":"Searing Blow+6","floor":46.0,"key":"SMITH"},{"data":"Searing Blow+7","floor":49.0,"key":"SMITH"}],"circlet_count":0,"master_deck":["Defend_R","Defend_R","Defend_R","Defend_R","Bash+1","Flame Barrier+1","Shrug It Off+1","Searing Blow+8","Shrug It Off","Inflame","Barricade","Entrench+1","Armaments+1","Parasite","Pommel Strike+1"],"relics":["Snecko Eye","Bottled Lightning","Cursed Key","Pantograph","ClockworkSouvenir","Mark of Pain","Girya"],"acts_visited":["Exordium","TheCity","TheBeyond"],"potions_floor_usage":[50],"damage_taken":[{"damage":2.0,"enemies":"Jaw Worm","floor":1.0,"turns":3.0},{"damage":1.0,"enemies":"Cultist","floor":3.0,"turns":4.0},{"damage":3.0,"enemies":"2 Louse","floor":11.0,"turns":2.0},{"damage":0.0,"enemies":"2 Fungi Beasts","floor":14.0,"turns":2.0},{"damage":35.0,"enemies":"Slime Boss","floor":16.0,"turns":12.0},{"damage":0.0,"enemies":"3 Byrds","floor":18.0,"turns":3.0},{"damage":5.0,"enemies":"Spheric Guardian","floor":20.0,"turns":5.0},{"damage":22.0,"enemies":"Gremlin Leader","floor":24.0,"turns":6.0},{"damage":0.0,"enemies":"Snake Plant","floor":28.0,"turns":2.0},{"damage":1.0,"enemies":"Sentry and Sphere","floor":29.0,"turns":5.0},{"damage":0.0,"enemies":"Cultist and Chosen","floor":31.0,"turns":4.0},{"damage":0.0,"enemies":"Collector","floor":33.0,"turns":9.0},{"damage":0.0,"enemies":"Orb Walker","floor":35.0,"turns":3.0},{"damage":0.0,"enemies":"Mind Bloom Boss Battle","floor":36.0,"turns":12.0},{"damage":0.0,"enemies":"3 Shapes","floor":39.0,"turns":3.0},{"damage":0.0,"enemies":"Spire Growth","floor":44.0,"turns":4.0},{"damage":0.0,"enemies":"3 Darklings","floor":45.0,"turns":5.0},{"damage":0.0,"enemies":"Writhing Mass","floor":47.0,"turns":6.0},{"damage":12.0,"enemies":"Spire Growth","floor":48.0,"turns":6.0},{"damage":0,"enemies":"Time Eater","floor":50,"turns":11}],"seed_played":"-5180518726316118824","potions_obtained":[{"floor":3.0,"key":"EssenceOfSteel"},{"floor":16.0,"key":"BlessingOfTheForge"},{"floor":28.0,"key":"PowerPotion"},{"floor":29.0,"key":"SmokeBomb"},{"floor":36.0,"key":"EssenceOfSteel"},{"floor":44.0,"key":"AttackPotion"}],"is_trial":false,"path_per_floor":["M","?","M","?","?","R","$","R","T","?","M","?","R","M","R","B",null,"M","T","M","?","$","R","E","R","T","R","M","M","$","M","R","B",null,"M","?","?","?","M","R","$","R","T","M","M","R","M","M","R","B",null],"character_chosen":"IRONCLAD","items_purchased":["Shrug It Off","Shrug It Off","ClockworkSouvenir"],"campfire_rested":0,"item_purchase_floors":[7,22,30],"current_hp_per_floor":[78,78,77,66,66,66,66,66,66,66,63,63,63,63,63,28,80,80,80,75,75,75,75,53,53,53,53,53,52,52,52,52,77,80,80,80,80,80,80,80,80,80,80,80,80,80,80,68,68,80],"gold":129,"neow_bonus":"BOSS_RELIC","is_daily":false,"chose_seed":false,"campfire_upgraded":12,"win_rate":0.0,"timestamp":1609787726,"path_taken":["M","?","?","?","?","R","$","R","T","?","M","?","R","M","R","BOSS","M","?","M","?","$","R","E","R","T","R","?","M","?","M","R","BOSS","M","?","?","?","?","R","$","R","T","M","M","R","M","M","R","BOSS"],"items_purchased_type":["Card","Card","Relic"],"build_version":"2020-12-22","purchased_purges":4,"victory":true,"max_hp_per_floor":[80,80,80,80,80,80,80,80,80,80,80,80,80,80,80,80,80,80,80,80,80,80,80,80,80,80,80,80,80,80,80,80,80,80,80,80,80,80,80,80,80,80,80,80,80,80,80,80,80,80],"relic_stats":{"counters":[20,107],"Pantograph":37,"Snecko Eye":[185,197,192,183],"Cursed Key":0,"obtain_stats":[{"Girya":36,"Pantograph":24,"Snecko Eye":0,"Mark of Pain":34,"Bottled Lightning":9,"Cursed Key":17,"Burning Blood":0,"ClockworkSouvenir":30},{"Girya":14,"Pantograph":8,"Snecko Eye":0,"Mark of Pain":12,"Bottled Lightning":2,"Cursed Key":5,"Burning Blood":0,"ClockworkSouvenir":10},{"Girya":72,"Pantograph":37,"Snecko Eye":0,"Mark of Pain":57,"Bottled Lightning":7,"Cursed Key":23,"Burning Blood":0,"ClockworkSouvenir":44}]},"card_choices":[{"not_picked":["True Grit","Headbutt","Flame Barrier"],"picked":"SKIP","floor":1.0},{"not_picked":["True Grit","Headbutt"],"picked":"Flame Barrier","floor":1.0},{"not_picked":["Anger","Flex","True Grit"],"picked":"SKIP","floor":3.0},{"not_picked":["Reckless Charge","Blood for Blood"],"picked":"Heavy Blade","floor":11.0},{"not_picked":["Body Slam","Anger"],"picked":"Searing Blow","floor":14.0},{"not_picked":["Iron Wave","Burning Pact+1","Sever Soul"],"picked":"SKIP","floor":18.0},{"not_picked":["Searing Blow","Havoc+1","True Grit+1"],"picked":"SKIP","floor":20.0},{"not_picked":["Blood for Blood","Clash","Wild Strike"],"picked":"SKIP","floor":24.0},{"not_picked":["Spot Weakness","Body Slam","Cleave"],"picked":"SKIP","floor":28.0},{"not_picked":["Uppercut+1","Wild Strike+1"],"picked":"Inflame","floor":29.0},{"not_picked":["Sentinel+1","Spot Weakness+1","Corruption"],"picked":"SKIP","floor":31.0},{"not_picked":["Fiend Fire","Berserk"],"picked":"Barricade","floor":33.0},{"not_picked":["Heavy Blade+1","Anger+1"],"picked":"Entrench+1","floor":35.0},{"not_picked":["Disarm","Carnage+1"],"picked":"Armaments","floor":36.0},{"not_picked":["Heavy Blade","Whirlwind","Warcry+1"],"picked":"SKIP","floor":39.0},{"not_picked":["Clothesline","Anger+1","Entrench"],"picked":"SKIP","floor":44.0},{"not_picked":["Heavy Blade","Feel No Pain","Anger"],"picked":"SKIP","floor":45.0},{"not_picked":["Dark Embrace","Searing Blow"],"picked":"Pommel Strike+1","floor":47.0},{"not_picked":["Havoc","Armaments","Infernal Blade+1"],"picked":"SKIP","floor":48.0}],"player_experience":10085,"relics_obtained":[{"floor":9.0,"key":"Bottled Lightning"},{"floor":24.0,"key":"Pantograph"},{"floor":36.0,"key":"Girya"}],"event_choices":[{"cards_removed":["Strike_R"],"damage_healed":0.0,"max_hp_gain":0.0,"max_hp_loss":0.0,"gold_gain":0.0,"event_name":"Purifier","player_choice":"Purged","floor":2.0,"gold_loss":0.0,"damage_taken":0.0},{"damage_healed":0.0,"max_hp_gain":0.0,"max_hp_loss":0.0,"gold_gain":75.0,"event_name":"World of Goop","player_choice":"Gather Gold","floor":4.0,"gold_loss":0.0,"damage_taken":11.0},{"cards_removed":["Strike_R"],"damage_healed":0.0,"max_hp_gain":0.0,"max_hp_loss":0.0,"gold_gain":0.0,"event_name":"Living Wall","player_choice":"Forget","floor":5.0,"gold_loss":0.0,"damage_taken":0.0},{"damage_healed":0.0,"max_hp_gain":0.0,"max_hp_loss":0.0,"gold_gain":0.0,"event_name":"Liars Game","player_choice":"Ignored","floor":10.0,"gold_loss":0.0,"damage_taken":0.0},{"damage_healed":0.0,"max_hp_gain":0.0,"max_hp_loss":0.0,"gold_gain":100.0,"event_name":"Golden Shrine","player_choice":"Pray","floor":12.0,"gold_loss":0.0,"damage_taken":0.0},{"damage_healed":0.0,"max_hp_gain":0.0,"max_hp_loss":0.0,"gold_gain":0.0,"event_name":"Forgotten Altar","player_choice":"Smashed Altar","floor":21.0,"gold_loss":0.0,"damage_taken":0.0,"cards_obtained":["Decay"]},{"damage_healed":0.0,"max_hp_gain":0.0,"max_hp_loss":0.0,"gold_gain":0.0,"event_name":"MindBloom","player_choice":"Fight","floor":36.0,"gold_loss":0.0,"damage_taken":0.0},{"cards_removed":["Strike_R"],"damage_healed":0.0,"max_hp_gain":0.0,"max_hp_loss":0.0,"gold_gain":0.0,"event_name":"Falling","player_choice":"Removed Attack","floor":37.0,"gold_loss":0.0,"damage_taken":0.0},{"damage_healed":0.0,"max_hp_gain":0.0,"max_hp_loss":0.0,"gold_gain":0.0,"event_name":"Tomb of Lord Red Mask","player_choice":"Ignored","floor":38.0,"gold_loss":0.0,"damage_taken":0.0}],"is_beta":false,"boss_relics":[{"not_picked":["Tiny House","Astrolabe"],"picked":"Cursed Key"},{"not_picked":["Coffee Dripper","Black Star"],"picked":"Mark of Pain"}],"items_purged_floors":[7,22,30,41],"is_endless":false,"potions_floor_spawned":[3,16,28,29,36,39,44],"ascension_level":2}}