{"host":"sup1rd0ujr5jgopq","time":1609730334,"event":{"mods":["BaseMod","Colored Map","Downfall","Minty Spire (QoL Compilation)","StSLib"],"gold_per_floor":[99,114,133,153,153,153,153,153,173,193,193,12,12,29,49,49,49,49],"floor_reached":16,"playtime":1375,"items_purged":["Pain"],"score":194,"play_id":"afb75048-0d24-49f1-8866-3995aff062a8","local_time":"20210103221854","is_ascension_mode":false,"campfire_choices":[{"data":"hexamod:Sear","floor":1,"key":"SMITH"},{"data":"hexamod:SearingWound","floor":11,"key":"SMITH"},{"data":"hexamod:RetreatToShadows","floor":13,"key":"SMITH"}],"circlet_count":0,"master_deck":["hexamod:Strike","hexamod:Strike","hexamod:Strike","hexamod:Strike","hexamod:Defend","hexamod:Defend","hexamod:Defend","hexamod:Defend","hexamod:Sear+1","hexamod:Float+1","hexamod:GhostflameBarrier","hexamod:SoulSteal","hexamod:ThermalTransfer","downfall:Bewildered","Pain","downfall:Icky","Writhe","hexamod:SearingWound+1","downfall:Icky","hexamod:ThermalTransfer","hexamod:BurningTouch","hexamod:AdvancingGuard","hexamod:SwordOfDarkness","hexamod:RetreatToShadows+1","hexamod:TimeOfNeed","hexamod:Firestarter"],"relics":["hexamod:SpiritBrand","Cursed Key","White Beast Statue","Bird Faced Urn"],"acts_visited":["Exordium"],"potions_floor_usage":[16,16],"damage_taken":[{"damage":1,"enemies":"Jaw Worm","floor":2,"turns":4},{"damage":2,"enemies":"2 Louse","floor":3,"turns":3},{"damage":0,"enemies":"Small Slimes","floor":4,"turns":3},{"damage":6,"enemies":"2 Fungi Beasts","floor":9,"turns":4},{"damage":7,"enemies":"Blue Slaver","floor":10,"turns":3},{"damage":6,"enemies":"downfall:FleeingMerchant","floor":12,"turns":4},{"damage":21,"enemies":"Lots of Slimes","floor":14,"turns":3},{"damage":4,"enemies":"Large Slime","floor":15,"turns":6},{"damage":26,"enemies":"downfall:Silent","floor":16,"turns":8}],"seed_played":"-1552005379086420424","potions_obtained":[{"floor":2,"key":"bronze:BurnAndBuffPotion"},{"floor":9,"key":"Ancient Potion"},{"floor":10,"key":"PowerPotion"},{"floor":12,"key":"FearPotion"},{"floor":14,"key":"hexamod:InfernoChargePotion"}],"is_trial":false,"path_per_floor":["R","M","M","M","?","?","T","?","M","M","R","$","R","M","M","B"],"character_chosen":"THE_SPIRIT","items_purchased":["hexamod:SwordOfDarkness","hexamod:RetreatToShadows"],"campfire_rested":0,"item_purchase_floors":[12,12],"current_hp_per_floor":[70,69,67,67,67,67,67,64,58,51,51,45,45,24,22,0,0,0],"gold":49,"neow_bonus":"UPGRADE_CARD","is_daily":false,"chose_seed":false,"campfire_upgraded":3,"win_rate":0.0,"timestamp":1609730334,"path_taken":["R","M","M","M","?","?","T","?","M","?","R","$","R","M","M","BOSS"],"items_purchased_type":["Card","Card"],"build_version":"2020-12-13","purchased_purges":1,"victory":false,"max_hp_per_floor":[70,70,70,70,70,70,70,70,70,70,70,70,70,70,70,70,70,70],"card_choices":[{"not_picked":["hexamod:ThermalTransfer","hexamod:Firestarter"],"picked":"hexamod:GhostflameBarrier","floor":2},{"not_picked":["hexamod:FastForward","hexamod:HeatCrush"],"picked":"hexamod:SoulSteal","floor":3},{"not_picked":["hexamod:ShieldOfDarkness","hexamod:FourthSeal"],"picked":"hexamod:ThermalTransfer","floor":4},{"not_picked":["hexamod:SwordOfDarkness","hexamod:Incineration"],"picked":"hexamod:ThermalTransfer","floor":9},{"not_picked":["hexamod:SwordOfDarkness","hexamod:AdvancingGuard"],"picked":"hexamod:BurningTouch","floor":10},{"not_picked":["hexamod:ShieldOfDarkness","hexamod:GhostShield"],"picked":"hexamod:AdvancingGuard","floor":12},{"not_picked":["hexamod:GhostShield","hexamod:Firestarter"],"picked":"hexamod:TimeOfNeed","floor":14},{"not_picked":["hexamod:ThermalTransfer","hexamod:GhostOfSpirePast"],"picked":"hexamod:Firestarter","floor":15}],"player_experience":50908,"relics_obtained":[{"floor":7,"key":"White Beast Statue"}],"event_choices":[{"damage_healed":0,"gold_gain":0,"player_choice":"Success","damage_taken":3,"relics_obtained":["Bird Faced Urn"],"max_hp_gain":0,"max_hp_loss":0,"event_name":"Scrap Ooze","floor":8,"gold_loss":0}],"is_beta":false,"boss_relics":[],"items_purged_floors":[12],"is_endless":false,"potions_floor_spawned":[2,9,10,12,14,15],"killed_by":"downfall:Silent","ascension_level":0}}