{"host":"94aus4jnk6thj94q","time":1609794181,"event":{"mods":["BaseMod","Minty Spire (QoL Compilation)","Quick Restart","StSLib"],"gold_per_floor":[209,209,222,239,19,19,19,45,68,79,79,79,79,79,79,180,180,198,214,214,232,5,5,16,16,16,16,27,47,47,47,47],"floor_reached":31,"playtime":1245,"items_purged":[],"score":235,"play_id":"091f66e0-f683-4d8f-a925-63130bfd3949","local_time":"20210104230301","is_ascension_mode":false,"campfire_choices":[{"data":"Defragment","floor":7,"key":"SMITH"},{"floor":11,"key":"REST"},{"data":"Zap","floor":15,"key":"SMITH"},{"floor":23,"key":"REST"},{"floor":27,"key":"REST"},{"floor":30,"key":"REST"}],"circlet_count":0,"master_deck":["Strike_B","Strike_B","Strike_B","Strike_B","Defend_B","Defend_B","Defend_B","Defend_B","Zap+1","Dualcast","Redo","Ball Lightning","Defragment+1","Echo Form","Melter","Coolheaded"],"relics":["Cracked Core","Sling","Omamori","Inserter","Membership Card","Juzu Bracelet","Oddly Smooth Stone"],"acts_visited":["Exordium","TheCity"],"potions_floor_usage":[8,8,16,24,24],"damage_taken":[{"damage":1,"enemies":"Jaw Worm","floor":1,"turns":3},{"damage":0,"enemies":"Small Slimes","floor":3,"turns":2},{"damage":1,"enemies":"Cultist","floor":4,"turns":3},{"damage":13,"enemies":"Lagavulin","floor":8,"turns":5},{"damage":34,"enemies":"Gremlin Gang","floor":10,"turns":4},{"damage":22,"enemies":"The Guardian","floor":16,"turns":10},{"damage":29,"enemies":"Spheric Guardian","floor":18,"turns":5},{"damage":14,"enemies":"Shell Parasite","floor":19,"turns":4},{"damage":15,"enemies":"Snake Plant","floor":21,"turns":4},{"damage":8,"enemies":"Centurion and Healer","floor":24,"turns":6},{"damage":31,"enemies":"Shelled Parasite and Fungi","floor":28,"turns":6},{"damage":18,"enemies":"Snake Plant","floor":29,"turns":5},{"damage":13,"enemies":"Cultist and Chosen","floor":31,"turns":4}],"seed_played":"7844148067054727523","potions_obtained":[{"floor":3,"key":"SpeedPotion"},{"floor":4,"key":"Strength Potion"},{"floor":10,"key":"ColorlessPotion"},{"floor":19,"key":"BlessingOfTheForge"},{"floor":21,"key":"Dexterity Potion"},{"floor":28,"key":"Energy Potion"},{"floor":29,"key":"FairyPotion"}],"is_trial":false,"path_per_floor":["M","$","M","M","$","?","R","E","T","M","R","?","?","?","R","B",null,"M","M","?","M","$","R","M","?","T","R","M","M","R","M"],"character_chosen":"DEFECT","items_purchased":["Defragment","Sling","Membership Card","Juzu Bracelet"],"campfire_rested":4,"item_purchase_floors":[5,5,22,22],"current_hp_per_floor":[74,74,74,73,73,73,73,60,60,26,48,66,66,71,71,49,80,51,37,37,22,22,46,38,64,64,80,49,31,55,42,42],"gold":47,"neow_bonus":"HUNDRED_GOLD","is_daily":false,"chose_seed":false,"campfire_upgraded":2,"win_rate":0.0,"timestamp":1609794181,"path_taken":["M","$","M","M","$","?","R","E","T","M","R","?","?","?","R","BOSS","M","M","?","?","$","R","M","?","T","R","M","M","R","M"],"items_purchased_type":["Card","Relic","Relic","Relic"],"build_version":"2020-12-22","purchased_purges":0,"victory":false,"max_hp_per_floor":[75,75,75,75,75,75,75,75,75,75,75,75,75,80,80,80,80,80,80,80,80,80,80,80,80,80,80,80,80,80,80,80],"card_choices":[{"not_picked":["Go for the Eyes","Aggregate"],"picked":"Redo","floor":1},{"not_picked":["Recycle","Barrage","Storm"],"picked":"SKIP","floor":3},{"not_picked":["Storm","Sweeping Beam"],"picked":"Ball Lightning","floor":4},{"not_picked":["Sweeping Beam","Steam Power","Turbo"],"picked":"SKIP","floor":8},{"not_picked":["Stack","Gash","Hello World"],"picked":"SKIP","floor":10},{"not_picked":["Biased Cognition","Amplify"],"picked":"Echo Form","floor":16},{"not_picked":["Steam","Gash"],"picked":"Melter","floor":18},{"not_picked":["Hologram","Heatsinks"],"picked":"Coolheaded","floor":19},{"not_picked":["Storm+1","Turbo","Rebound"],"picked":"SKIP","floor":21},{"not_picked":["Beam Cell","Skim","Barrage"],"picked":"SKIP","floor":24},{"not_picked":["FTL+1","Beam Cell","Barrage"],"picked":"SKIP","floor":28},{"not_picked":["Coolheaded","Gash","Sweeping Beam"],"picked":"SKIP","floor":29}],"player_experience":5688745,"relics_obtained":[{"floor":8,"key":"Omamori"},{"floor":26,"key":"Oddly Smooth Stone"}],"event_choices":[{"damage_healed":0,"gold_gain":0,"player_choice":"Fled","damage_taken":0,"max_hp_gain":0,"max_hp_loss":0,"event_name":"Scrap Ooze","floor":6,"gold_loss":0},{"damage_healed":18,"gold_gain":0,"player_choice":"Healed and dodged fight","damage_taken":0,"max_hp_gain":0,"max_hp_loss":0,"event_name":"Mushrooms","floor":12,"gold_loss":0,"cards_obtained":["Parasite"]},{"damage_healed":0,"gold_gain":0,"player_choice":"Ignored","damage_taken":0,"max_hp_gain":0,"max_hp_loss":0,"event_name":"Shining Light","floor":13,"gold_loss":0},{"damage_healed":0,"gold_gain":0,"player_choice":"Donut","damage_taken":0,"max_hp_gain":5,"max_hp_loss":0,"event_name":"Big Fish","floor":14,"gold_loss":0},{"damage_healed":0,"gold_gain":0,"player_choice":"Ignored","damage_taken":0,"max_hp_gain":0,"max_hp_loss":0,"event_name":"Transmorgrifier","floor":20,"gold_loss":0},{"damage_healed":26,"gold_gain":0,"player_choice":"Heal","damage_taken":0,"max_hp_gain":0,"max_hp_loss":0,"event_name":"The Library","floor":25,"gold_loss":0}],"is_beta":false,"boss_relics":[{"not_picked":["Runic Dome","SacredBark"],"picked":"Inserter"}],"items_purged_floors":[],"is_endless":false,"potions_floor_spawned":[3,4,10,19,21,28,29],"killed_by":"Cultist and Chosen","ascension_level":0}}