{"host":"4sjakdxyb9lejcxv","time":1609728291,"event":{"mods":["BaseMod","Downfall","Minty Spire (QoL Compilation)","StSLib"],"gold_per_floor":[99,99,47,47,64,89,89,89,7,40,40,40,40,69,87,183,183,108,120,120,2,21,32,32,42,42,56,74,88,141,153,165,177,177,177],"floor_reached":33,"playtime":2037,"items_purged":[],"score":290,"play_id":"a7e502c7-e4da-4233-b24d-b975bed690bb","local_time":"20210103214451","is_ascension_mode":false,"campfire_choices":[{"data":"hexamod:Float","floor":1,"key":"SMITH"},{"floor":8,"key":"REST"},{"data":"hexamod:Again","floor":11,"key":"SMITH"},{"data":"hexamod:BurningTouch","floor":13,"key":"SMITH"},{"data":"hexamod:CrushingStance","floor":18,"key":"SMITH"},{"data":"hexamod:PhantomCloak","floor":26,"key":"SMITH"}],"circlet_count":0,"master_deck":["hexamod:Strike","hexamod:Strike+1","hexamod:Defend","hexamod:Defend","hexamod:Defend","hexamod:Defend","hexamod:Sear","hexamod:Float+1","hexamod:HauntingEcho","hexamod:PhantomFireball+1","hexamod:AdvancingGuard","hexamod:BurningTouch+1","hexamod:SwordOfDarkness","hexamod:SoulSteal","hexamod:Again+1","hexamod:BacktrackSmack","hexamod:HauntingEcho","hexamod:BurningTouch","hexamod:CrushingStance+1","hexamod:ThermalTransfer","hexamod:BurningTouch+1","hexamod:PhantomCloak+1","hexamod:ShieldOfDarkness","hexamod:Incineration","hexamod:Firestarter","hexamod:ThermalTransfer+1","hexamod:ExtraCrispy"],"relics":["hexamod:SpiritBrand","Tiny Chest","Bottled Flame","FossilizedHelix","Omamori","hexamod:IceCube","downfall:HeartBlessingGreen","Matryoshka","Strawberry","MawBank"],"acts_visited":["Exordium","TheCity"],"potions_floor_usage":[16,16,32],"damage_taken":[{"damage":0,"enemies":"downfall:FleeingMerchant","floor":3,"turns":4},{"damage":1,"enemies":"Jaw Worm","floor":5,"turns":3},{"damage":35,"enemies":"Gremlin Nob","floor":6,"turns":5},{"damage":0,"enemies":"downfall:FleeingMerchant","floor":9,"turns":4},{"damage":16,"enemies":"3 Sentries","floor":10,"turns":5},{"damage":0,"enemies":"Cultist","floor":12,"turns":1},{"damage":0,"enemies":"Gremlin Nob","floor":14,"turns":3},{"damage":0,"enemies":"2 Louse","floor":15,"turns":1},{"damage":44,"enemies":"downfall:Ironclad","floor":16,"turns":9},{"damage":14,"enemies":"Spheric Guardian","floor":19,"turns":6},{"damage":0,"enemies":"downfall:FleeingMerchant","floor":21,"turns":4},{"damage":0,"enemies":"Shell Parasite","floor":22,"turns":4},{"damage":18,"enemies":"Shelled Parasite and Fungi","floor":23,"turns":4},{"damage":0,"enemies":"Sentry and Sphere","floor":25,"turns":4},{"damage":0,"enemies":"Centurion and Healer","floor":27,"turns":5},{"damage":6,"enemies":"3 Cultists","floor":28,"turns":6},{"damage":8,"enemies":"Sentry and Sphere","floor":29,"turns":7},{"damage":0,"enemies":"Snake Plant","floor":32,"turns":1},{"damage":36,"enemies":"downfall:Watcher","floor":33,"turns":4}],"seed_played":"-5779711696246942171","potions_obtained":[{"floor":10,"key":"DuplicationPotion"},{"floor":15,"key":"Dexterity Potion"},{"floor":16,"key":"Swift Potion"},{"floor":23,"key":"SpeedPotion"},{"floor":25,"key":"SmokeBomb"}],"is_trial":false,"path_per_floor":["R","?","$","?","M","E","T","R","$","E","R","M","R","E","M","B",null,"R","M","?","$","M","M","T","M","R","M","M","M","T","?","M","B"],"character_chosen":"THE_SPIRIT","items_purchased":["hexamod:PhantomFireball","hexamod:SoulSteal","hexamod:PhantomCloak","hexamod:ShieldOfDarkness"],"campfire_rested":1,"item_purchase_floors":[3,9,21,21],"current_hp_per_floor":[77,77,77,77,76,41,41,64,64,48,48,48,48,48,48,4,77,77,63,55,55,55,37,37,37,37,37,31,23,30,30,30,0,0,0],"gold":177,"neow_bonus":"TEN_PERCENT_HP_BONUS","is_daily":false,"chose_seed":false,"campfire_upgraded":5,"win_rate":0.0,"timestamp":1609728291,"path_taken":["R","?","?","?","M","E","T","R","$","E","R","M","R","E","M","BOSS","R","M","?","?","M","M","T","M","R","M","?","M","?","?","M","BOSS"],"items_purchased_type":["Card","Card","Card","Card"],"build_version":"2020-12-22","purchased_purges":0,"victory":false,"max_hp_per_floor":[77,77,77,77,77,77,77,77,77,77,77,77,77,77,77,77,77,77,77,77,77,77,77,77,77,77,77,77,77,84,84,84,84,84,84],"card_choices":[{"not_picked":["hexamod:StepThrough","hexamod:SkipABeat"],"picked":"hexamod:HauntingEcho","floor":3},{"not_picked":["hexamod:SpectersWail","hexamod:GhostflameBarrier"],"picked":"hexamod:AdvancingGuard","floor":5},{"not_picked":["hexamod:DynamicBlow","hexamod:RecurringNightmare"],"picked":"hexamod:BurningTouch","floor":6},{"not_picked":["hexamod:ThirdSeal","hexamod:NecessarySacrifice"],"picked":"hexamod:SwordOfDarkness","floor":9},{"not_picked":["hexamod:FirstSeal","hexamod:FastForward"],"picked":"hexamod:Again","floor":10},{"not_picked":["hexamod:GhostShield","hexamod:FastForward"],"picked":"hexamod:BacktrackSmack","floor":12},{"not_picked":["hexamod:GhostLash","hexamod:GhostShield"],"picked":"hexamod:HauntingEcho","floor":14},{"not_picked":["hexamod:RainOfEmbers","hexamod:SpectersWail"],"picked":"hexamod:BurningTouch","floor":15},{"not_picked":["hexamod:SearingWound","hexamod:GhostflameInferno"],"picked":"hexamod:CrushingStance","floor":16},{"not_picked":["hexamod:FastForward","hexamod:Hexaguard"],"picked":"hexamod:ThermalTransfer","floor":19},{"not_picked":["hexamod:ThermalTransfer","hexamod:EtherealExpedition"],"picked":"hexamod:BurningTouch+1","floor":21},{"not_picked":["hexamod:InspiringFlames","hexamod:SixthSeal"],"picked":"hexamod:Incineration","floor":22},{"not_picked":["hexamod:InspiringFlames","hexamod:SoulSteal","hexamod:ShieldOfDarkness"],"picked":"SKIP","floor":23},{"not_picked":["hexamod:RainOfEmbers","hexamod:BurningTouch"],"picked":"hexamod:Firestarter","floor":25},{"not_picked":["hexamod:SpectersWail","hexamod:BacktrackSmack+1"],"picked":"hexamod:ThermalTransfer+1","floor":27},{"not_picked":["hexamod:SpectralAdrenaline","hexamod:BurningTouch","hexamod:Hexaguard"],"picked":"SKIP","floor":28},{"not_picked":["hexamod:RainOfEmbers","hexamod:TimeOfNeed"],"picked":"hexamod:ExtraCrispy","floor":29}],"player_experience":200549,"relics_obtained":[{"floor":6,"key":"Tiny Chest"},{"floor":7,"key":"Bottled Flame"},{"floor":10,"key":"FossilizedHelix"},{"floor":14,"key":"Omamori"},{"floor":24,"key":"Matryoshka"},{"floor":30,"key":"Strawberry"},{"floor":30,"key":"MawBank"}],"event_choices":[{"cards_removed":["hexamod:Strike"],"damage_healed":0,"gold_gain":0,"player_choice":"Purged","damage_taken":0,"max_hp_gain":0,"max_hp_loss":0,"event_name":"Purifier","floor":2,"gold_loss":0},{"cards_removed":["hexamod:Strike"],"damage_healed":0,"gold_gain":0,"player_choice":"Elegance","damage_taken":0,"max_hp_gain":0,"max_hp_loss":0,"event_name":"Back to Basics","floor":31,"gold_loss":0}],"is_beta":false,"boss_relics":[{"not_picked":["Empty Cage","Tiny House"],"picked":"hexamod:IceCube"}],"items_purged_floors":[],"is_endless":false,"potions_floor_spawned":[10,15,16,23,25,27,29],"killed_by":"downfall:Watcher","ascension_level":0}}