{"host":"mytek2nu1hrzdnew","time":1609721256,"event":{"mods":["Aspiration","BaseMod","Conspire","Evolution","GifTheSpireLib","Gold Saver","Hubris","Kratos Character Expansion","Minty Spire (QoL Compilation)","Replay The Spire","StSLib","Stuff the Spire","Uncapped"],"gold_per_floor":[1043,744,755,755,766,793,812,824,824,223,242,346,346,474,474,569,569,582,65,80,94,112,224,236,254,330,330,344,344,360,46,46,145,145,157,176,226,226,241,252,306,330,330,330,454,479,479,507,507,507],"floor_reached":51,"playtime":2163,"items_purged":["KratosMod:Defend_K","KratosMod:Defend_K","KratosMod:Defend_K"],"score":1077,"play_id":"591747a6-f485-42fb-b024-c58f4b359249","local_time":"20210103194736","is_ascension_mode":false,"campfire_choices":[{"data":"KratosMod:BladeWhip","floor":13,"key":"SMITH"},{"data":"KratosMod:BladeWhip","floor":15,"key":"SMITH"},{"floor":27,"key":"REST"},{"data":"KratosMod:Revenge","floor":29,"key":"SMITH"},{"data":"KratosMod:Tempor","floor":32,"key":"SMITH"},{"data":"KratosMod:clawsofhades","floor":44,"key":"SMITH"},{"data":"KratosMod:clawsofhades","floor":49,"key":"SMITH"}],"circlet_count":0,"master_deck":["KratosMod:Strike_K","KratosMod:Strike_K","KratosMod:Strike_K","KratosMod:Strike_K","KratosMod:Defend_K","KratosMod:cyclone+1","KratosMod:AthenaBane","KratosMod:ShieldBash+1","KratosMod:clawsofhades+1","KratosMod:BladeWhip+1","KratosMod:BladeWhip+1","KratosMod:BladeWhip+1","KratosMod:ShieldBash","KratosMod:Endure","KratosMod:BladeWhip","KratosMod:ShieldBash","KratosMod:kBerserk","KratosMod:Tempor+1","KratosMod:Tempor","KratosMod:Tempor+1","KratosMod:Revenge+1","KratosMod:ShieldBash","KratosMod:Tempor","KratosMod:BladeWhip","KratosMod:BladeWhip","KratosMod:tartarusrage","KratosMod:tartarusrage","KratosMod:Tempor+1","KratosMod:ShieldBash+1","KratosMod:clawsofhades+1","KratosMod:ShieldBash","KratosMod:BladeWhip","KratosMod:clawsofhades+1","KratosMod:BladeWhip+1","KratosMod:clawsofhades+1"],"relics":["KratosMod:eagle","EVO:Axolotl","Whetstone","StuffTheSpire:TintedRock","Tiny Chest","Omamori","hubris:ToyBattleship","HandDrill","Oddly Smooth Stone","conspire:RoyalGoblet","Pear","PreservedInsect","Eternal Feather","Toxic Egg 2","StuffTheSpire:GrapeVine","conspire:RunicOctahedron","Bird Faced Urn","CeramicFish","Replay:Rubber Ducky","Potion Belt","hubris:Towel"],"acts_visited":["Exordium","TheCity","TheBeyond"],"potions_floor_usage":[12,12,16,22,23,33,36,39,50],"damage_taken":[{"damage":1,"enemies":"Small Slimes","floor":1,"turns":3},{"damage":6,"enemies":"Cultist","floor":3,"turns":3},{"damage":5,"enemies":"conspire:RoseBush","floor":5,"turns":2},{"damage":23,"enemies":"Replay:BlueRogue","floor":6,"turns":5},{"damage":0,"enemies":"Large Slime","floor":7,"turns":3},{"damage":3,"enemies":"Red Slaver","floor":8,"turns":3},{"damage":7,"enemies":"Blue Slaver","floor":11,"turns":2},{"damage":0,"enemies":"Lagavulin","floor":12,"turns":2},{"damage":0,"enemies":"3 Sentries","floor":14,"turns":4},{"damage":0,"enemies":"Fading Forest","floor":16,"turns":11},{"damage":39,"enemies":"conspire:FuzzyDice","floor":18,"turns":4},{"damage":1,"enemies":"3 Byrds","floor":20,"turns":4},{"damage":17,"enemies":"Snake Plant","floor":21,"turns":3},{"damage":7,"enemies":"Shelled Parasite and Fungi","floor":22,"turns":2},{"damage":1,"enemies":"Gremlin Leader","floor":23,"turns":4},{"damage":10,"enemies":"Chosen and Byrds","floor":24,"turns":3},{"damage":35,"enemies":"Snake Plant","floor":25,"turns":4},{"damage":9,"enemies":"Snecko","floor":28,"turns":3},{"damage":8,"enemies":"Chosen and Byrds","floor":30,"turns":3},{"damage":12,"enemies":"hubris:MusketHawk","floor":33,"turns":4},{"damage":12,"enemies":"3 Shapes","floor":35,"turns":3},{"damage":43,"enemies":"3 Darklings","floor":36,"turns":4},{"damage":4,"enemies":"Mind Bloom Boss Battle","floor":37,"turns":6},{"damage":13,"enemies":"Maw","floor":39,"turns":6},{"damage":22,"enemies":"Sphere and 2 Shapes","floor":40,"turns":3},{"damage":25,"enemies":"Jaw Worm Horde","floor":42,"turns":3},{"damage":15,"enemies":"Giant Head","floor":45,"turns":4},{"damage":0,"enemies":"Transient","floor":46,"turns":4},{"damage":68,"enemies":"4 Shapes","floor":48,"turns":4},{"damage":21,"enemies":"conspire:OrnateMirror","floor":50,"turns":2}],"seed_played":"-5263505414595194910","potions_obtained":[{"floor":1,"key":"DuplicationPotion"},{"floor":8,"key":"Swift Potion"},{"floor":11,"key":"Energy Potion"},{"floor":18,"key":"Toxic Potion"},{"floor":22,"key":"Fire Potion"},{"floor":28,"key":"SkillPotion"},{"floor":33,"key":"Adrenaline Potion"},{"floor":37,"key":"conspire:TimeTravelPotion"},{"floor":39,"key":"PowerPotion"}],"is_trial":false,"path_per_floor":["M","$","M","?","M","E","M","M","T","$","M","E","R","E","R","B",null,"M","$","M","M","M","E","M","M","T","R","M","R","M","$","R","B",null,"M","M","?","?","M","M","T","M","T","R","E","M","?","M","R","B",null],"character_chosen":"KRATOS","items_purchased":["Whetstone","KratosMod:clawsofhades","Omamori","hubris:ToyBattleship","HandDrill","KratosMod:Endure","Pear","PreservedInsect","KratosMod:tartarusrage","StuffTheSpire:GrapeVine"],"campfire_rested":1,"item_purchase_floors":[2,2,10,10,10,10,19,19,31,31],"current_hp_per_floor":[65,65,60,60,55,50,51,48,48,48,41,41,41,41,41,60,66,27,37,43,40,41,40,54,23,23,57,48,60,52,52,67,55,76,64,30,70,70,76,66,66,41,41,59,60,76,76,48,69,76],"gold":507,"neow_bonus":"TEN_PERCENT_HP_BONUS","is_daily":false,"chose_seed":false,"campfire_upgraded":6,"win_rate":0.0,"timestamp":1609721256,"path_taken":["M","$","M","?","?","E","M","M","T","$","M","E","R","E","R","BOSS","M","$","M","M","M","E","M","M","T","R","M","R","M","$","R","BOSS","M","M","?","?","M","?","?","M","T","R","E","M","?","M","R","BOSS"],"items_purchased_type":["Relic","Card","Relic","Relic","Relic","Card","Relic","Relic","Card","Relic"],"build_version":"2020-12-22","purchased_purges":3,"victory":true,"max_hp_per_floor":[66,66,66,66,66,66,66,66,66,66,66,66,66,66,66,66,66,66,76,76,76,76,76,76,76,76,76,76,76,76,76,76,76,76,76,76,76,76,76,76,76,76,76,76,76,76,76,76,76,76],"card_choices":[{"not_picked":["KratosMod:conjuresoul","KratosMod:settle"],"picked":"KratosMod:ShieldBash","floor":1},{"not_picked":["KratosMod:rattle","KratosMod:Roll"],"picked":"KratosMod:BladeWhip","floor":3},{"not_picked":["KratosMod:rattle","KratosMod:Roll"],"picked":"KratosMod:BladeWhip","floor":5},{"not_picked":["KratosMod:rattle","KratosMod:SmashStone"],"picked":"KratosMod:BladeWhip","floor":6},{"not_picked":["KratosMod:rattle","KratosMod:conjuresoul","KratosMod:Roll"],"picked":"SKIP","floor":7},{"not_picked":["KratosMod:settle","KratosMod:conjuresoul"],"picked":"KratosMod:ShieldBash","floor":8},{"not_picked":["KratosMod:rattle","KratosMod:Roll","KratosMod:conjuresoul"],"picked":"SKIP","floor":11},{"not_picked":["KratosMod:settle","KratosMod:Roll"],"picked":"KratosMod:BladeWhip","floor":12},{"not_picked":["KratosMod:Roll","KratosMod:SmashStone"],"picked":"KratosMod:ShieldBash","floor":14},{"not_picked":["KratosMod:styx","KratosMod:blades"],"picked":"KratosMod:kBerserk","floor":16},{"not_picked":["KratosMod:conjuresoul","KratosMod:Roll"],"picked":"KratosMod:Tempor","floor":18},{"not_picked":["KratosMod:clawsofhades","KratosMod:conjuresoul+1","KratosMod:Endure"],"picked":"SKIP","floor":20},{"not_picked":["KratosMod:ShieldBash","KratosMod:settle"],"picked":"KratosMod:Tempor","floor":21},{"not_picked":["KratosMod:ShieldBash+1","KratosMod:SmashStone+1"],"picked":"KratosMod:Tempor+1","floor":22},{"not_picked":["KratosMod:clawsofhades","KratosMod:ShieldBash"],"picked":"KratosMod:Revenge","floor":23},{"not_picked":["KratosMod:rattle","KratosMod:SmashStone"],"picked":"KratosMod:ShieldBash","floor":24},{"not_picked":["KratosMod:rattle+1","KratosMod:Endure"],"picked":"KratosMod:Tempor","floor":25},{"not_picked":["KratosMod:SmashStone+1","KratosMod:rattle+1"],"picked":"KratosMod:BladeWhip","floor":28},{"not_picked":["KratosMod:settle+1","KratosMod:conjuresoul"],"picked":"KratosMod:BladeWhip","floor":30},{"not_picked":["KratosMod:ablockalypse+1","KratosMod:styx+1"],"picked":"KratosMod:tartarusrage","floor":33},{"not_picked":["KratosMod:Endure+1","KratosMod:Roll+1"],"picked":"KratosMod:Tempor+1","floor":35},{"not_picked":["KratosMod:conjuresoul+1","KratosMod:Tempor+1"],"picked":"KratosMod:ShieldBash+1","floor":36},{"not_picked":["KratosMod:Tempor+1","KratosMod:rattle+1"],"picked":"KratosMod:clawsofhades","floor":37},{"not_picked":["KratosMod:Endure+1","KratosMod:Roll+1"],"picked":"KratosMod:ShieldBash","floor":39},{"not_picked":["KratosMod:conjuresoul+1","KratosMod:rattle+1"],"picked":"KratosMod:BladeWhip","floor":40},{"not_picked":["KratosMod:settle+1","KratosMod:ShieldBash+1"],"picked":"KratosMod:clawsofhades+1","floor":42},{"not_picked":["KratosMod:Roll+1","KratosMod:Endure+1","KratosMod:settle+1"],"picked":"SKIP","floor":45},{"not_picked":["KratosMod:Roll+1","KratosMod:settle+1"],"picked":"KratosMod:BladeWhip+1","floor":46},{"not_picked":["KratosMod:conjuresoul+1","KratosMod:rattle+1"],"picked":"KratosMod:clawsofhades+1","floor":48}],"player_experience":1018740,"relics_obtained":[{"floor":6,"key":"StuffTheSpire:TintedRock"},{"floor":9,"key":"Tiny Chest"},{"floor":12,"key":"Oddly Smooth Stone"},{"floor":23,"key":"Eternal Feather"},{"floor":26,"key":"Toxic Egg 2"},{"floor":37,"key":"Bird Faced Urn"},{"floor":41,"key":"CeramicFish"},{"floor":43,"key":"Replay:Rubber Ducky"},{"floor":45,"key":"Potion Belt"}],"event_choices":[{"damage_healed":0,"gold_gain":0,"player_choice":"Ignored","damage_taken":0,"max_hp_gain":0,"max_hp_loss":0,"event_name":"NoteForYourself","floor":4,"gold_loss":0},{"damage_healed":0,"gold_gain":0,"player_choice":"Fight","damage_taken":0,"max_hp_gain":0,"max_hp_loss":0,"event_name":"MindBloom","floor":37,"gold_loss":0},{"damage_healed":0,"gold_gain":0,"player_choice":"Forge","damage_taken":0,"max_hp_gain":0,"max_hp_loss":0,"event_name":"Accursed Blacksmith","floor":38,"gold_loss":0,"cards_upgraded":["KratosMod:BladeWhip"]}],"is_beta":false,"boss_relics":[{"not_picked":["conspire:SlowCooker","hubris:HollowSoul"],"picked":"conspire:RoyalGoblet"},{"not_picked":["Coffee Dripper","Astrolabe"],"picked":"conspire:RunicOctahedron"}],"items_purged_floors":[2,10,19],"is_endless":false,"potions_floor_spawned":[1,8,11,18,22,28,33,37,39,40,42,46],"ascension_level":0}}