{"host":"f6xgumyvn8a66tyr","time":1609723704,"event":{"mods":["BaseMod","Card Forge","ChefMod","Downfall","Hermit","Infinite Spire","Jedi Mod","Marisa????????","Melee Mod","Minty Spire (QoL Compilation)","Replay The Spire","Small Relic Pack","Spicy Shops","StSLib","The Alterego","The Bladedancer","The Marked","The Runesmith","The Servant 0.9.4","TheSwordswoman","Waifu the Spire","WarShipGirlsR/????R mod","Yuri Mod"],"gold_per_floor":[114,114,125,125,135,135,168,168,244,258,258,2,2,25,25,149,149,174,174,27,46,71,71,95,113,191,214,214,214,214],"floor_reached":29,"playtime":1878,"items_purged":["Injury","Writhe"],"score":227,"play_id":"db8e5e36-a2b7-4b8b-b8e9-1928b59e1e06","local_time":"20210103172824","is_ascension_mode":false,"campfire_choices":[{"data":"Vigilance","floor":6.0,"key":"SMITH"},{"data":"Eruption","floor":11.0,"key":"SMITH"},{"data":"WindmillStrike","floor":13.0,"key":"SMITH"},{"data":"FollowUp","floor":15.0,"key":"SMITH"},{"data":"Devotion","floor":23,"key":"SMITH"}],"circlet_count":0,"master_deck":["Strike_P","Strike_P","Strike_P","Strike_P","Defend_P","Defend_P","Defend_P","Eruption+1","Vigilance+1","FlurryOfBlows","Sanctity","Indignation","FollowUp+1","WindmillStrike+1","FlurryOfBlows","Devotion+1","ClearTheMind+1","FlurryOfBlows","Tantrum+1","Protect+1","EmptyBody","Prostrate","meleeMod_Jab+1"],"relics":["Velvet Choker","Blood Vial","Golden Idol","Meat on the Bone","HandDrill","Black Star","Oddly Smooth Stone","Frozen Egg 2"],"acts_visited":[],"potions_floor_usage":[25,25,29,29],"damage_taken":[{"damage":0.0,"enemies":"Small Slimes","floor":1.0,"turns":2.0},{"damage":0.0,"enemies":"Cultist","floor":3.0,"turns":2.0},{"damage":0.0,"enemies":"2 Louse","floor":5.0,"turns":2.0},{"damage":22.0,"enemies":"Lagavulin","floor":7.0,"turns":4.0},{"damage":5.0,"enemies":"Looter","floor":10.0,"turns":2.0},{"damage":0.0,"enemies":"3 Louse","floor":14.0,"turns":2.0},{"damage":45.0,"enemies":"The Guardian","floor":16.0,"turns":6.0},{"damage":10.0,"enemies":"Chosen","floor":18.0,"turns":2.0},{"damage":1,"enemies":"3 Byrds","floor":21,"turns":4},{"damage":40,"enemies":"Centurion and Healer","floor":22,"turns":6},{"damage":16,"enemies":"Snake Plant","floor":24,"turns":3},{"damage":0,"enemies":"Cultist and Chosen","floor":25,"turns":4},{"damage":1,"enemies":"Snecko","floor":27,"turns":5},{"damage":40,"enemies":"Book of Stabbing","floor":29,"turns":6}],"seed_played":"8140569743098662301","potions_obtained":[{"floor":5.0,"key":"Dexterity Potion"},{"floor":10.0,"key":"BlessingOfTheForge"},{"floor":16.0,"key":"Ancient Potion"},{"floor":22,"key":"FearPotion"},{"floor":24,"key":"SkillPotion"},{"floor":25,"key":"Guardian:BlockOnCardUsePotion"}],"is_trial":false,"path_per_floor":["M","?","M","$","M","R","E","?","T","M","R","$","R","M","R","B",null,"M","?","$","M","M","R","M","M","T","M","?","E"],"character_chosen":"WATCHER","items_purchased":["HandDrill","WindmillStrike","FlurryOfBlows"],"campfire_rested":0,"item_purchase_floors":[12,12,20],"current_hp_per_floor":[72,72,72,72,72,72,50,50,50,47,47,47,47,49,49,18,72,62,62,62,63,37,37,35,37,37,38,38,0,0],"gold":214,"neow_bonus":"BOSS_RELIC","is_daily":false,"chose_seed":false,"campfire_upgraded":5,"win_rate":0.0,"timestamp":1609723704,"path_taken":["M","?","M","$","?","R","E","?","T","M","R","$","R","M","R","BOSS","M","?","$","M","M","R","M","M","T","M","?","E"],"items_purchased_type":["Relic","Card","Card"],"build_version":"2020-12-22","purchased_purges":2,"victory":false,"max_hp_per_floor":[72,72,72,72,72,72,72,72,72,72,72,72,72,72,72,72,72,72,72,72,72,72,72,72,72,72,72,72,72,72],"card_choices":[{"not_picked":["JustLucky","WheelKick"],"picked":"FlurryOfBlows","floor":1.0},{"not_picked":["FlyingSleeves","PathToVictory"],"picked":"ReachHeaven","floor":3.0},{"not_picked":["EmptyBody","Evaluate"],"picked":"Sanctity","floor":5.0},{"not_picked":["Sanctity","Halt"],"picked":"Indignation","floor":7.0},{"not_picked":["Study","EmptyBody"],"picked":"FollowUp","floor":10.0},{"not_picked":["Brilliance","Vengeance"],"picked":"FlurryOfBlows","floor":14.0},{"not_picked":["LessonLearned","Alpha"],"picked":"Devotion","floor":16.0},{"not_picked":["SashWhip","ReachHeaven"],"picked":"ClearTheMind+1","floor":18.0},{"not_picked":["Crescendo","Study+1","Collect"],"picked":"SKIP","floor":21},{"not_picked":["EmptyMind","CutThroughFate+1"],"picked":"Tantrum+1","floor":22},{"not_picked":["Replay:BluntJabs","ThirdEye"],"picked":"Protect+1","floor":24},{"not_picked":["Replay:Cycle","EmptyFist"],"picked":"EmptyBody","floor":25},{"not_picked":["ClearTheMind","JustLucky+1"],"picked":"Prostrate","floor":27}],"player_experience":254845,"relics_obtained":[{"floor":7.0,"key":"Blood Vial"},{"floor":9.0,"key":"Meat on the Bone"},{"floor":26,"key":"Frozen Egg 2"}],"event_choices":[{"cards_removed":["Defend_P"],"damage_healed":0.0,"max_hp_gain":0.0,"max_hp_loss":0.0,"gold_gain":0.0,"event_name":"Bonfire Elementals","player_choice":"Offered Basic","floor":2.0,"gold_loss":0.0,"damage_taken":0.0},{"damage_healed":0.0,"max_hp_gain":0.0,"max_hp_loss":0.0,"gold_gain":0.0,"event_name":"Golden Idol","player_choice":"Take Wound","floor":8.0,"gold_loss":0.0,"damage_taken":0.0,"relics_obtained":["Golden Idol"],"cards_obtained":["Injury"]},{"damage_healed":0.0,"max_hp_gain":0.0,"max_hp_loss":0.0,"gold_gain":0.0,"event_name":"The Mausoleum","player_choice":"Opened","floor":19.0,"gold_loss":0.0,"damage_taken":0.0,"relics_obtained":["Oddly Smooth Stone"],"cards_obtained":["Writhe"]},{"cards_removed":["ReachHeaven"],"damage_healed":0,"gold_gain":0,"player_choice":"Took Card","damage_taken":0,"max_hp_gain":0,"max_hp_loss":0,"event_name":"NoteForYourself","floor":28,"gold_loss":0,"cards_obtained":["meleeMod_Jab"]}],"is_beta":false,"boss_relics":[{"not_picked":["Runic Pyramid","SlaversCollar"],"picked":"Black Star"}],"items_purged_floors":[12,20],"is_endless":false,"potions_floor_spawned":[5,10,16,22,24,25],"killed_by":"Book of Stabbing","ascension_level":0}}