{"host":"6qo42zgaknezulyg","time":1609771453,"event":{"mods":["2.2 Compatiblity","BaseMod","Colored Map","Downfall","Keyboard Shortcuts","Minty Spire (QoL Compilation)","Permanent Neow","Quick Restart","StSLib","SuperFastMode"],"gold_per_floor":[99,110,110,20,40,40,40,40,53,63,90,90,120,139,156,255,255,255,271,285,305,290,307,307,319,319,330,330,365,250,250,267,363,363,363,381,381,381,199,218,218,238,263,263,38,55,55,73,89,89],"floor_reached":51,"playtime":3017,"items_purged":["downfall:Aged","bronze:Strike","bronze:Strike","bronze:Strike"],"score":747,"play_id":"324d1ad4-f0ce-4a92-8ebc-7e50d3100321","local_time":"20210104234413","is_ascension_mode":true,"campfire_choices":[{"data":"bronze:Goto","floor":1.0,"key":"SMITH"},{"data":"1","floor":12.0,"key":"LIFT"},{"data":"bronze:SpaghettiCode","floor":18.0,"key":"SMITH"},{"data":"bronze:Verify","floor":26.0,"key":"SMITH"},{"data":"2","floor":28.0,"key":"LIFT"},{"data":"3","floor":35.0,"key":"LIFT"},{"floor":44.0,"key":"REST"}],"circlet_count":0,"master_deck":["bronze:Strike","bronze:Defend","bronze:Defend","bronze:Defend","bronze:Defend","bronze:Replicate","bronze:Goto+1","bronze:DelayedGuard","CurseOfTheBell","bronze:GetLatest","bronze:ChildClass","bronze:CleanCode","bronze:DigitalCarnage","bronze:ChildClass","bronze:BronzeOrb","bronze:SpaghettiCode+1","bronze:BronzeArmor","bronze:MaxOutput+1","bronze:Verify+1","bronze:Mutator","bronze:Repulsor+1","bronze:Boost","bronze:Format","bronze:Invalidate+1","expansioncontent:QuickStudy","bronze:ChildClass+1","bronze:ThunderWave","bronze:ClassDefault+1","expansioncontent:TimeRipple","bronze:Return+1"],"relics":["bronze:BronzeCore","Torii","Calling Bell","Centennial Puzzle","bronze:CableSpool","Bird Faced Urn","Bag of Preparation","Girya","champ:DeflectingBracers","Philosopher\u0027s Stone","Pantograph","Sundial","Fusion Hammer","Membership Card","PreservedInsect","Letter Opener","Blue Candle","Kunai","Cauldron"],"acts_visited":["Exordium","TheCity","TheBeyond"],"potions_floor_usage":[50,50],"damage_taken":[{"damage":2.0,"enemies":"2 Louse","floor":2.0,"turns":3.0},{"damage":0.0,"enemies":"downfall:FleeingMerchant","floor":4.0,"turns":4.0},{"damage":1.0,"enemies":"Small Slimes","floor":5.0,"turns":2.0},{"damage":1.0,"enemies":"Jaw Worm","floor":9.0,"turns":3.0},{"damage":0.0,"enemies":"Exordium Wildlife","floor":10.0,"turns":5.0},{"damage":11.0,"enemies":"3 Sentries","floor":11.0,"turns":9.0},{"damage":0.0,"enemies":"Gremlin Nob","floor":13.0,"turns":2.0},{"damage":0.0,"enemies":"2 Fungi Beasts","floor":14.0,"turns":1.0},{"damage":1.0,"enemies":"Exordium Wildlife","floor":15.0,"turns":3.0},{"damage":13.0,"enemies":"downfall:Defect","floor":16.0,"turns":5.0},{"damage":0.0,"enemies":"Shell Parasite","floor":19.0,"turns":1.0},{"damage":0.0,"enemies":"Spheric Guardian","floor":20.0,"turns":2.0},{"damage":11.0,"enemies":"Cultist and Chosen","floor":21.0,"turns":4.0},{"damage":1.0,"enemies":"downfall:FleeingMerchant","floor":22.0,"turns":4.0},{"damage":1.0,"enemies":"Snake Plant","floor":23.0,"turns":3.0},{"damage":0.0,"enemies":"Snecko","floor":25.0,"turns":3.0},{"damage":0.0,"enemies":"Sentry and Sphere","floor":27.0,"turns":3.0},{"damage":10.0,"enemies":"Slavers","floor":29.0,"turns":5.0},{"damage":4.0,"enemies":"downfall:FleeingMerchant","floor":30.0,"turns":4.0},{"damage":0.0,"enemies":"Centurion and Healer","floor":32.0,"turns":5.0},{"damage":68.0,"enemies":"downfall:Ironclad","floor":33.0,"turns":9.0},{"damage":8.0,"enemies":"3 Darklings","floor":36.0,"turns":5.0},{"damage":12.0,"enemies":"downfall:FleeingMerchant","floor":39.0,"turns":4.0},{"damage":0.0,"enemies":"3 Shapes","floor":40.0,"turns":2.0},{"damage":11.0,"enemies":"Jaw Worm Horde","floor":42.0,"turns":3.0},{"damage":38.0,"enemies":"Nemesis","floor":43.0,"turns":3.0},{"damage":0.0,"enemies":"Transient","floor":46.0,"turns":5.0},{"damage":0.0,"enemies":"Maw","floor":48.0,"turns":4.0},{"damage":1.0,"enemies":"Sphere and 2 Shapes","floor":49.0,"turns":3.0},{"damage":6,"enemies":"downfall:Watcher","floor":50,"turns":8}],"seed_played":"-6626409512759758797","potions_obtained":[{"floor":5.0,"key":"FearPotion"},{"floor":9.0,"key":"sneckomod:MuddlingPotion"},{"floor":10.0,"key":"champ:CounterPotion"},{"floor":19.0,"key":"Slimebound:ThreeZeroPotion"},{"floor":23.0,"key":"SkillPotion"},{"floor":27.0,"key":"LiquidMemories"},{"floor":33.0,"key":"Guardian:BlockOnCardUsePotion"},{"floor":42.0,"key":"DuplicationPotion"},{"floor":45.0,"key":"Dexterity Potion"},{"floor":45.0,"key":"GamblersBrew"}],"is_trial":false,"path_per_floor":["R","M","?","$","M","?","T","?","M","M","E","R","E","M","M","B",null,"R","M","M","M","$","M","T","M","R","M","R","E","$","?","M","B",null,"R","M","?","?","$","M","T","M","E","R","$","M","?","M","M","B",null],"character_chosen":"THE_AUTOMATON","items_purchased":["Membership Card","expansioncontent:QuickStudy","PreservedInsect","Strength Potion","Letter Opener","bronze:ThunderWave","Cauldron"],"campfire_rested":1,"item_purchase_floors":[39,39,39,39,39,45,45],"current_hp_per_floor":[70,68,68,68,67,67,67,67,66,66,57,57,57,57,56,45,70,70,70,70,59,62,63,63,65,65,70,70,64,66,66,70,10,70,70,65,65,65,59,63,63,56,22,43,43,53,53,61,66,70],"gold":89,"neow_bonus":"ONE_RARE_RELIC","is_daily":false,"chose_seed":false,"campfire_upgraded":3,"win_rate":0.0,"timestamp":1609771453,"path_taken":["R","M","?","$","M","?","T","?","M","M","E","R","E","M","M","BOSS","R","M","M","M","$","M","T","M","R","M","R","E","$","?","M","BOSS","R","M","?","?","$","M","T","M","E","R","?","?","?","M","M","BOSS"],"items_purchased_type":["Relic","Card","Relic","Potion","Relic","Card","Relic"],"build_version":"2020-12-22","purchased_purges":4,"victory":true,"max_hp_per_floor":[70,70,70,70,70,70,70,70,70,70,70,70,70,70,70,70,70,70,70,70,70,70,70,70,70,70,70,70,70,70,70,70,70,70,70,70,70,70,70,70,70,70,70,70,70,70,70,70,70,70],"card_choices":[{"not_picked":["bronze:Turbo","bronze:Overheat"],"picked":"bronze:DelayedGuard","floor":2.0},{"not_picked":["bronze:ForceShield","bronze:CutThrough"],"picked":"bronze:GetLatest","floor":4.0},{"not_picked":["bronze:ForceShield","bronze:BuggyMess"],"picked":"bronze:ChildClass","floor":5.0},{"not_picked":["bronze:Turbo","bronze:WildBeam","bronze:CutThrough"],"picked":"SKIP","floor":9.0},{"not_picked":["bronze:Turbo","bronze:WildBeam","bronze:CutThrough"],"picked":"SKIP","floor":9.0},{"not_picked":["bronze:ForLoop","bronze:DelayedGuard"],"picked":"bronze:CleanCode","floor":10.0},{"not_picked":["bronze:Deprecate","bronze:Frontload"],"picked":"bronze:DigitalCarnage","floor":11.0},{"not_picked":["bronze:Shield","bronze:Allocate"],"picked":"bronze:ChildClass","floor":13.0},{"not_picked":["bronze:Branch","bronze:CloningBeam","bronze:Safeguard"],"picked":"SKIP","floor":14.0},{"not_picked":["bronze:Branch","bronze:CloningBeam","bronze:Safeguard"],"picked":"SKIP","floor":14.0},{"not_picked":["bronze:CloningBeam","bronze:Overheat"],"picked":"bronze:BronzeOrb","floor":15.0},{"not_picked":["bronze:ThunderWave","bronze:HardenedForm"],"picked":"bronze:SpaghettiCode","floor":16.0},{"not_picked":["bronze:ChildClass","bronze:ClassDefault+1","bronze:Constructor"],"picked":"SKIP","floor":19.0},{"not_picked":["bronze:Deprecate+1","bronze:Branch+1"],"picked":"bronze:BronzeArmor","floor":20.0},{"not_picked":["bronze:FollowUp","bronze:Overheat"],"picked":"bronze:MaxOutput+1","floor":21.0},{"not_picked":["bronze:Deprecate","bronze:Shell","bronze:WhirlingStrike"],"picked":"SKIP","floor":22.0},{"not_picked":["bronze:WildBeam","bronze:Turbo+1"],"picked":"bronze:Verify","floor":23.0},{"not_picked":["bronze:OilSpill","bronze:Turbo","bronze:Branch"],"picked":"SKIP","floor":25.0},{"not_picked":["bronze:OilSpill+1","bronze:WhirlingStrike","bronze:CloningBeam"],"picked":"SKIP","floor":27.0},{"not_picked":["bronze:CloningBeam","bronze:DelayedGuard"],"picked":"bronze:Mutator","floor":29.0},{"not_picked":["bronze:BugBarrage","bronze:CloningBeam+1"],"picked":"bronze:Repulsor+1","floor":30.0},{"not_picked":["bronze:Allocate","bronze:Invalidate","bronze:Repair+1"],"picked":"SKIP","floor":32.0},{"not_picked":["bronze:Assembly","bronze:CleanCode"],"picked":"bronze:Format","floor":33.0},{"not_picked":["bronze:Turbo","bronze:BuggyMess+1"],"picked":"bronze:Invalidate+1","floor":36.0},{"not_picked":["bronze:Deprecate","bronze:HardenedForm","bronze:CutThrough+1"],"picked":"SKIP","floor":39.0},{"not_picked":["bronze:BitShift","bronze:Frontload","bronze:Overheat+1"],"picked":"SKIP","floor":40.0},{"not_picked":["bronze:Overload+1","bronze:CloningBeam","bronze:BugBarrage"],"picked":"SKIP","floor":42.0},{"not_picked":["bronze:NullPointer+1","bronze:Overheat"],"picked":"bronze:ChildClass+1","floor":43.0},{"not_picked":["bronze:Allocate+1","bronze:Fortify"],"picked":"bronze:ClassDefault+1","floor":46.0},{"not_picked":["expansioncontent:PolyBeam","expansioncontent:Sear"],"picked":"expansioncontent:TimeRipple","floor":47.0},{"not_picked":["bronze:Overheat","bronze:ChildClass","bronze:Deprecate+1"],"picked":"SKIP","floor":48.0},{"not_picked":["bronze:Deprecate+1","bronze:BugBarrage"],"picked":"bronze:Return+1","floor":49.0}],"player_experience":1091364,"relics_obtained":[{"floor":3.0,"key":"Centennial Puzzle"},{"floor":3.0,"key":"bronze:CableSpool"},{"floor":3.0,"key":"Bird Faced Urn"},{"floor":7.0,"key":"Bag of Preparation"},{"floor":11.0,"key":"Girya"},{"floor":13.0,"key":"champ:DeflectingBracers"},{"floor":24.0,"key":"Pantograph"},{"floor":29.0,"key":"Sundial"},{"floor":41.0,"key":"Blue Candle"},{"floor":43.0,"key":"Kunai"}],"event_choices":[{"cards_removed":["Decay"],"damage_healed":0.0,"max_hp_gain":0.0,"max_hp_loss":0.0,"gold_gain":0.0,"event_name":"The Cleric","player_choice":"Card Removal","floor":6.0,"gold_loss":0.0,"damage_taken":0.0},{"damage_healed":0.0,"max_hp_gain":0.0,"max_hp_loss":0.0,"gold_gain":0.0,"event_name":"The Library","player_choice":"Read","floor":31.0,"gold_loss":0.0,"damage_taken":0.0,"cards_obtained":["bronze:Boost"]},{"damage_healed":0.0,"max_hp_gain":0.0,"max_hp_loss":0.0,"gold_gain":0.0,"event_name":"Mysterious Sphere","player_choice":"Ignored","floor":38.0,"gold_loss":0.0,"damage_taken":0.0}],"is_beta":false,"boss_relics":[{"not_picked":["bronze:PlatinumCore","Busted Crown"],"picked":"Philosopher\u0027s Stone"},{"not_picked":["Calling Bell","Tiny House"],"picked":"Fusion Hammer"}],"items_purged_floors":[4,30,39,45],"is_endless":false,"potions_floor_spawned":[5,9,10,11,14,19,21,23,27,33,40,42,46,49],"ascension_level":1}}