{"host":"pe2q1tocp309rrg9","time":1609734913,"event":{"mods":["2.2 Compatiblity","BaseMod","BetterRewards","Downfall","Ekko","Gremlin Mod","Hermit","Jorbs\u0027s Wanderer Trilogy","Minty Spire (QoL Compilation)","Quick Restart","Rare Cards Sparkle","Replay The Spire","StSLib","The Blue Laboratory","The Construct","The Hierophant","Uncapped"],"gold_per_floor":[117,133,153,173,189,214,224,241,241,241,254,254,274,274,274,369,369,386,406,406,406,89,89,89,89],"floor_reached":24,"playtime":722,"items_purged":[],"score":212,"play_id":"f55ce16c-9139-4331-84dd-c5761177f5b0","local_time":"20210103223513","is_ascension_mode":true,"campfire_choices":[{"data":"Inflame","floor":10,"key":"SMITH"},{"data":"Bash","floor":12,"key":"SMITH"},{"data":"Heavy Blade","floor":15,"key":"SMITH"},{"floor":23,"key":"REST"}],"circlet_count":0,"master_deck":["Strike_R","Strike_R","Strike_R","Strike_R","Strike_R","Defend_R","Defend_R","Defend_R","Defend_R","Bash+1","Replay:Undeath\u0027s Touch","Replay:Undeath\u0027s Touch","Heavy Blade+1","ReplayTheSpireMod:Stacked","Inflame+1","Cleave","Perfected Strike","Heavy Blade","Flame Barrier","Impervious","Dropkick+1","Spot Weakness","Shockwave","Combust"],"relics":["Black Blood","Bag of Preparation","Bottled Tornado","Mercury Hourglass"],"acts_visited":["Exordium","TheCity"],"potions_floor_usage":[6,18],"damage_taken":[{"damage":8.0,"enemies":"Small Slimes","floor":1.0,"turns":3.0},{"damage":3.0,"enemies":"Jaw Worm","floor":2.0,"turns":6.0},{"damage":0.0,"enemies":"Cultist","floor":3.0,"turns":3.0},{"damage":11.0,"enemies":"Blue Slaver","floor":4.0,"turns":5.0},{"damage":0.0,"enemies":"Large Slime","floor":5.0,"turns":7.0},{"damage":18,"enemies":"Gremlin Nob","floor":6,"turns":3},{"damage":8,"enemies":"Red Slaver","floor":7,"turns":3},{"damage":1,"enemies":"Blue Slaver","floor":8,"turns":3},{"damage":0,"enemies":"3 Louse","floor":11,"turns":2},{"damage":6,"enemies":"Large Slime","floor":13,"turns":5},{"damage":45,"enemies":"Slime Boss","floor":16,"turns":11},{"damage":33,"enemies":"Shell Parasite","floor":18,"turns":9},{"damage":25,"enemies":"2 Thieves","floor":19,"turns":4},{"damage":81,"enemies":"Book of Stabbing","floor":24,"turns":8}],"seed_played":"6032015891433564717","potions_obtained":[{"floor":0.0,"key":"LiquidBronze"},{"floor":0.0,"key":"SpeedPotion"},{"floor":0.0,"key":"Energy Potion"},{"floor":5.0,"key":"blueLaboratory:ConflagurationPotion"},{"floor":7,"key":"blueLaboratory:PhilterOfMotion"}],"is_trial":false,"path_per_floor":["M","M","M","M","M","E","M","M","T","R","M","R","M","?","R","B",null,"M","M","?","?","$","R","E"],"character_chosen":"IRONCLAD","items_purchased":["Combust","Mercury Hourglass"],"campfire_rested":1,"item_purchase_floors":[22,22],"current_hp_per_floor":[78,80,80,75,80,68,66,71,71,71,77,77,77,82,82,43,85,64,51,51,51,51,76,0,0],"gold":89,"neow_bonus":"THREE_SMALL_POTIONS","is_daily":false,"chose_seed":false,"campfire_upgraded":3,"win_rate":0.0,"timestamp":1609734913,"path_taken":["M","M","M","M","M","E","M","M","T","R","M","R","M","?","R","BOSS","M","M","?","?","$","R","E"],"items_purchased_type":["Card","Relic"],"build_version":"2020-12-22","purchased_purges":0,"victory":false,"max_hp_per_floor":[80,80,80,80,80,80,80,80,80,80,80,80,80,85,85,85,85,85,85,85,85,85,85,85,85],"card_choices":[{"not_picked":["Warcry","Shrug It Off"],"picked":"Replay:Undeath\u0027s Touch","floor":1.0},{"not_picked":["Brutality","Clash"],"picked":"Shrug It Off","floor":2.0},{"not_picked":["True Grit","ReplayTheSpireMod:Corrosion Curse"],"picked":"Replay:Undeath\u0027s Touch","floor":3.0},{"not_picked":["Dropkick","Evolve"],"picked":"Heavy Blade","floor":4.0},{"not_picked":["Shrug It Off","Thunderclap"],"picked":"ReplayTheSpireMod:Stacked","floor":5.0},{"not_picked":["Headbutt","Rampage"],"picked":"Inflame","floor":6},{"not_picked":["Shrug It Off","Anger"],"picked":"Cleave","floor":7},{"not_picked":["Clothesline","Twin Strike"],"picked":"Perfected Strike","floor":8},{"not_picked":["Feed","Metallicize"],"picked":"Heavy Blade","floor":11},{"not_picked":["Armaments","True Grit"],"picked":"Flame Barrier","floor":13},{"not_picked":["Berserk","Corruption"],"picked":"Impervious","floor":16},{"not_picked":["Twin Strike","Body Slam+1"],"picked":"Dropkick+1","floor":18},{"not_picked":["Headbutt","Clothesline"],"picked":"Spot Weakness","floor":19}],"player_experience":687664,"relics_obtained":[{"floor":6,"key":"Bag of Preparation"},{"floor":9,"key":"Bottled Tornado"}],"event_choices":[{"damage_healed":0,"gold_gain":0,"player_choice":"Donut","damage_taken":0,"max_hp_gain":5,"max_hp_loss":0,"event_name":"Big Fish","floor":14,"gold_loss":0},{"damage_healed":0,"gold_gain":0,"cards_transformed":["Shrug It Off"],"player_choice":"Transformed","damage_taken":0,"max_hp_gain":0,"max_hp_loss":0,"event_name":"Transmorgrifier","floor":21,"gold_loss":0,"cards_obtained":["Shockwave"]}],"is_beta":false,"boss_relics":[{"not_picked":["Snecko Eye","construct:ClawGrip"],"picked":"Black Blood"}],"items_purged_floors":[],"is_endless":false,"potions_floor_spawned":[3,5,7,11,13],"killed_by":"Book of Stabbing","ascension_level":1}}