{"host":"w2kjv12xyhtt0cv2","time":1609769546,"event":{"mods":["Act Like it!","BaseMod","Colored Map","Friendly Minions","Gensokyo","Highlight Path","Hubris","Kiyohime（清姬）","Marisa（F雨　魔理沙）","Minty Spire (QoL Compilation)","Quick Restart","Reimu（博丽灵梦）","Relic Stats","Replay The Spire","RumiaBox-露米娅的神秘盒子","Shop Mod","Spicy Shops","StSLib","The Cursed","The Servant 0.9.4","UnlockEverythingMod","Waifu the Spire","[功能]功能增强和修复MOD","vexMod","【功能Mod】Neow奖励","【遗物卡牌】REMEMod","没有小屋子和绿帽子啦"],"gold_per_floor":[113,113,113,126,58,114,145,174,200,200,226,246,280,280,280,423,423,461,57,67,117,8,43,62,96,96,96,122,139,173,173,173,268,268,280,337,70,70,70,101,101,132,132,132,132,205,205,236,236,261,261,261,339,370,150],"floor_reached":56,"playtime":2277,"items_purged":["KiyohimeMod:Defend","KiyohimeMod:Defend","Looming Evil","KiyohimeMod:Defend","KiyohimeMod:Defend"],"score":2172,"play_id":"1f996848-f100-45ad-8340-a7b2b0f97733","local_time":"20210104221226","is_ascension_mode":true,"campfire_choices":[{"data":"REME_ForAll","floor":10.0,"key":"SMITH"},{"data":"KiyohimeMod:FlameKiss","floor":15.0,"key":"SMITH"},{"data":"KiyohimeMod:ImaginaryNumberMagecraft","floor":27.0,"key":"SMITH"},{"data":"Chrysalis","floor":32.0,"key":"SMITH"},{"data":"KiyohimeMod:Projection","floor":45.0,"key":"SMITH"},{"floor":47.0,"key":"RECALL"},{"data":"KiyohimeMod:GoldenCarpFigure","floor":49.0,"key":"SMITH"},{"data":"KiyohimeMod:ImaginaryNumberMagecraft","floor":52.0,"key":"SMITH"}],"circlet_count":0,"master_deck":["KiyohimeMod:Strike+1","KiyohimeMod:Strike+1","KiyohimeMod:Strike+1","KiyohimeMod:Track","KiyohimeMod:FlameKiss+1","KiyohimeMod:Shapeshift","REME_ForAll+1","KiyohimeMod:Projection+1","KiyohimeMod:Grimoire","KiyohimeMod:FiringTheFirstArrow+1","KiyohimeMod:DragonVein+1","KiyohimeMod:BeastOfBillows+1","KiyohimeMod:PrismaCosmos","KiyohimeMod:DragonVein+1","KiyohimeMod:AgainstMagic","Chrysalis+1","KiyohimeMod:ImaginaryNumberMagecraft+1","KiyohimeMod:FirstPremonition+1","KiyohimeMod:CelestialInvertedMoon","KiyohimeMod:Servant_TamamoNoMae","KiyohimeMod:ImaginaryNumberMagecraft+1","KiyohimeMod:Preemptive+1","Madness","Madness","KiyohimeMod:Destruction+1","KiyohimeMod:GoldenCarpFigure+1","KiyohimeMod:Preemptive+1","REME_ForAll+1","KiyohimeMod:WaterTurn","REME_Flogging","KiyohimeMod:ImaginaryNumberMagecraft","KiyohimeMod:Preemptive+1"],"relics":["REME_ComplimentaryCards","hubris:RunicObelisk","hubris:Icosahedron","hubris:ToyBattleship","hubris:BottledRain","Smiling Mask","Mastiff:ReiMu","Ornamental Fan","Philosopher\u0027s Stone","Orrery","Shuriken","ReplayTheSpireMod:CursedCoin","Membership Card","Bag of Preparation","Replay:Wax Seal","Lantern","Quantum Egg","Iron Hammer","Blood Vial","AddBug","Replay:Wax Seal","Pen Nib","Juzu Bracelet","PreservedInsect","Strange Spoon","vexMod:HeadHunter","KiyohimeMod:ElixirOfRejuvenation","Replay:Mystery Machine","Strange Spoon","ChaoDraw","Whetstone","TungstenRod","hubris:NiceRug","Boot","Snack Pack","REME_OnlineShoppingPlatform","DollysMirror","vexMod:InvisibilityCloak"],"acts_visited":["Exordium","TheCity","TheBeyond","TheEnding"],"potions_floor_usage":[53,55,55,55,55,55,55,55,55,55,55,55],"damage_taken":[{"damage":8.0,"enemies":"Jaw Worm","floor":1.0,"turns":2.0},{"damage":0.0,"enemies":"2 Louse","floor":4.0,"turns":1.0},{"damage":12.0,"enemies":"Lagavulin","floor":6.0,"turns":3.0},{"damage":0.0,"enemies":"Cultist","floor":7.0,"turns":1.0},{"damage":0.0,"enemies":"Gremlin Nob","floor":8.0,"turns":2.0},{"damage":8.0,"enemies":"3 Sentries","floor":11.0,"turns":4.0},{"damage":0.0,"enemies":"Exordium Thugs","floor":12.0,"turns":2.0},{"damage":0.0,"enemies":"Gremlin Nob","floor":13.0,"turns":2.0},{"damage":0.0,"enemies":"Slime Boss","floor":16.0,"turns":5.0},{"damage":4.0,"enemies":"Chosen","floor":18.0,"turns":2.0},{"damage":0.0,"enemies":"Spheric Guardian","floor":20.0,"turns":2.0},{"damage":0.0,"enemies":"Gremlin Leader","floor":23.0,"turns":2.0},{"damage":0.0,"enemies":"Centurion and Healer","floor":24.0,"turns":2.0},{"damage":0.0,"enemies":"Book of Stabbing","floor":25.0,"turns":3.0},{"damage":0.0,"enemies":"REME_1_Revenger","floor":28.0,"turns":2.0},{"damage":0.0,"enemies":"3 Cultists","floor":29.0,"turns":2.0},{"damage":0.0,"enemies":"Book of Stabbing","floor":30.0,"turns":2.0},{"damage":5.0,"enemies":"hubris:MusketHawk","floor":33.0,"turns":3.0},{"damage":9.0,"enemies":"3 Darklings","floor":35.0,"turns":2.0},{"damage":0.0,"enemies":"R_Hoarder","floor":40.0,"turns":2.0},{"damage":0.0,"enemies":"Nemesis","floor":42.0,"turns":1.0},{"damage":0.0,"enemies":"R_Hoarder","floor":46.0,"turns":3.0},{"damage":0.0,"enemies":"Reptomancer","floor":48.0,"turns":1.0},{"damage":0.0,"enemies":"hubris:GrandSnecko","floor":50.0,"turns":2.0},{"damage":0,"enemies":"hubris:Merchant","floor":53,"turns":2},{"damage":0,"enemies":"Shield and Spear","floor":54,"turns":1},{"damage":0,"enemies":"The Heart","floor":55,"turns":3}],"seed_played":"732841698630506169","potions_obtained":[{"floor":1.0,"key":"EntropicBrew"},{"floor":4.0,"key":"PowerPotion"},{"floor":7.0,"key":"PowerPotion"},{"floor":8.0,"key":"SkillPotion"},{"floor":12.0,"key":"BlessingOfTheForge"},{"floor":16.0,"key":"Energy Potion"},{"floor":18.0,"key":"Elixir"},{"floor":28.0,"key":"GamblersBrew"},{"floor":29.0,"key":"AttackPotion"},{"floor":33.0,"key":"GrandPatriotsElixir:ReiMu"}],"is_trial":false,"path_per_floor":["M","?","?","M","$","E","M","E","T","R","E","M","E","?","R","B",null,"M","$","M","?","$","E","M","E","T","R","E","M","E","?","R","B",null,"M","?","$","?","?","E","?","E","T","?","R","E","R","E","R","B",null,"R","$","E","B",null],"character_chosen":"Kiyohime","items_purchased":["Orrery","Shuriken","ReplayTheSpireMod:CursedCoin","Membership Card","Chrysalis","Bag of Preparation","Juzu Bracelet","PreservedInsect","Strange Spoon","Whetstone","TungstenRod","Strength Potion"],"campfire_rested":0,"item_purchase_floors":[19,19,22,22,22,22,37,37,37,53,53,53],"current_hp_per_floor":[52,40,40,40,40,28,28,28,28,28,20,20,20,20,20,20,60,56,56,56,56,56,56,56,56,56,56,56,56,56,56,56,53,60,51,51,51,51,51,59,51,53,53,53,53,60,60,60,60,60,60,60,60,60,65],"gold":150,"neow_bonus":"BOSS_RELIC","is_daily":false,"chose_seed":false,"campfire_upgraded":7,"win_rate":0.0,"timestamp":1609769546,"path_taken":["M","?","?","M","$","E","M","E","T","R","E","M","E","?","R","BOSS","M","$","M","?","?","E","?","E","T","R","E","M","E","?","R","BOSS","M","?","$","?","?","E","?","E","T","?","R","E","R","E","R","BOSS","R","$","E","BOSS"],"items_purchased_type":["Relic","Relic","Relic","Relic","Card","Relic","Relic","Relic","Relic","Relic","Relic","Potion"],"build_version":"2020-12-22","purchased_purges":5,"victory":true,"max_hp_per_floor":[60,60,60,60,60,60,60,60,60,60,60,60,60,60,60,60,60,60,60,60,60,60,60,60,60,60,60,60,60,60,60,60,60,60,60,60,60,60,60,60,60,60,60,60,60,60,60,60,60,60,60,60,60,60,65],"relic_stats":{"counters":[27,59],"Pen Nib":[6],"PreservedInsect":325,"Bag of Preparation":[32],"Juzu Bracelet":2,"Whetstone":["KiyohimeMod:Strike","KiyohimeMod:FiringTheFirstArrow"],"Smiling Mask":126,"Boot":[0],"Blood Vial":8,"Strange Spoon":[27],"Ornamental Fan":[152],"Shuriken":[33],"obtain_stats":[{"Lantern":25,"Bag of Preparation":22,"Juzu Bracelet":37,"Whetstone":53,"hubris:RunicObelisk":0,"Replay:Mystery Machine":46,"Smiling Mask":9,"Boot":53,"Blood Vial":30,"KiyohimeMod:FireDragon":0,"vexMod:InvisibilityCloak":54,"hubris:Icosahedron":3,"Mastiff:ReiMu":11,"DollysMirror":53,"Philosopher\u0027s Stone":17,"Iron Hammer":28,"Replay:Wax Seal":23,"REME_OnlineShoppingPlatform":53,"ReplayTheSpireMod:CursedCoin":22,"Quantum Egg":26,"AddBug":34,"Pen Nib":36,"PreservedInsect":37,"ChaoDraw":48,"Strange Spoon":37,"Ornamental Fan":13,"Shuriken":19,"vexMod:HeadHunter":40,"Orrery":19,"KiyohimeMod:ElixirOfRejuvenation":42,"hubris:ToyBattleship":6,"Snack Pack":53,"Membership Card":22,"TungstenRod":53,"REME_ComplimentaryCards":0,"hubris:BottledRain":8,"hubris:NiceRug":53},{"Lantern":14,"Bag of Preparation":11,"Juzu Bracelet":19,"Whetstone":24,"hubris:RunicObelisk":0,"Replay:Mystery Machine":22,"Smiling Mask":5,"Boot":25,"Blood Vial":17,"KiyohimeMod:FireDragon":0,"vexMod:InvisibilityCloak":26,"hubris:Icosahedron":1,"Mastiff:ReiMu":6,"DollysMirror":25,"Philosopher\u0027s Stone":9,"Iron Hammer":15,"Replay:Wax Seal":12,"REME_OnlineShoppingPlatform":25,"ReplayTheSpireMod:CursedCoin":11,"Quantum Egg":14,"AddBug":18,"Pen Nib":19,"PreservedInsect":19,"ChaoDraw":23,"Strange Spoon":19,"Ornamental Fan":8,"Shuriken":10,"vexMod:HeadHunter":20,"Orrery":10,"KiyohimeMod:ElixirOfRejuvenation":21,"hubris:ToyBattleship":3,"Snack Pack":25,"Membership Card":11,"TungstenRod":24,"REME_ComplimentaryCards":0,"hubris:BottledRain":5,"hubris:NiceRug":25},{"Lantern":33,"Bag of Preparation":26,"Juzu Bracelet":44,"Whetstone":53,"hubris:RunicObelisk":0,"Replay:Mystery Machine":50,"Smiling Mask":9,"Boot":55,"Blood Vial":39,"KiyohimeMod:FireDragon":0,"vexMod:InvisibilityCloak":56,"hubris:Icosahedron":2,"Mastiff:ReiMu":13,"DollysMirror":55,"Philosopher\u0027s Stone":22,"Iron Hammer":35,"Replay:Wax Seal":28,"REME_OnlineShoppingPlatform":55,"ReplayTheSpireMod:CursedCoin":26,"Quantum Egg":33,"AddBug":42,"Pen Nib":44,"PreservedInsect":44,"ChaoDraw":51,"Strange Spoon":44,"Ornamental Fan":17,"Shuriken":24,"vexMod:HeadHunter":46,"Orrery":24,"KiyohimeMod:ElixirOfRejuvenation":47,"hubris:ToyBattleship":6,"Snack Pack":55,"Membership Card":26,"TungstenRod":53,"REME_ComplimentaryCards":0,"hubris:BottledRain":9,"hubris:NiceRug":55}],"TungstenRod":14},"card_choices":[{"not_picked":["KiyohimeMod:FirstPremonition","KiyohimeMod:Preemptive","KiyohimeMod:BlueBlackKey"],"picked":"SKIP","floor":1.0},{"not_picked":["KiyohimeMod:EatSoul","KiyohimeMod:CommandCard_Buster"],"picked":"KiyohimeMod:Projection","floor":4.0},{"not_picked":["KiyohimeMod:HydraDagger","KiyohimeMod:FirstPremonition"],"picked":"KiyohimeMod:Grimoire","floor":6.0},{"not_picked":["KiyohimeMod:CommandCard_Arts","KiyohimeMod:SteelTraining","KiyohimeMod:Berserker"],"picked":"SKIP","floor":7.0},{"not_picked":["KiyohimeMod:ExSpicyMapoTofu","KiyohimeMod:CommandCard_Arts","KiyohimeMod:FormalCraft"],"picked":"SKIP","floor":8.0},{"not_picked":["KiyohimeMod:Tenacious","KiyohimeMod:HotSpringOfTheMoon","KiyohimeMod:CommandCard_Arts"],"picked":"SKIP","floor":11.0},{"not_picked":["KiyohimeMod:ExSpicyMapoTofu","KiyohimeMod:CommandCard_Arts","KiyohimeMod:DivineConstruct"],"picked":"SKIP","floor":12.0},{"not_picked":["KiyohimeMod:ImaginaryAround","KiyohimeMod:AndSoTheShipConquers","KiyohimeMod:Preemptive"],"picked":"SKIP","floor":13.0},{"not_picked":["KiyohimeMod:Barrier","KiyohimeMod:JeweledSword"],"picked":"KiyohimeMod:FiringTheFirstArrow","floor":16.0},{"not_picked":["KiyohimeMod:Preemptive","KiyohimeMod:WaterTurn+1","KiyohimeMod:AndSoTheShipConquers"],"picked":"SKIP","floor":18.0},{"not_picked":["KiyohimeMod:Fragarach+1","KiyohimeMod:EatSoul"],"picked":"KiyohimeMod:DragonVein+1","floor":19.0},{"not_picked":["KiyohimeMod:WaterTurn+1","KiyohimeMod:EatSoul"],"picked":"KiyohimeMod:BeastOfBillows+1","floor":19.0},{"not_picked":["KiyohimeMod:RedBlackKey","KiyohimeMod:AndSoTheShipConquers"],"picked":"KiyohimeMod:PrismaCosmos","floor":19.0},{"not_picked":["KiyohimeMod:Preemptive","KiyohimeMod:CommandCard_Buster+1"],"picked":"KiyohimeMod:DragonVein+1","floor":19.0},{"not_picked":["KiyohimeMod:Berserker","KiyohimeMod:DivineConstruct"],"picked":"KiyohimeMod:AgainstMagic","floor":19.0},{"not_picked":["KiyohimeMod:HotSpringOfTheMoon+1","KiyohimeMod:WaterTurn+1","KiyohimeMod:SteelTraining"],"picked":"SKIP","floor":20.0},{"not_picked":["KiyohimeMod:CommandCard_Arts","KiyohimeMod:Berserker+1"],"picked":"KiyohimeMod:ImaginaryNumberMagecraft","floor":23.0},{"not_picked":["KiyohimeMod:RedBlackKey","KiyohimeMod:CommandCard_Quick+1","KiyohimeMod:HydraDagger"],"picked":"SKIP","floor":24.0},{"not_picked":["KiyohimeMod:RedBlackKey","KiyohimeMod:RealityMarble"],"picked":"KiyohimeMod:FirstPremonition+1","floor":25.0},{"not_picked":["KiyohimeMod:WaterTurn","KiyohimeMod:GreenBlackKey","KiyohimeMod:Berserker+1"],"picked":"SKIP","floor":28.0},{"not_picked":["KiyohimeMod:LimitedZeroOver","KiyohimeMod:SteelTraining","KiyohimeMod:AgainstMagic"],"picked":"SKIP","floor":29.0},{"not_picked":["KiyohimeMod:WaterTurn","KiyohimeMod:Preemptive"],"picked":"KiyohimeMod:CelestialInvertedMoon","floor":30.0},{"not_picked":["KiyohimeMod:Servant_TamamoNoMae","KiyohimeMod:MagicCrystal"],"picked":"KiyohimeMod:ImaginaryNumberMagecraft","floor":33.0},{"not_picked":["KiyohimeMod:WaterTurn+1","KiyohimeMod:Berserker+1","KiyohimeMod:AndSoTheShipConquers+1"],"picked":"SKIP","floor":35.0},{"not_picked":["KiyohimeMod:HotSpringOfTheMoon+1","KiyohimeMod:LimitedZeroOver+1"],"picked":"KiyohimeMod:Preemptive+1","floor":40.0},{"not_picked":["KiyohimeMod:Servant_Osakabehime","KiyohimeMod:FacelessMoon"],"picked":"KiyohimeMod:Destruction","floor":42.0},{"not_picked":["KiyohimeMod:Preemptive","KiyohimeMod:GreenBlackKey+1","KiyohimeMod:AndSoTheShipConquers"],"picked":"SKIP","floor":42.0},{"not_picked":["KiyohimeMod:Servant_Osakabehime","KiyohimeMod:PrismaCosmos"],"picked":"KiyohimeMod:GoldenCarpFigure","floor":46.0},{"not_picked":["KiyohimeMod:Servant_TamamoNoMae","KiyohimeMod:FiringTheFirstArrow"],"picked":"KiyohimeMod:Preemptive+1","floor":46.0},{"not_picked":["KiyohimeMod:PrismaCosmos","KiyohimeMod:Destruction","KiyohimeMod:FragmentsOf2030"],"picked":"SKIP","floor":48.0},{"not_picked":["KiyohimeMod:DivineConstruct","KiyohimeMod:BlueBlackKey+1","KiyohimeMod:Berserker"],"picked":"SKIP","floor":48.0},{"not_picked":[],"picked":"KiyohimeMod:WaterTurn","floor":53},{"not_picked":[],"picked":"REME_Flogging","floor":53},{"not_picked":["KiyohimeMod:Preemptive"],"picked":"SKIP","floor":53},{"not_picked":["KiyohimeMod:GreenBlackKey"],"picked":"SKIP","floor":53},{"not_picked":["KiyohimeMod:AndSoTheShipConquers"],"picked":"SKIP","floor":53},{"not_picked":["KiyohimeMod:Berserker"],"picked":"SKIP","floor":53},{"not_picked":["Replay:Parry"],"picked":"SKIP","floor":53},{"not_picked":["KiyohimeMod:JeweledSword","KiyohimeMod:FragmentsOf2030"],"picked":"KiyohimeMod:ImaginaryNumberMagecraft","floor":54},{"not_picked":["KiyohimeMod:GreenBlackKey","KiyohimeMod:ExSpicyMapoTofu+1"],"picked":"KiyohimeMod:Preemptive+1","floor":54}],"player_experience":102731,"relics_obtained":[{"floor":6.0,"key":"hubris:ToyBattleship"},{"floor":8.0,"key":"hubris:BottledRain"},{"floor":9.0,"key":"Smiling Mask"},{"floor":11.0,"key":"Mastiff:ReiMu"},{"floor":13.0,"key":"Ornamental Fan"},{"floor":23.0,"key":"Replay:Wax Seal"},{"floor":25.0,"key":"Lantern"},{"floor":26.0,"key":"Quantum Egg"},{"floor":28.0,"key":"Iron Hammer"},{"floor":30.0,"key":"Blood Vial"},{"floor":35.0,"key":"Replay:Wax Seal"},{"floor":36.0,"key":"Pen Nib"},{"floor":40.0,"key":"vexMod:HeadHunter"},{"floor":42.0,"key":"KiyohimeMod:ElixirOfRejuvenation"},{"floor":46.0,"key":"Replay:Mystery Machine"},{"floor":48.0,"key":"Strange Spoon"},{"floor":48.0,"key":"ChaoDraw"},{"floor":53,"key":"Boot"},{"floor":53,"key":"Snack Pack"},{"floor":53,"key":"REME_OnlineShoppingPlatform"},{"floor":53,"key":"DollysMirror"},{"floor":54,"key":"vexMod:InvisibilityCloak"}],"event_choices":[{"damage_healed":0.0,"max_hp_gain":0.0,"max_hp_loss":0.0,"gold_gain":0.0,"event_name":"Shining Light","player_choice":"Entered Light","floor":2.0,"gold_loss":0.0,"damage_taken":12.0,"cards_upgraded":["KiyohimeMod:Strike","KiyohimeMod:Strike"]},{"damage_healed":0.0,"max_hp_gain":0.0,"max_hp_loss":0.0,"gold_gain":0.0,"event_name":"The Woman in Blue","player_choice":"Bought 0 Potions","floor":14.0,"gold_loss":0.0,"damage_taken":0.0},{"damage_healed":0.0,"max_hp_gain":0.0,"max_hp_loss":0.0,"gold_gain":100.0,"event_name":"The Joust","player_choice":"Bet on Murderer","floor":21.0,"gold_loss":50.0,"damage_taken":0.0},{"damage_healed":0.0,"max_hp_gain":0.0,"max_hp_loss":0.0,"gold_gain":0.0,"event_name":"The Library","player_choice":"Read","floor":31.0,"gold_loss":0.0,"damage_taken":0.0,"cards_obtained":["KiyohimeMod:Servant_TamamoNoMae"]},{"cards_removed":["KiyohimeMod:Strike"],"damage_healed":0.0,"max_hp_gain":0.0,"max_hp_loss":0.0,"gold_gain":0.0,"event_name":"Purifier","player_choice":"Purged","floor":38.0,"gold_loss":0.0,"damage_taken":0.0},{"damage_healed":0.0,"max_hp_gain":0.0,"max_hp_loss":0.0,"gold_gain":0.0,"event_name":"SecretPortal","player_choice":"Ignored","floor":39.0,"gold_loss":0.0,"damage_taken":0.0},{"damage_healed":0.0,"max_hp_gain":0.0,"max_hp_loss":0.0,"gold_gain":0.0,"event_name":"Winding Halls","player_choice":"Embrace Madness","floor":41.0,"gold_loss":0.0,"damage_taken":8.0,"cards_obtained":["Madness","Madness"]}],"is_beta":false,"boss_relics":[{"not_picked":["REME_DemonsWealth","vexMod:TanglingVine"],"picked":"Philosopher\u0027s Stone"},{"not_picked":["SlaversCollar","Velvet Choker"],"picked":"AddBug"}],"items_purged_floors":[5,19,22,37,37],"is_endless":false,"potions_floor_spawned":[1,4,7,8,12,16,18,28,29,30,30,33,40,54],"ascension_level":3}}