{"host":"szp1d6dso4pv7ddl","time":1609741132,"event":{"mods":["AchievementEnabler","Alarm Clock","BaseMod","Bestiary","Block Reminder","Colored Map","Colored Powertips","Curses Come First","Displayed Cursed Tome","Highlight Path","Minty Spire (QoL Compilation)","Permanent Neow","Quick Restart","Relic Sorter","Relic Stats","StSLib","Synergy Search"],"gold_per_floor":[366,379,379,398,20,55,55,75,75,75,95,114,114,114,114,186,186,198,113,133,133,60,60,60],"floor_reached":23,"playtime":1486,"items_purged":["Doubt"],"score":340,"play_id":"b27b58f7-c643-436a-b24a-c2a6c9288453","local_time":"20210103221852","is_ascension_mode":true,"campfire_choices":[{"floor":7,"key":"REST"},{"data":"Seeing Red","floor":13,"key":"SMITH"},{"data":"Armaments","floor":15,"key":"SMITH"}],"circlet_count":0,"master_deck":["AscendersBane","Defend_R","Defend_R","Defend_R","Defend_R+1","Bash","Metallicize+1","Armaments+1","Rage","Reckless Charge","Seeing Red+1","Dropkick","Immolate","Double Tap","Bite","Bite","Bite","Bite","Bite","Hemokinesis"],"relics":["Black Blood","TungstenRod","Torii","Smiling Mask","Meat on the Bone","HornCleat"],"acts_visited":["Exordium","TheCity"],"potions_floor_usage":[6,8,16],"damage_taken":[{"damage":14,"enemies":"2 Louse","floor":1,"turns":3},{"damage":11,"enemies":"Cultist","floor":2,"turns":5},{"damage":2,"enemies":"Small Slimes","floor":4,"turns":4},{"damage":37,"enemies":"3 Sentries","floor":6,"turns":18},{"damage":4,"enemies":"2 Fungi Beasts","floor":8,"turns":6},{"damage":25,"enemies":"Exordium Wildlife","floor":11,"turns":8},{"damage":0,"enemies":"Blue Slaver","floor":12,"turns":5},{"damage":16,"enemies":"Hexaghost","floor":16,"turns":13},{"damage":33,"enemies":"Spheric Guardian","floor":18,"turns":8},{"damage":10,"enemies":"Shell Parasite","floor":20,"turns":8},{"damage":72,"enemies":"Book of Stabbing","floor":23,"turns":7}],"seed_played":"6605630915663940972","potions_obtained":[{"floor":2,"key":"Weak Potion"},{"floor":6,"key":"SteroidPotion"},{"floor":11,"key":"PowerPotion"}],"is_trial":false,"path_per_floor":["M","M","?","M","$","E","R","M","T","?","M","M","R","?","R","B",null,"M","?","M","?","$","E"],"character_chosen":"IRONCLAD","items_purchased":["TungstenRod","Hemokinesis"],"campfire_rested":1,"item_purchase_floors":[5,22],"current_hp_per_floor":[64,59,51,55,55,24,48,50,50,35,28,46,46,46,46,48,72,63,63,65,56,56,0,0],"gold":60,"neow_bonus":"TWO_FIFTY_GOLD","is_daily":false,"chose_seed":false,"campfire_upgraded":2,"win_rate":0.0,"timestamp":1609741132,"path_taken":["M","M","?","M","$","E","R","?","T","?","M","M","R","?","R","BOSS","M","?","M","?","$","E"],"items_purchased_type":["Relic","Card"],"build_version":"2020-12-22","purchased_purges":1,"victory":false,"max_hp_per_floor":[80,80,80,80,80,80,80,80,80,80,80,80,80,80,80,80,80,80,80,80,56,56,56,56],"relic_stats":{"Torii":53,"counters":[11,85],"Black Blood":72,"Smiling Mask":0,"obtain_stats":[{"HornCleat":19,"Torii":14,"Black Blood":17,"Smiling Mask":6,"Burning Blood":0,"TungstenRod":5,"Meat on the Bone":9},{"HornCleat":9,"Torii":7,"Black Blood":8,"Smiling Mask":4,"Burning Blood":0,"TungstenRod":3,"Meat on the Bone":5},{"HornCleat":70,"Torii":49,"Black Blood":62,"Smiling Mask":30,"Burning Blood":0,"TungstenRod":12,"Meat on the Bone":36}],"TungstenRod":71,"Meat on the Bone":48},"card_choices":[{"not_picked":["Pummel","Sentinel"],"picked":"Metallicize","floor":1},{"not_picked":["Clothesline","Ghostly Armor"],"picked":"Armaments","floor":2},{"not_picked":["Armaments","Searing Blow"],"picked":"Rage","floor":4},{"not_picked":["Armaments","True Grit","Fire Breathing"],"picked":"SKIP","floor":6},{"not_picked":["Evolve","Heavy Blade"],"picked":"Reckless Charge","floor":8},{"not_picked":["Twin Strike","Fiend Fire"],"picked":"Seeing Red","floor":11},{"not_picked":["Pummel","Havoc"],"picked":"Dropkick","floor":12},{"not_picked":["Reaper","Barricade"],"picked":"Immolate","floor":16},{"not_picked":["Clash","Sword Boomerang","Clothesline+1"],"picked":"SKIP","floor":18},{"not_picked":["Havoc","Armaments"],"picked":"Double Tap","floor":20}],"player_experience":1115059,"relics_obtained":[{"floor":6,"key":"Smiling Mask"},{"floor":9,"key":"Meat on the Bone"}],"event_choices":[{"damage_healed":0,"gold_gain":0,"player_choice":"Damaged","damage_taken":8,"max_hp_gain":0,"max_hp_loss":0,"event_name":"Wheel of Change","floor":3,"gold_loss":0},{"damage_healed":0,"gold_gain":0,"player_choice":"Entered Light","damage_taken":16,"max_hp_gain":0,"max_hp_loss":0,"event_name":"Shining Light","floor":10,"gold_loss":0,"cards_upgraded":["Metallicize","Defend_R"]},{"damage_healed":0,"gold_gain":0,"player_choice":"Searched \u00271\u0027 times","damage_taken":0,"relics_obtained":["Torii"],"max_hp_gain":0,"max_hp_loss":0,"event_name":"Dead Adventurer","floor":14,"gold_loss":0},{"damage_healed":0,"gold_gain":0,"player_choice":"Obtained Relic","damage_taken":0,"relics_obtained":["HornCleat"],"max_hp_gain":0,"max_hp_loss":0,"event_name":"Addict","floor":19,"gold_loss":85},{"damage_healed":0,"gold_gain":0,"player_choice":"Became a vampire","damage_taken":0,"max_hp_gain":0,"max_hp_loss":24,"event_name":"Vampires","floor":21,"gold_loss":0,"cards_obtained":["Bite","Bite","Bite","Bite","Bite"]}],"is_beta":false,"boss_relics":[{"not_picked":["Cursed Key","Pandora\u0027s Box"],"picked":"Black Blood"}],"items_purged_floors":[5],"is_endless":false,"potions_floor_spawned":[2,6,11],"killed_by":"Book of Stabbing","ascension_level":13}}