{"host":"gy8pnkkfxjz2vlbw","time":1609768195,"event":{"mods":["Abigail Mod","BaseMod","CapriCore","KOR Keyword Fix","Lobotomy","LobotomyExtend","Minty Spire (QoL Compilation)","Prisma Mod","Replay The Spire","StSLib","The Bug Knight","The Cursed"],"gold_per_floor":[117,134,147,163,176,176,22,22,76,76,101,119,119,136,136,235,235,252,264,278,146,146,63,63,63,86,112,126,126,139,159,159,264,264,275,285,298,310,310,310,325,325,325],"floor_reached":42,"playtime":1992,"items_purged":[],"score":453,"play_id":"ad0dd621-c3a5-4ec7-ac63-9df8a899edc9","local_time":"20210104224955","is_ascension_mode":false,"campfire_choices":[{"data":"AbbyMod:SuperMuscular","floor":6.0,"key":"SMITH"},{"data":"AbbyMod:EyesOfMadness","floor":8.0,"key":"SMITH"},{"floor":13.0,"key":"REST"},{"data":"AbbyMod:SuperMuscular","floor":15.0,"key":"SMITH"},{"floor":25.0,"key":"REST"},{"floor":29.0,"key":"REST"},{"data":"AbbyMod:CloneArmy","floor":32.0,"key":"SMITH"},{"floor":40,"key":"REST"}],"circlet_count":0,"master_deck":["AbbyMod:Ab_Strike","AbbyMod:Ab_Strike","AbbyMod:Ab_Strike","AbbyMod:Ab_Strike","AbbyMod:Ab_Defend+1","AbbyMod:Ab_Defend","AbbyMod:Ab_Defend+1","AbbyMod:FleetingSanity+1","AbbyMod:ForeheadBeam","AbbyMod:HolidayWishes","AbbyMod:Ab_FiveStars","AbbyMod:EyesOfMadness+1","AbbyMod:SuperMuscular+1","AbbyMod:MysteryKey","AbbyMod:SuperMuscular+1","AbbyMod:Hitomi","AbbyMod:SuperMuscular","AbbyMod:PantyShot","AbbyMod:EyesOfMadness+1","AbbyMod:FamiliarShield+1","AbbyMod:Ab_FiveStars","AbbyMod:HolidayWishes+1","AbbyMod:FarAwayFriend","AbbyMod:Thflth","AbbyMod:CloneArmy+1","AbbyMod:SanityCheck","AbbyMod:LargeTentacle","AbbyMod:Dabigail+1"],"relics":["AbbyMod:Salem_Diary","Bronze Scales","Bag of Preparation","HornCleat","AbbyMod:YogBlessing","Strange Spoon","Replay:Wax Seal","War Paint","Bag of Marbles","LetterFromLob"],"acts_visited":["Exordium","TheCity","TheBeyond"],"potions_floor_usage":[],"damage_taken":[{"damage":0.0,"enemies":"Small Slimes","floor":1.0,"turns":4.0},{"damage":4.0,"enemies":"Cultist","floor":2.0,"turns":4.0},{"damage":0.0,"enemies":"Jaw Worm","floor":3.0,"turns":6.0},{"damage":0.0,"enemies":"Looter","floor":4.0,"turns":5.0},{"damage":7.0,"enemies":"2 Fungi Beasts","floor":5.0,"turns":3.0},{"damage":10.0,"enemies":"HollowMod:MossKnight","floor":11.0,"turns":5.0},{"damage":2.0,"enemies":"Blue Slaver","floor":12.0,"turns":3.0},{"damage":0.0,"enemies":"Large Slime","floor":14.0,"turns":4.0},{"damage":9.0,"enemies":"Slime Boss","floor":16.0,"turns":5.0},{"damage":2.0,"enemies":"3 Byrds","floor":18.0,"turns":3.0},{"damage":10.0,"enemies":"Shell Parasite","floor":19.0,"turns":5.0},{"damage":10.0,"enemies":"3 Cultists","floor":20.0,"turns":4.0},{"damage":17.0,"enemies":"Snake Plant","floor":23.0,"turns":4.0},{"damage":0.0,"enemies":"Book of Stabbing","floor":27.0,"turns":5.0},{"damage":0.0,"enemies":"Centurion and Healer","floor":28.0,"turns":4.0},{"damage":0.0,"enemies":"Shelled Parasite and Fungi","floor":30.0,"turns":3.0},{"damage":0.0,"enemies":"Snecko","floor":31.0,"turns":3.0},{"damage":9.0,"enemies":"Automaton","floor":33.0,"turns":10.0},{"damage":20.0,"enemies":"3 Shapes","floor":35.0,"turns":3.0},{"damage":19,"enemies":"3 Darklings","floor":36,"turns":3},{"damage":17,"enemies":"4 Shapes","floor":37,"turns":1},{"damage":0,"enemies":"Transient","floor":38,"turns":5},{"damage":10,"enemies":"Jaw Worm Horde","floor":41,"turns":3},{"damage":20,"enemies":"Reptomancer","floor":42,"turns":5}],"seed_played":"6584002811993059037","potions_obtained":[{"floor":1.0,"key":"LiquidMemories"},{"floor":2.0,"key":"EssenceOfSteel"},{"floor":5.0,"key":"SkillPotion"},{"floor":16.0,"key":"Reflective Coating"},{"floor":18.0,"key":"SteroidPotion"},{"floor":27.0,"key":"Elixir"},{"floor":30.0,"key":"Flashbang"},{"floor":37,"key":"Toxic Potion"}],"is_trial":false,"path_per_floor":["M","M","M","M","M","R","$","R","T","?","E","M","R","M","R","B",null,"M","M","M","$","?","M","?","R","T","E","M","R","M","M","R","B",null,"M","M","M","M","?","R","M","E"],"character_chosen":"Ab_Foreigner","items_purchased":["Bronze Scales","Strange Spoon","Replay:Wax Seal"],"campfire_rested":4,"item_purchase_floors":[7,21,21],"current_hp_per_floor":[60,56,56,56,49,49,49,49,49,49,39,37,55,55,55,46,60,58,48,38,38,38,21,21,39,39,39,39,57,57,57,57,48,60,40,21,4,4,4,22,12,0,0],"gold":325,"neow_bonus":"RANDOM_EVENT","is_daily":false,"chose_seed":false,"campfire_upgraded":4,"win_rate":0.0,"timestamp":1609768195,"path_taken":["M","M","M","M","M","R","$","R","T","?","E","?","R","M","R","BOSS","M","M","M","$","?","M","?","R","T","E","M","R","M","M","R","BOSS","M","M","M","M","?","R","M","E"],"items_purchased_type":["Relic","Relic","Relic"],"build_version":"2020-12-22","purchased_purges":0,"victory":false,"max_hp_per_floor":[60,60,60,60,60,60,60,60,60,60,60,60,60,60,60,60,60,60,60,60,60,60,60,60,60,60,60,60,60,60,60,60,60,60,60,60,60,60,60,60,60,60,60],"card_choices":[{"not_picked":["AbbyMod:SweetPancakes","AbbyMod:AdultWords"],"picked":"AbbyMod:HolidayWishes","floor":1.0},{"not_picked":["AbbyMod:ConsumeFlesh","AbbyMod:ChocoKey"],"picked":"AbbyMod:Ab_FiveStars","floor":2.0},{"not_picked":["AbbyMod:AttoSecond","AbbyMod:SanityCheck"],"picked":"AbbyMod:EyesOfMadness","floor":3.0},{"not_picked":["AbbyMod:HeroCreationA","AbbyMod:AceInTheHole"],"picked":"AbbyMod:SuperMuscular","floor":4.0},{"not_picked":["AbbyMod:LiftSkirt","AbbyMod:ConsumeFlesh"],"picked":"AbbyMod:MysteryKey","floor":5.0},{"not_picked":["AbbyMod:ExposeNavel","AbbyMod:LossOfSanity"],"picked":"AbbyMod:SuperMuscular","floor":11.0},{"not_picked":["AbbyMod:Ab_SwirlOfMadness","AbbyMod:ConsumeFlesh"],"picked":"AbbyMod:Hitomi","floor":12.0},{"not_picked":["AbbyMod:WitchTrial","AbbyMod:Ab_SwirlOfMadness"],"picked":"AbbyMod:SuperMuscular","floor":14.0},{"not_picked":["AbbyMod:Ab_OldOneTrigger","AbbyMod:AbsoluteCorruption"],"picked":"AbbyMod:PantyShot","floor":16.0},{"not_picked":["AbbyMod:ChocoKey","AbbyMod:Keyblade"],"picked":"AbbyMod:EyesOfMadness+1","floor":18.0},{"not_picked":["AbbyMod:SuperMuscular","AbbyMod:Kuroboshi"],"picked":"AbbyMod:FamiliarShield+1","floor":19.0},{"not_picked":["AbbyMod:TentacleSwarm","AbbyMod:VoidHeretic"],"picked":"AbbyMod:Ab_FiveStars","floor":20.0},{"not_picked":["AbbyMod:WitchTrial","AbbyMod:Ab_SwirlOfMadness"],"picked":"AbbyMod:HolidayWishes+1","floor":23.0},{"not_picked":["AbbyMod:Ab_DarkestPact","AbbyMod:DemonPancake"],"picked":"AbbyMod:FarAwayFriend","floor":27.0},{"not_picked":["AbbyMod:OldOneLimb","AbbyMod:LargeTentacle"],"picked":"AbbyMod:Thflth","floor":28.0},{"not_picked":["AbbyMod:Kuroboshi","AbbyMod:OldOneLimb","AbbyMod:AceInTheHole+1"],"picked":"SKIP","floor":30.0},{"not_picked":["AbbyMod:AdultWords","AbbyMod:EyesOfMadness"],"picked":"AbbyMod:CloneArmy","floor":31.0},{"not_picked":["AbbyMod:PrayerOfFaith","AbbyMod:StarRadiance+1"],"picked":"AbbyMod:SanityCheck","floor":35},{"not_picked":["AbbyMod:TentacleSwarm","AbbyMod:ChocoKey+1"],"picked":"AbbyMod:LargeTentacle","floor":36},{"not_picked":["AbbyMod:FlyingMascot","AbbyMod:AceInTheHole+1"],"picked":"AbbyMod:Dabigail+1","floor":37},{"not_picked":["AbbyMod:ConsumeFlesh+1","AbbyMod:WitchTrial","AbbyMod:Ab_DarkestPact"],"picked":"SKIP","floor":38},{"not_picked":["AbbyMod:AlignStars","AbbyMod:Ygna","AbbyMod:FamiliarShield+1"],"picked":"SKIP","floor":41}],"player_experience":188535,"relics_obtained":[{"floor":9.0,"key":"Bag of Preparation"},{"floor":11.0,"key":"HornCleat"},{"floor":26.0,"key":"War Paint"},{"floor":27.0,"key":"Bag of Marbles"},{"floor":37,"key":"LetterFromLob"}],"event_choices":[{"damage_healed":0.0,"max_hp_gain":0.0,"max_hp_loss":0.0,"gold_gain":0.0,"event_name":"Living Wall","player_choice":"Grow","floor":0.0,"gold_loss":0.0,"damage_taken":0.0,"cards_upgraded":["AbbyMod:FleetingSanity"]},{"damage_healed":0.0,"max_hp_gain":0.0,"max_hp_loss":0.0,"gold_gain":0.0,"event_name":"NoteForYourself","player_choice":"Ignored","floor":10.0,"gold_loss":0.0,"damage_taken":0.0},{"damage_healed":0.0,"max_hp_gain":0.0,"max_hp_loss":0.0,"gold_gain":0.0,"event_name":"The Mausoleum","player_choice":"Ignored","floor":22.0,"gold_loss":0.0,"damage_taken":0.0},{"damage_healed":0.0,"max_hp_gain":0.0,"max_hp_loss":0.0,"gold_gain":0.0,"event_name":"Cursed Tome","player_choice":"Ignored","floor":24.0,"gold_loss":0.0,"damage_taken":0.0}],"is_beta":false,"boss_relics":[{"not_picked":["SlaversCollar","Abe\u0027s Treasure"],"picked":"AbbyMod:YogBlessing"},{"not_picked":["Replay:Wanted Poster","Replay:Drink Me","ChewingGum"]}],"items_purged_floors":[],"is_endless":false,"potions_floor_spawned":[1,2,5,16,18,27,30,33,37],"killed_by":"Reptomancer","ascension_level":0}}