{"host":"aibqmozag2xz7y1n","time":1609771719,"event":{"mods":["AchievementEnabler","BaseMod","Colored Map","Marisa????????","Minty Spire (QoL Compilation)","StSLib","The Servant 0.9.4"],"gold_per_floor":[144,94,169,269,314,359,404,228,228,273,273,273,318,408,408,408,408],"floor_reached":16,"playtime":717,"items_purged":[],"score":102,"play_id":"484cdbd9-5adf-4d11-8935-0fdac61168bc","local_time":"20210104154839","daily_mods":["Chimera","Diverse","Midas"],"is_ascension_mode":false,"campfire_choices":[{"floor":12,"key":"REST"},{"floor":15,"key":"REST"}],"circlet_count":0,"master_deck":["Survivor","Zap","Eruption","Strike_R","Strike_G","Strike_B","Defend_R","Defend_G","Defend_P","Cleave","Conserve Battery","Prostrate","Backflip","Compile Driver","Defy+1","Steam+1"],"relics":["Burning Blood","Art of War","Toxic Egg 2","Happy Flower"],"acts_visited":["Exordium"],"potions_floor_usage":[14,14,16],"damage_taken":[{"damage":0,"enemies":"Cultist","floor":1,"turns":4},{"damage":0,"enemies":"Small Slimes","floor":5,"turns":2},{"damage":0,"enemies":"2 Louse","floor":6,"turns":2},{"damage":0,"enemies":"2 Fungi Beasts","floor":7,"turns":3},{"damage":2,"enemies":"Blue Slaver","floor":10,"turns":5},{"damage":0,"enemies":"Red Slaver","floor":13,"turns":5},{"damage":12,"enemies":"Gremlin Nob","floor":14,"turns":4},{"damage":87,"enemies":"The Guardian","floor":16,"turns":11}],"seed_played":"-6631355389535803282","potions_obtained":[{"floor":7,"key":"Energy Potion"},{"floor":13,"key":"Fire Potion"},{"floor":14,"key":"AttackPotion"}],"is_trial":false,"path_per_floor":["M","?","?","?","M","M","M","$","T","M","?","R","M","E","R","B"],"character_chosen":"IRONCLAD","items_purchased":["Backflip","Art of War"],"campfire_rested":2,"item_purchase_floors":[8,8],"current_hp_per_floor":[80,80,69,69,75,80,80,80,80,80,85,85,85,79,85,0,0],"gold":408,"neow_bonus":"","is_daily":true,"chose_seed":false,"campfire_upgraded":0,"win_rate":0.0,"timestamp":1609771719,"path_taken":["M","?","?","?","?","M","M","$","T","M","?","R","M","E","R","BOSS"],"items_purchased_type":["Card","Relic"],"build_version":"2020-12-22","purchased_purges":0,"victory":false,"max_hp_per_floor":[80,80,80,80,80,80,80,80,80,80,85,85,85,85,85,85,85],"card_choices":[{"not_picked":["Bane","Metallicize"],"picked":"Cleave","floor":1},{"not_picked":["Quick Slash","StarlightTyphoon"],"picked":"Conserve Battery","floor":5},{"not_picked":["Collapse","ClearTheMind","Starlight"],"picked":"SKIP","floor":6},{"not_picked":["Sword Boomerang","PowerUp"],"picked":"Prostrate","floor":7},{"not_picked":["DoubleEdge","Rearm+1"],"picked":"Compile Driver","floor":10},{"not_picked":["Unruled","RealityMarble"],"picked":"Defy+1","floor":13},{"not_picked":["Disarm+1","GrandCross"],"picked":"Steam+1","floor":14}],"player_experience":206670,"relics_obtained":[{"floor":9,"key":"Toxic Egg 2"},{"floor":14,"key":"Happy Flower"}],"event_choices":[{"cards_removed":["Bash"],"damage_healed":0,"gold_gain":0,"player_choice":"Card Removal","damage_taken":0,"max_hp_gain":0,"max_hp_loss":0,"event_name":"The Cleric","floor":2,"gold_loss":50},{"damage_healed":0,"gold_gain":75,"player_choice":"Gather Gold","damage_taken":11,"max_hp_gain":0,"max_hp_loss":0,"event_name":"World of Goop","floor":3,"gold_loss":0},{"damage_healed":0,"gold_gain":100,"player_choice":"Pray","damage_taken":0,"max_hp_gain":0,"max_hp_loss":0,"event_name":"Golden Shrine","floor":4,"gold_loss":0},{"damage_healed":0,"gold_gain":0,"player_choice":"Donut","damage_taken":0,"max_hp_gain":5,"max_hp_loss":0,"event_name":"Big Fish","floor":11,"gold_loss":0}],"is_beta":false,"boss_relics":[],"items_purged_floors":[],"is_endless":false,"potions_floor_spawned":[7,13,14],"killed_by":"The Guardian","ascension_level":0}}