{"host":"uonldg9uriwfhjjx","time":1609735563,"event":{"mods":["AchievementEnabler","BaseMod","Minty Spire (QoL Compilation)","Relic Stats"],"gold_per_floor":[118,138,149,74,249,274,288,318,318,337,337,370,16,31,31,108,108,121,121,8,19,39,70,70,120,195,211,13,13,30,60,72,161,173,205,4,23,42,59,85,100,118,145,145,179,204,7,7,7,7],"floor_reached":51,"playtime":1769,"items_purged":["Strike_B","Strike_B","Strike_B","Writhe"],"score":1311,"play_id":"793707a1-1ab8-466e-b539-2429af2ff8da","local_time":"20210103234603","is_ascension_mode":true,"campfire_choices":[{"floor":15,"key":"REST"},{"floor":29,"key":"REST"},{"floor":32,"key":"REST"},{"floor":44,"key":"REST"},{"floor":49,"key":"REST"}],"circlet_count":0,"master_deck":["AscendersBane","Strike_B","Defend_B","Defend_B","Defend_B","Defend_B","Zap","Dualcast","Redo","Compile Driver","Conserve Battery","Doubt","Double Energy","Chaos","Conserve Battery","Undo","Defragment+1","Glacier","Ball Lightning","Biased Cognition+1","Static Discharge+1","Capacitor+1","Rainbow","Redo","Storm+1","Loop+1","Heatsinks+1","Loop+1","Defragment+1","Echo Form+1","Defragment+1","Barrage+1","Echo Form+1","Heatsinks+1","Self Repair+1","Loop+1","Storm+1","Biased Cognition+1"],"relics":["Cracked Core","NeowsBlessing","Akabeko","Frozen Egg 2","The Courier","Mummified Hand","Bag of Preparation","Oddly Smooth Stone","Sozu","StoneCalendar","Pear","Gremlin Horn","Membership Card","MawBank","Nuclear Battery","Anchor","PreservedInsect","Strawberry","Smiling Mask","Lantern","Dead Branch","Runic Capacitor"],"acts_visited":["Exordium","TheCity","TheBeyond"],"potions_floor_usage":[12,12,14,23],"damage_taken":[{"damage":0.0,"enemies":"Cultist","floor":1.0,"turns":1.0},{"damage":0.0,"enemies":"2 Louse","floor":2.0,"turns":1.0},{"damage":0.0,"enemies":"Jaw Worm","floor":3.0,"turns":1.0},{"damage":48.0,"enemies":"3 Sentries","floor":6.0,"turns":8.0},{"damage":0.0,"enemies":"2 Fungi Beasts","floor":7.0,"turns":3.0},{"damage":10.0,"enemies":"Looter","floor":10.0,"turns":3.0},{"damage":8,"enemies":"Gremlin Nob","floor":12,"turns":3},{"damage":0,"enemies":"Exordium Thugs","floor":14,"turns":4},{"damage":22,"enemies":"Slime Boss","floor":16,"turns":23},{"damage":0,"enemies":"Spheric Guardian","floor":18,"turns":1},{"damage":0,"enemies":"Chosen","floor":21,"turns":4},{"damage":5,"enemies":"Centurion and Healer","floor":22,"turns":4},{"damage":37,"enemies":"Slavers","floor":23,"turns":3},{"damage":24,"enemies":"3 Cultists","floor":27,"turns":4},{"damage":6,"enemies":"Cultist and Chosen","floor":30,"turns":4},{"damage":14,"enemies":"Book of Stabbing","floor":31,"turns":3},{"damage":19,"enemies":"Champ","floor":33,"turns":4},{"damage":0,"enemies":"Orb Walker","floor":35,"turns":2},{"damage":0,"enemies":"3 Shapes","floor":37,"turns":3},{"damage":0,"enemies":"Maw","floor":38,"turns":5},{"damage":0,"enemies":"Writhing Mass","floor":39,"turns":3},{"damage":1,"enemies":"Nemesis","floor":40,"turns":3},{"damage":21,"enemies":"Transient","floor":41,"turns":5},{"damage":45,"enemies":"Jaw Worm Horde","floor":42,"turns":3},{"damage":0,"enemies":"Reptomancer","floor":45,"turns":3},{"damage":0,"enemies":"Mind Bloom Boss Battle","floor":46,"turns":2},{"damage":29,"enemies":"Awakened One","floor":50,"turns":3}],"seed_played":"-2616951413898862244","potions_obtained":[{"floor":6.0,"key":"PowerPotion"},{"floor":10.0,"key":"AttackPotion"},{"floor":12,"key":"SpeedPotion"},{"floor":16,"key":"Fire Potion"}],"is_trial":false,"path_per_floor":["M","M","M","$","?","E","M","?","T","M","T","E","$","M","R","B",null,"M","?","$","M","M","E","?","?","T","M","$","R","M","E","R","B",null,"M","$","M","M","M","E","M","M","T","R","E","?","$","?","R","B",null],"character_chosen":"DEFECT","items_purchased":["Defragment+1","Oddly Smooth Stone","Glacier","Ball Lightning","Static Discharge+1","Capacitor+1","Membership Card","Storm+1","Loop+1","Heatsinks+1","Defragment+1","Anchor","PreservedInsect","Runic Capacitor","Storm+1","Biased Cognition+1"],"campfire_rested":5,"item_purchase_floors":[13,13,13,13,20,20,28,28,28,28,36,36,36,47,47,47],"current_hp_per_floor":[68,68,68,68,68,20,20,20,20,10,10,2,2,2,24,2,57,57,57,57,57,52,15,25,25,25,1,1,26,20,6,31,12,67,67,67,67,67,67,73,52,7,7,34,44,44,44,44,70,51],"gold":7,"neow_bonus":"THREE_ENEMY_KILL","is_daily":false,"chose_seed":false,"campfire_upgraded":0,"win_rate":0.0,"timestamp":1609735563,"path_taken":["M","?","M","$","?","E","M","?","T","M","?","E","$","M","R","BOSS","M","?","$","M","M","E","?","?","T","M","$","R","?","E","R","BOSS","M","$","?","M","M","E","M","M","T","R","E","?","$","?","R","BOSS"],"items_purchased_type":["Card","Relic","Card","Card","Card","Card","Relic","Card","Card","Card","Card","Relic","Relic","Relic","Card","Card"],"build_version":"2020-12-22","purchased_purges":4,"victory":true,"max_hp_per_floor":[75,75,75,75,75,75,75,75,75,75,75,75,75,75,75,75,75,75,75,75,75,75,75,85,85,85,85,85,85,85,85,85,85,85,85,85,85,85,85,92,92,92,92,92,92,92,92,87,87,87],"relic_stats":{"Sozu":7,"Gremlin Horn":[13,14],"counters":[27,106],"Mummified Hand":[181],"Dead Branch":[3],"StoneCalendar":[0],"PreservedInsect":112,"Bag of Preparation":[40],"MawBank":60,"Smiling Mask":10,"obtain_stats":[{"Lantern":45,"Pear":24,"NeowsBlessing":0,"Gremlin Horn":26,"Dead Branch":46,"Oddly Smooth Stone":13,"StoneCalendar":23,"The Courier":9,"PreservedInsect":36,"Bag of Preparation":12,"Runic Capacitor":47,"Frozen Egg 2":8,"MawBank":31,"Smiling Mask":43,"Akabeko":6,"Nuclear Battery":34,"Sozu":17,"Anchor":36,"Mummified Hand":11,"Strawberry":40,"Membership Card":28,"Cracked Core":0},{"Lantern":25,"Pear":13,"NeowsBlessing":0,"Gremlin Horn":13,"Dead Branch":26,"Oddly Smooth Stone":7,"StoneCalendar":13,"The Courier":5,"PreservedInsect":18,"Bag of Preparation":7,"Runic Capacitor":26,"Frozen Egg 2":5,"MawBank":16,"Smiling Mask":24,"Akabeko":4,"Nuclear Battery":17,"Sozu":9,"Anchor":18,"Mummified Hand":6,"Strawberry":22,"Membership Card":14,"Cracked Core":0},{"Lantern":101,"Pear":59,"NeowsBlessing":0,"Gremlin Horn":59,"Dead Branch":103,"Oddly Smooth Stone":20,"StoneCalendar":59,"The Courier":14,"PreservedInsect":76,"Bag of Preparation":20,"Runic Capacitor":103,"Frozen Egg 2":14,"MawBank":70,"Smiling Mask":98,"Akabeko":11,"Nuclear Battery":74,"Sozu":47,"Anchor":76,"Mummified Hand":17,"Strawberry":90,"Membership Card":63,"Cracked Core":0}]},"card_choices":[{"not_picked":["Stack","Beam Cell"],"picked":"Redo","floor":1.0},{"not_picked":["Stack","Doom and Gloom"],"picked":"Compile Driver","floor":2.0},{"not_picked":["Steam","Aggregate"],"picked":"Conserve Battery","floor":3.0},{"not_picked":["Sweeping Beam","Compile Driver"],"picked":"Double Energy","floor":6.0},{"not_picked":["Go for the Eyes","Undo"],"picked":"Chaos","floor":7.0},{"not_picked":["Reprogram","Steam"],"picked":"Conserve Battery","floor":10.0},{"not_picked":["Compile Driver","Blizzard"],"picked":"Undo","floor":12},{"not_picked":["Beam Cell","Steam","Glacier"],"picked":"SKIP","floor":14},{"not_picked":["Core Surge","Echo Form+1"],"picked":"Biased Cognition+1","floor":16},{"not_picked":["Conserve Battery","Gash","Hologram"],"picked":"SKIP","floor":18},{"not_picked":["Beam Cell","Stack","Glacier"],"picked":"SKIP","floor":21},{"not_picked":["Go for the Eyes","Beam Cell","Leap"],"picked":"SKIP","floor":22},{"not_picked":["Steam","Redo"],"picked":"Rainbow","floor":23},{"not_picked":["Rebound","Double Energy"],"picked":"Redo","floor":27},{"not_picked":["Doom and Gloom","Rebound+1"],"picked":"Loop+1","floor":30},{"not_picked":["Hologram","Steam"],"picked":"Defragment+1","floor":31},{"not_picked":["Fission","Hyperbeam"],"picked":"Echo Form+1","floor":33},{"not_picked":["Rebound","Streamline","Go for the Eyes+1"],"picked":"SKIP","floor":35},{"not_picked":["Turbo+1","Genetic Algorithm"],"picked":"Barrage+1","floor":37},{"not_picked":["Rebound","Ball Lightning+1","Cold Snap"],"picked":"SKIP","floor":38},{"not_picked":["Coolheaded+1","Conserve Battery"],"picked":"Echo Form+1","floor":39},{"not_picked":["Leap","Sunder","Reprogram"],"picked":"SKIP","floor":40},{"not_picked":["Conserve Battery","Beam Cell+1"],"picked":"Heatsinks+1","floor":41},{"not_picked":["Beam Cell","Static Discharge+1"],"picked":"Self Repair+1","floor":42},{"not_picked":["Sunder","Stack"],"picked":"Loop+1","floor":45}],"player_experience":736094,"relics_obtained":[{"floor":6.0,"key":"Akabeko"},{"floor":9.0,"key":"The Courier"},{"floor":11.0,"key":"Mummified Hand"},{"floor":12,"key":"Bag of Preparation"},{"floor":23,"key":"StoneCalendar"},{"floor":26,"key":"Gremlin Horn"},{"floor":31,"key":"MawBank"},{"floor":40,"key":"Strawberry"},{"floor":43,"key":"Smiling Mask"},{"floor":45,"key":"Lantern"},{"floor":46,"key":"Dead Branch"}],"event_choices":[{"damage_healed":0.0,"max_hp_gain":0.0,"max_hp_loss":0.0,"gold_gain":175.0,"event_name":"Liars Game","player_choice":"AGREE","floor":5.0,"gold_loss":0.0,"damage_taken":0.0,"cards_obtained":["Doubt"]},{"damage_healed":0.0,"max_hp_gain":0.0,"max_hp_loss":0.0,"gold_gain":30.0,"event_name":"Dead Adventurer","player_choice":"Searched \u00272\u0027 times","floor":8.0,"gold_loss":0.0,"damage_taken":0.0,"relics_obtained":["Frozen Egg 2"]},{"damage_healed":0,"gold_gain":0,"player_choice":"Ignored","damage_taken":0,"max_hp_gain":0,"max_hp_loss":0,"event_name":"Vampires","floor":19,"gold_loss":0},{"damage_healed":0,"gold_gain":0,"player_choice":"Opened","damage_taken":0,"relics_obtained":["Pear"],"max_hp_gain":0,"max_hp_loss":0,"event_name":"The Mausoleum","floor":24,"gold_loss":0,"cards_obtained":["Writhe"]},{"damage_healed":0,"gold_gain":100,"player_choice":"Bet on Murderer","damage_taken":0,"max_hp_gain":0,"max_hp_loss":0,"event_name":"The Joust","floor":25,"gold_loss":50},{"damage_healed":0,"gold_gain":0,"player_choice":"Fight","damage_taken":0,"max_hp_gain":0,"max_hp_loss":0,"event_name":"MindBloom","floor":46,"gold_loss":0},{"damage_healed":0,"gold_gain":0,"player_choice":"Max HP","damage_taken":0,"max_hp_gain":0,"max_hp_loss":5,"event_name":"Winding Halls","floor":48,"gold_loss":0}],"is_beta":false,"boss_relics":[{"not_picked":["Cursed Key","Fusion Hammer"],"picked":"Sozu"},{"not_picked":["SacredBark","Snecko Eye"],"picked":"Nuclear Battery"}],"items_purged_floors":[4,13,36,47],"is_endless":false,"potions_floor_spawned":[6,10,12,16,18,21,31,35,37,41,45],"ascension_level":13}}