{"host":"dmdprxj8bosbz96f","time":1609774846,"event":{"mods":["AchievementEnabler","BaseMod","Colored Map","DeckTracker","Minty Spire (QoL Compilation)","Quick Restart","SuperFastMode","everything is the same but u backflip on backflip"],"gold_per_floor":[115,40,40,40,59,59,89,106,106,121,121,121,136,36,36,137,137,148,68,86,86,86,86,98,110,110,110,110,110],"floor_reached":28,"playtime":959,"items_purged":["Defend_G","Defend_G"],"score":292,"play_id":"aacf2559-8718-4a50-a5e5-d22fb78f1d7b","local_time":"20210105004046","is_ascension_mode":true,"campfire_choices":[{"data":"Footwork","floor":6.0,"key":"SMITH"},{"floor":12.0,"key":"REST"},{"data":"Deadly Poison","floor":15.0,"key":"SMITH"},{"data":"Neutralize","floor":23.0,"key":"SMITH"}],"circlet_count":0,"master_deck":["Strike_G","Strike_G","Strike_G","Strike_G","Strike_G","Defend_G","Defend_G","Survivor","Neutralize+1","Footwork+1","Dagger Throw","Prepared","Deadly Poison+1","Reflex+1","Prepared+1","Venomology+1","Deflect+1","Noxious Fumes","Bouncing Flask+1","Decay","Bouncing Flask+1","Concentrate+1"],"relics":["Ring of the Snake","NeowsBlessing","Snake Skull","Toxic Egg 2","Philosopher\u0027s Stone","Meat on the Bone","Darkstone Periapt"],"acts_visited":["Exordium","TheCity"],"potions_floor_usage":[28],"damage_taken":[{"damage":0.0,"enemies":"2 Louse","floor":1.0,"turns":1.0},{"damage":0.0,"enemies":"Jaw Worm","floor":5.0,"turns":1.0},{"damage":0.0,"enemies":"Gremlin Nob","floor":7.0,"turns":1.0},{"damage":11.0,"enemies":"Small Slimes","floor":8.0,"turns":3.0},{"damage":24.0,"enemies":"3 Louse","floor":10.0,"turns":3.0},{"damage":1.0,"enemies":"Red Slaver","floor":13.0,"turns":5.0},{"damage":19.0,"enemies":"The Guardian","floor":16.0,"turns":9.0},{"damage":20.0,"enemies":"3 Byrds","floor":18.0,"turns":4.0},{"damage":1.0,"enemies":"Shell Parasite","floor":20.0,"turns":4.0},{"damage":30.0,"enemies":"3 Cultists","floor":24.0,"turns":6.0},{"damage":29.0,"enemies":"Centurion and Healer","floor":25.0,"turns":5.0},{"damage":0,"enemies":"Chosen and Byrds","floor":28,"turns":1}],"seed_played":"2161290801395707192","potions_obtained":[{"floor":5.0,"key":"SteroidPotion"},{"floor":8.0,"key":"Weak Potion"},{"floor":16.0,"key":"CunningPotion"},{"floor":24.0,"key":"SpeedPotion"},{"floor":25.0,"key":"Explosive Potion"}],"is_trial":false,"path_per_floor":["M","$","?","?","M","R","E","M","T","M","?","R","M","$","R","B",null,"M","$","M","?","?","R","M","M","T","?","M"],"character_chosen":"THE_SILENT","items_purchased":["Noxious Fumes"],"campfire_rested":1,"item_purchase_floors":[19],"current_hp_per_floor":[70,70,70,70,70,70,70,59,59,35,28,49,48,48,48,29,70,50,50,63,63,63,63,46,17,17,17,17,17],"gold":110,"neow_bonus":"THREE_ENEMY_KILL","is_daily":false,"chose_seed":false,"campfire_upgraded":3,"win_rate":0.0,"timestamp":1609774846,"path_taken":["M","$","?","?","?","R","E","M","T","M","?","R","M","$","R","BOSS","M","$","M","?","?","R","M","M","T","?","?"],"items_purchased_type":["Card"],"build_version":"2020-12-22","purchased_purges":2,"victory":false,"max_hp_per_floor":[70,70,70,70,70,70,70,70,70,70,70,70,70,70,70,70,70,70,70,70,70,70,70,70,70,70,70,70,70],"card_choices":[{"not_picked":["Flying Knee","Cloak And Dagger"],"picked":"Footwork","floor":1.0},{"not_picked":["Bane","Flechettes"],"picked":"Dagger Throw","floor":5.0},{"not_picked":["Quick Slash","Choke"],"picked":"Prepared","floor":7.0},{"not_picked":["Outmaneuver","Acrobatics"],"picked":"Deadly Poison","floor":8.0},{"not_picked":["Quick Slash","Envenom"],"picked":"Reflex+1","floor":10.0},{"not_picked":["Accuracy","Slice"],"picked":"Prepared+1","floor":13.0},{"not_picked":["Night Terror+1","Storm of Steel+1"],"picked":"Venomology+1","floor":16.0},{"not_picked":["Prepared+1","Dagger Spray"],"picked":"Deflect+1","floor":18.0},{"not_picked":["Choke","Distraction+1"],"picked":"Bouncing Flask+1","floor":20.0},{"not_picked":["Dagger Throw","Flying Knee"],"picked":"Bouncing Flask+1","floor":24.0},{"not_picked":["Distraction+1","Crippling Poison+1"],"picked":"Concentrate+1","floor":25.0}],"player_experience":124246,"relics_obtained":[{"floor":7.0,"key":"Snake Skull"},{"floor":9.0,"key":"Toxic Egg 2"},{"floor":26.0,"key":"Meat on the Bone"}],"event_choices":[{"damage_healed":0.0,"max_hp_gain":0.0,"max_hp_loss":0.0,"gold_gain":0.0,"event_name":"The Cleric","player_choice":"Leave","floor":3.0,"gold_loss":0.0,"damage_taken":0.0},{"damage_healed":0.0,"max_hp_gain":0.0,"max_hp_loss":0.0,"gold_gain":0.0,"event_name":"Liars Game","player_choice":"Ignored","floor":4.0,"gold_loss":0.0,"damage_taken":0.0},{"cards_removed":["Defend_G"],"damage_healed":0.0,"max_hp_gain":0.0,"max_hp_loss":0.0,"gold_gain":0.0,"event_name":"Golden Wing","player_choice":"Card Removal","floor":11.0,"gold_loss":0.0,"damage_taken":7.0},{"damage_healed":0.0,"max_hp_gain":0.0,"max_hp_loss":0.0,"gold_gain":0.0,"event_name":"Ghosts","player_choice":"Ignored","floor":21.0,"gold_loss":0.0,"damage_taken":0.0},{"damage_healed":0.0,"max_hp_gain":0.0,"max_hp_loss":0.0,"gold_gain":0.0,"event_name":"Forgotten Altar","player_choice":"Smashed Altar","floor":22.0,"gold_loss":0.0,"damage_taken":0.0,"cards_obtained":["Decay"]},{"damage_healed":0.0,"max_hp_gain":0.0,"max_hp_loss":0.0,"gold_gain":0.0,"event_name":"WeMeetAgain","player_choice":"Gave Potion","floor":27.0,"gold_loss":0.0,"damage_taken":0.0,"relics_obtained":["Darkstone Periapt"]}],"is_beta":false,"boss_relics":[{"not_picked":["Tiny House","Cursed Key"],"picked":"Philosopher\u0027s Stone"}],"items_purged_floors":[2,14],"is_endless":false,"potions_floor_spawned":[5,8,16,24,25],"killed_by":"Chosen and Byrds","ascension_level":4}}