{"host":"ci7ivtocgfxh0ueo","time":1609729238,"event":{"mods":["BaseMod","GifTheSpireLib","Minty Spire (QoL Compilation)","StSLib"],"gold_per_floor":[20,20,20,95,115,115,135,107,107,142,142,142,153,168,168,245,245,256,88,138,84,164,164,164],"floor_reached":23,"playtime":541,"items_purged":[],"score":346,"play_id":"c2f2f566-a378-42c8-8262-ea202c1ca238","local_time":"20210104110038","is_ascension_mode":true,"campfire_choices":[{"data":"Inflame","floor":6,"key":"SMITH"},{"data":"Armaments","floor":11,"key":"SMITH"},{"floor":15,"key":"REST"}],"circlet_count":0,"master_deck":["AscendersBane","Strike_R","Strike_R","Strike_R","Strike_R","Strike_R","Defend_R","Defend_R","Defend_R","Defend_R","Bash","Pummel+1","Inflame+1","Searing Blow","Armaments+1","Disarm+1","Spot Weakness","Armaments","Reaper+1"],"relics":["Burning Blood","Ginger","Incense Burner","Omamori","Calling Bell","PreservedInsect","Darkstone Periapt","Gambling Chip","Whetstone","Bottled Flame"],"acts_visited":["Exordium","TheCity"],"potions_floor_usage":[10,14,18,23,23],"damage_taken":[{"damage":6,"enemies":"Cultist","floor":1,"turns":3},{"damage":10,"enemies":"2 Louse","floor":5,"turns":3},{"damage":29,"enemies":"Jaw Worm","floor":7,"turns":4},{"damage":35,"enemies":"Lagavulin","floor":10,"turns":8},{"damage":12,"enemies":"Large Slime","floor":13,"turns":5},{"damage":20,"enemies":"Gremlin Gang","floor":14,"turns":6},{"damage":15,"enemies":"Hexaghost","floor":16,"turns":11},{"damage":52,"enemies":"Spheric Guardian","floor":18,"turns":6},{"damage":46,"enemies":"Slavers","floor":23,"turns":2}],"seed_played":"-1829575832745457368","potions_obtained":[{"floor":1,"key":"Weak Potion"},{"floor":5,"key":"FairyPotion"},{"floor":10,"key":"FearPotion"},{"floor":14,"key":"Fire Potion"},{"floor":18,"key":"CultistPotion"}],"is_trial":false,"path_per_floor":["M","?","$","?","M","R","M","$","T","E","R","?","M","M","R","B",null,"M","$","?","$","T","E"],"character_chosen":"IRONCLAD","items_purchased":["Armaments","Whetstone","Block Potion"],"campfire_rested":1,"item_purchase_floors":[8,19,21],"current_hp_per_floor":[68,68,68,57,53,53,30,30,30,28,28,28,22,8,30,21,62,16,16,16,16,16,0,0],"gold":164,"neow_bonus":"ONE_RARE_RELIC","is_daily":false,"chose_seed":false,"campfire_upgraded":2,"win_rate":0.0,"timestamp":1609729238,"path_taken":["M","?","$","?","M","R","M","$","T","E","R","?","M","M","R","BOSS","M","$","?","$","?","E"],"items_purchased_type":["Card","Relic","Potion"],"build_version":"2020-12-22","purchased_purges":0,"victory":false,"max_hp_per_floor":[75,75,75,75,75,75,75,75,75,75,75,75,75,75,75,75,75,75,75,75,75,75,75,75],"card_choices":[{"not_picked":["Perfected Strike","Flex"],"picked":"Pummel","floor":1},{"not_picked":["Clothesline","Perfected Strike"],"picked":"Inflame","floor":5},{"not_picked":["Thunderclap","Entrench"],"picked":"Searing Blow","floor":7},{"not_picked":["Body Slam","Ghostly Armor"],"picked":"Disarm","floor":10},{"not_picked":["Havoc","Body Slam"],"picked":"Spot Weakness","floor":13},{"not_picked":["Battle Trance","Wild Strike"],"picked":"Armaments","floor":14},{"not_picked":["Double Tap","Brutality"],"picked":"Reaper","floor":16},{"not_picked":["Flex","Iron Wave+1","Warcry"],"picked":"SKIP","floor":18}],"player_experience":1323413,"relics_obtained":[{"floor":9,"key":"Incense Burner"},{"floor":10,"key":"Omamori"},{"floor":17,"key":"PreservedInsect"},{"floor":17,"key":"Darkstone Periapt"},{"floor":17,"key":"Gambling Chip"},{"floor":22,"key":"Bottled Flame"}],"event_choices":[{"damage_healed":0,"gold_gain":0,"player_choice":"Ignored","damage_taken":0,"max_hp_gain":0,"max_hp_loss":0,"event_name":"Golden Idol","floor":2,"gold_loss":0},{"damage_healed":0,"gold_gain":75,"player_choice":"Gather Gold","damage_taken":11,"max_hp_gain":0,"max_hp_loss":0,"event_name":"World of Goop","floor":4,"gold_loss":0},{"damage_healed":0,"gold_gain":0,"player_choice":"Grow","damage_taken":0,"max_hp_gain":0,"max_hp_loss":0,"event_name":"Living Wall","floor":12,"gold_loss":0,"cards_upgraded":["Disarm"]},{"damage_healed":0,"gold_gain":50,"player_choice":"Pray","damage_taken":0,"max_hp_gain":0,"max_hp_loss":0,"event_name":"Golden Shrine","floor":20,"gold_loss":0}],"is_beta":false,"boss_relics":[{"not_picked":["Ectoplasm","Pandora\u0027s Box"],"picked":"Calling Bell"}],"items_purged_floors":[],"is_endless":false,"potions_floor_spawned":[1,5,10,14,18],"killed_by":"Slavers","ascension_level":17}}