{"host":"8lgo2trwv2o0qyml","time":1609737820,"event":{"mods":["BaseMod","Colored Map","Colored Powertips","DeckTracker","Highlight Path","Hubris","Infinite Spire","Minty Spire (QoL Compilation)","Quick Restart","Random Character Button","Relic Sorter","Replay The Spire","StSLib","SuperFastMode","Synergy Search","The Jungle"],"gold_per_floor":[119,119,133,34,44,78,94,128,128,128,154,154,154,170,170,271,271,281,281,281,281,291,291,291],"floor_reached":23,"playtime":1478,"items_purged":["Strike_R"],"score":209,"play_id":"69dacbbb-b5a7-4e63-a7c6-82fd6ee2f2f0","local_time":"20210104002340","is_ascension_mode":false,"campfire_choices":[{"floor":10,"key":"REST"},{"floor":15,"key":"REST"}],"circlet_count":0,"master_deck":["Strike_R+1","Strike_R+1","Strike_R+1","Defend_R+1","Defend_R+1","Defend_R+1","Defend_R+1","Bash","Anger","hubris:SharpeningStone","Flex","Disarm","Warcry","Replay:Undeath\u0027s Touch","Reckless Charge","Flex","Berserk","Armaments","infinitespire:SevenWalls"],"relics":["Black Blood","Ice Cream","hubris:ChampionShield","infinitespire:Bottled Soul","infinitespire:Joker Card","hubris:Backtick","Shuriken"],"acts_visited":["Exordium","TheCity"],"potions_floor_usage":[8,11,23],"damage_taken":[{"damage":1,"enemies":"Jaw Worm","floor":1,"turns":4},{"damage":5,"enemies":"2 Louse","floor":3,"turns":3},{"damage":2,"enemies":"Small Slimes","floor":5,"turns":2},{"damage":41,"enemies":"Lagavulin","floor":6,"turns":8},{"damage":9,"enemies":"3 Louse","floor":7,"turns":5},{"damage":35,"enemies":"3 Sentries","floor":8,"turns":8},{"damage":18,"enemies":"Lagavulin","floor":11,"turns":7},{"damage":12,"enemies":"Blue Slaver","floor":14,"turns":3},{"damage":60,"enemies":"The Guardian","floor":16,"turns":18},{"damage":40,"enemies":"Shell Parasite","floor":18,"turns":6},{"damage":23,"enemies":"3 Byrds","floor":22,"turns":8},{"damage":41,"enemies":"Slavers","floor":23,"turns":4}],"seed_played":"7921168166368517840","potions_obtained":[{"floor":7,"key":"Fire Potion"},{"floor":8,"key":"LiquidMemories"},{"floor":22,"key":"LiquidBronze"}],"is_trial":false,"path_per_floor":["M","?","M","$","M","E","M","E","T","R","E","?","?","M","R","B",null,"M","?","AVR","?","M","E"],"character_chosen":"IRONCLAD","items_purchased":["Flex"],"campfire_rested":2,"item_purchase_floors":[4],"current_hp_per_floor":[80,80,80,80,80,45,42,13,13,37,25,25,51,45,69,15,80,52,52,52,52,41,0,0],"gold":291,"neow_bonus":"RANDOM_EVENT","is_daily":false,"chose_seed":false,"campfire_upgraded":0,"win_rate":0.0,"timestamp":1609737820,"path_taken":["M","?","M","$","M","E","M","E","T","R","E","?","?","M","R","BOSS","M","?","AVR","?","M","E"],"items_purchased_type":["Card"],"build_version":"2020-12-22","purchased_purges":1,"victory":false,"max_hp_per_floor":[80,80,80,80,80,80,80,80,80,80,80,80,80,80,80,80,80,80,80,80,80,80,80,80],"card_choices":[{"not_picked":["Life Link","Uppercut","Run Through"],"picked":"SKIP","floor":1},{"not_picked":["hubris:ReadiedAction","Sword Boomerang"],"picked":"hubris:SharpeningStone","floor":3},{"not_picked":["Clothesline","Flame Barrier"],"picked":"Disarm","floor":5},{"not_picked":["Massacre","ReplayTheSpireMod:Limb From Limb"],"picked":"Warcry","floor":6},{"not_picked":["Perfected Strike","Pummel","Bludgeon"],"picked":"SKIP","floor":7},{"not_picked":["Sword Boomerang","hubris:CleavingFinish"],"picked":"Replay:Undeath\u0027s Touch","floor":8},{"not_picked":["ReplayTheSpireMod:Limb From Limb","Twin Strike"],"picked":"Reckless Charge","floor":11},{"not_picked":["Feel No Pain","Massacre"],"picked":"Flex","floor":14},{"not_picked":["hubris:StunningStrike","Brutality"],"picked":"Berserk","floor":16},{"not_picked":["Twin Strike","Body Slam"],"picked":"Armaments","floor":18},{"not_picked":["Rampage","Dark Embrace+1","Run Through"],"picked":"SKIP","floor":22}],"player_experience":12196,"relics_obtained":[{"floor":6,"key":"Ice Cream"},{"floor":8,"key":"hubris:ChampionShield"},{"floor":9,"key":"infinitespire:Bottled Soul"},{"floor":11,"key":"infinitespire:Joker Card"}],"event_choices":[{"damage_healed":0,"gold_gain":0,"player_choice":"Ignored","damage_taken":0,"max_hp_gain":0,"max_hp_loss":0,"event_name":"Golden Wing","floor":12,"gold_loss":0},{"damage_healed":26,"gold_gain":0,"player_choice":"Banana","damage_taken":0,"max_hp_gain":0,"max_hp_loss":0,"event_name":"Big Fish","floor":13,"gold_loss":0},{"damage_healed":0,"gold_gain":0,"player_choice":"Simplicity","damage_taken":0,"max_hp_gain":0,"max_hp_loss":0,"event_name":"Back to Basics","floor":19,"gold_loss":0,"cards_upgraded":["Strike_R","Strike_R","Strike_R","Defend_R","Defend_R","Defend_R","Defend_R"]},{"damage_healed":0,"gold_gain":0,"player_choice":"Ignored","damage_taken":0,"max_hp_gain":0,"max_hp_loss":0,"event_name":"N\u0027loth","floor":21,"gold_loss":0}],"is_beta":false,"boss_relics":[{"not_picked":["Replay:Bronze Core","hubris:VirtuousBlindfold"],"picked":"Black Blood"}],"items_purged_floors":[4],"is_endless":false,"potions_floor_spawned":[7,8,22],"killed_by":"Slavers","ascension_level":0}}