{"host":"rz01j32460kf2mtw","time":1609790074,"event":{"mods":["BaseMod","Downfall","Minty Spire (QoL Compilation)","Quick Restart","StSLib"],"gold_per_floor":[99,99,99,24,24,24,24,24,58,70,81,81,81,93,106,106,106,106],"floor_reached":16,"playtime":1145,"items_purged":["Guardian:Strike_Guardian"],"score":98,"play_id":"9b861b1f-2c63-4bda-bdae-0498d12434fd","local_time":"20210104125434","is_ascension_mode":false,"campfire_choices":[{"data":"Guardian:TwinSlam","floor":1,"key":"SMITH"},{"data":"Guardian:CurlUp","floor":6,"key":"SMITH"},{"floor":13,"key":"DIG"}],"circlet_count":0,"master_deck":["Guardian:Strike_Guardian","Guardian:Strike_Guardian","Guardian:Strike_Guardian","Guardian:Defend_Guardian","Guardian:Defend_Guardian","Guardian:Defend_Guardian","Guardian:Defend_Guardian","Guardian:CurlUp+1","Guardian:TwinSlam+1","Guardian:GuardianWhirl","Guardian:Suspension+1","Guardian:PiercingHide+1","Guardian:Gem_Green","Guardian:Gem_Crimson"],"relics":["Guardian:ModeShifter","downfall:HeartsMalice","Shovel","Toxic Egg 2","MealTicket"],"acts_visited":["Exordium"],"potions_floor_usage":[16,16,16,16,16,16],"damage_taken":[{"damage":0,"enemies":"Jaw Worm","floor":2,"turns":1},{"damage":0,"enemies":"downfall:FleeingMerchant","floor":4,"turns":1},{"damage":0,"enemies":"Cultist","floor":5,"turns":1},{"damage":26,"enemies":"Lagavulin","floor":9,"turns":7},{"damage":0,"enemies":"Small Slimes","floor":10,"turns":3},{"damage":3,"enemies":"2 Fungi Beasts","floor":11,"turns":4},{"damage":9,"enemies":"Lots of Slimes","floor":14,"turns":4},{"damage":19,"enemies":"Large Slime","floor":15,"turns":8},{"damage":38,"enemies":"ArchetypeAct1Statuses","floor":16,"turns":13}],"seed_played":"-793274360595188664","potions_obtained":[{"floor":10,"key":"SpeedPotion"},{"floor":11,"key":"sneckomod:MuddlingPotion"},{"floor":12,"key":"LiquidBronze"},{"floor":12,"key":"EntropicBrew"},{"floor":15,"key":"Regen Potion"}],"is_trial":false,"path_per_floor":["R","M","?","$","M","R","T","?","E","M","M","?","R","M","M","B"],"character_chosen":"GUARDIAN","items_purchased":[],"campfire_rested":0,"item_purchase_floors":[],"current_hp_per_floor":[80,80,80,80,80,80,80,80,54,54,51,51,51,42,23,0,0,0],"gold":106,"neow_bonus":"THREE_ENEMY_KILL","is_daily":false,"chose_seed":false,"campfire_upgraded":2,"win_rate":0.0,"timestamp":1609790074,"path_taken":["R","M","?","?","M","R","T","?","E","M","M","?","R","M","M","BOSS"],"items_purchased_type":[],"build_version":"2020-12-22","purchased_purges":1,"victory":false,"max_hp_per_floor":[80,80,80,80,80,80,80,80,80,80,80,80,80,80,80,80,80,80],"card_choices":[{"not_picked":["Guardian:Suspension","Guardian:ChargeUp"],"picked":"Guardian:Gem_Red","floor":2},{"not_picked":["Guardian:SpikerProtocol","Guardian:PiercingHide"],"picked":"Guardian:Gem_Crimson","floor":4},{"not_picked":["Guardian:PrimingBeam","Guardian:ShieldCharger"],"picked":"Guardian:Gem_Crimson","floor":5},{"not_picked":["Guardian:Recover+1","Guardian:Incinerate"],"picked":"Guardian:GuardianWhirl","floor":9},{"not_picked":["Guardian:Incinerate","Guardian:PrimingBeam"],"picked":"Guardian:Suspension+1","floor":10},{"not_picked":["Guardian:Gem_Lightblue","Guardian:BronzeOrb"],"picked":"Guardian:PiercingHide+1","floor":11},{"not_picked":["Guardian:Planning+1","Guardian:PiercingHide+1"],"picked":"Guardian:Gem_Green","floor":14},{"not_picked":["Guardian:PrimingBeam","Guardian:ChargeCore"],"picked":"Guardian:Gem_Crimson","floor":15}],"player_experience":856725,"relics_obtained":[{"floor":7,"key":"Shovel"},{"floor":9,"key":"Toxic Egg 2"},{"floor":13,"key":"MealTicket"}],"event_choices":[{"damage_healed":0,"gold_gain":0,"player_choice":"Got Potions","damage_taken":0,"max_hp_gain":0,"max_hp_loss":0,"event_name":"Lab","floor":12,"gold_loss":0}],"is_beta":false,"boss_relics":[],"items_purged_floors":[4],"is_endless":false,"potions_floor_spawned":[10,11,14,15],"killed_by":"ArchetypeAct1Statuses","ascension_level":0}}