{"host":"1eo5f82aifdzd7pr","time":1609774229,"event":{"mods":["AchievementEnabler","BaseMod","Colored Map","Colored Powertips","DeckTracker","Marisa????????","Minty Spire (QoL Compilation)","StSLib","SuperFastMode"],"gold_per_floor":[119,132,57,77,77,77,90,117,141,158,6,6,19,34,34,135,135,150,164,183,198,216,216,216,216,242,260,294,294,310,324,324,420,420,420],"floor_reached":34,"playtime":1256,"items_purged":["Strike_R","Strike_R"],"score":380,"play_id":"35b73664-366f-4015-9e3a-8dd161cb301c","local_time":"20210104173029","is_ascension_mode":false,"campfire_choices":[{"data":"Rampage","floor":6.0,"key":"SMITH"},{"data":"Pommel Strike","floor":12.0,"key":"SMITH"},{"data":"Bash","floor":15.0,"key":"SMITH"},{"floor":23.0,"key":"REST"},{"floor":25.0,"key":"REST"},{"floor":29.0,"key":"REST"},{"floor":32,"key":"REST"}],"circlet_count":0,"master_deck":["Strike_R","Strike_R","Strike_R","Defend_R","Defend_R","Defend_R","Defend_R","Bash+1","Rampage+1","Pommel Strike+1","Corruption","Warcry","Feel No Pain","Rage","Necronomicurse","Havoc","Exhume","Inflame+1","Iron Wave+1","Limit Break"],"relics":["Burning Blood","Ancient Tea Set","Centennial Puzzle","Philosopher\u0027s Stone","Necronomicon","Red Skull","Vajra","SlaversCollar"],"acts_visited":["Exordium","TheCity","TheBeyond"],"potions_floor_usage":[33],"damage_taken":[{"damage":2.0,"enemies":"2 Louse","floor":1.0,"turns":3.0},{"damage":1.0,"enemies":"Cultist","floor":2.0,"turns":3.0},{"damage":0.0,"enemies":"Small Slimes","floor":4.0,"turns":3.0},{"damage":11.0,"enemies":"Blue Slaver","floor":7.0,"turns":6.0},{"damage":26.0,"enemies":"Lagavulin","floor":8.0,"turns":7.0},{"damage":2.0,"enemies":"3 Louse","floor":10.0,"turns":4.0},{"damage":0.0,"enemies":"Exordium Wildlife","floor":13.0,"turns":2.0},{"damage":4.0,"enemies":"Blue Slaver","floor":14.0,"turns":3.0},{"damage":45.0,"enemies":"The Guardian","floor":16.0,"turns":8.0},{"damage":29.0,"enemies":"2 Thieves","floor":18.0,"turns":4.0},{"damage":19.0,"enemies":"Shell Parasite","floor":19.0,"turns":4.0},{"damage":21.0,"enemies":"Cultist and Chosen","floor":20.0,"turns":5.0},{"damage":16.0,"enemies":"3 Cultists","floor":21.0,"turns":5.0},{"damage":21.0,"enemies":"Snake Plant","floor":22.0,"turns":4.0},{"damage":20.0,"enemies":"Sentry and Sphere","floor":27.0,"turns":5.0},{"damage":20.0,"enemies":"Gremlin Leader","floor":28.0,"turns":6.0},{"damage":9,"enemies":"Cultist and Chosen","floor":30,"turns":7},{"damage":22,"enemies":"Snake Plant","floor":31,"turns":3},{"damage":23,"enemies":"Champ","floor":33,"turns":8}],"seed_played":"-1282694359810432710","potions_obtained":[{"floor":1.0,"key":"Block Potion"},{"floor":4.0,"key":"PowerPotion"},{"floor":7.0,"key":"Strength Potion"},{"floor":16.0,"key":"Explosive Potion"},{"floor":18.0,"key":"HeartOfIron"},{"floor":21.0,"key":"SteroidPotion"},{"floor":31,"key":"Strength Potion"},{"floor":33,"key":"SpeedPotion"}],"is_trial":false,"path_per_floor":["M","M","$","M","?","R","M","E","T","M","$","R","M","M","R","B",null,"M","M","M","M","M","R","?","R","T","M","E","R","M","M","R","B",null],"character_chosen":"IRONCLAD","items_purchased":["Pommel Strike"],"campfire_rested":4,"item_purchase_floors":[11],"current_hp_per_floor":[88,88,88,88,88,88,83,63,63,67,67,67,73,75,75,36,88,65,52,37,27,12,38,22,48,48,34,20,46,43,27,53,36,88,88],"gold":420,"neow_bonus":"TEN_PERCENT_HP_BONUS","is_daily":false,"chose_seed":false,"campfire_upgraded":3,"win_rate":0.0,"timestamp":1609774229,"path_taken":["M","M","$","M","?","R","M","E","T","M","$","R","M","?","R","BOSS","M","M","M","M","M","R","?","R","T","M","E","R","M","M","R","BOSS"],"items_purchased_type":["Card"],"build_version":"2020-12-22","purchased_purges":2,"victory":false,"max_hp_per_floor":[88,88,88,88,88,88,88,88,88,88,88,88,88,88,88,88,88,88,88,88,88,88,88,88,88,88,88,88,88,88,88,88,88,88,88],"card_choices":[{"not_picked":["Pummel","Sword Boomerang","Flex"],"picked":"SKIP","floor":1.0},{"not_picked":["Heavy Blade","Pummel"],"picked":"Rampage","floor":2.0},{"not_picked":["Heavy Blade","Clothesline","Armaments"],"picked":"SKIP","floor":4.0},{"not_picked":["Thunderclap","Exhume","Flex"],"picked":"SKIP","floor":7.0},{"not_picked":["Fire Breathing","Dual Wield","Feel No Pain"],"picked":"SKIP","floor":8.0},{"not_picked":["Thunderclap","True Grit","Anger"],"picked":"SKIP","floor":10.0},{"not_picked":["Flex","Cleave","Ghostly Armor"],"picked":"SKIP","floor":13.0},{"not_picked":["Whirlwind","Entrench","Pommel Strike"],"picked":"SKIP","floor":14.0},{"not_picked":["Exhume","Impervious"],"picked":"Corruption","floor":16.0},{"not_picked":["Infernal Blade+1","Entrench+1","Body Slam"],"picked":"SKIP","floor":18.0},{"not_picked":["Heavy Blade","Thunderclap","Second Wind"],"picked":"SKIP","floor":19.0},{"not_picked":["Thunderclap+1","Searing Blow"],"picked":"Warcry","floor":20.0},{"not_picked":["Anger+1","Havoc","Feel No Pain"],"picked":"SKIP","floor":21.0},{"not_picked":["Anger+1","Havoc"],"picked":"Feel No Pain","floor":21.0},{"not_picked":["Clothesline+1","Twin Strike"],"picked":"Rage","floor":22.0},{"not_picked":["Clothesline+1","Wild Strike"],"picked":"Havoc","floor":27.0},{"not_picked":["Flame Barrier","Bloodletting"],"picked":"Exhume","floor":28.0},{"not_picked":["Twin Strike","True Grit"],"picked":"Inflame+1","floor":30},{"not_picked":["Whirlwind","Clothesline"],"picked":"Iron Wave+1","floor":31},{"not_picked":["Corruption","Bludgeon"],"picked":"Limit Break","floor":33}],"player_experience":793789,"relics_obtained":[{"floor":8.0,"key":"Ancient Tea Set"},{"floor":9.0,"key":"Centennial Puzzle"},{"floor":24.0,"key":"Necronomicon"},{"floor":26.0,"key":"Red Skull"},{"floor":28.0,"key":"Vajra"}],"event_choices":[{"damage_healed":0.0,"max_hp_gain":0.0,"max_hp_loss":0.0,"gold_gain":0.0,"event_name":"NoteForYourself","player_choice":"Ignored","floor":5.0,"gold_loss":0.0,"damage_taken":0.0},{"damage_healed":0.0,"max_hp_gain":0.0,"max_hp_loss":0.0,"gold_gain":0.0,"event_name":"Cursed Tome","player_choice":"Obtained Book","floor":24.0,"gold_loss":0.0,"damage_taken":16.0}],"is_beta":false,"boss_relics":[{"not_picked":["SacredBark","Tiny House"],"picked":"Philosopher\u0027s Stone"},{"not_picked":["Pandora\u0027s Box","Runic Dome"],"picked":"SlaversCollar"}],"items_purged_floors":[3,11],"is_endless":false,"potions_floor_spawned":[1,4,7,16,18,20,21,31,33],"ascension_level":0}}