{"host":"hfvpa4llnnjpeawn","time":1609793032,"event":{"mods":["2.2 Compatiblity","AchievementEnabler","Act Like it!","Aspiration","Bard","BaseMod","Beaked The Cultist","Better Sensory Stone","Better Skull","Better Third Choice","BetterRewards","CapriCore","Conspire","Downfall","Elementarium","Energized Spire","Hubris","Infinite Spire","Jorbs\u0027s Wanderer Trilogy","Minty Spire (QoL Compilation)","Replay The Spire","Shade Mod","Spicy Shops","StSLib","The Bladedancer","The Factory","The Gatherer","The Jungle","Waifu the Spire","Wandering Minibosses"],"gold_per_floor":[109,124,124,73,88,88,88],"floor_reached":6,"playtime":597,"items_purged":["Strike_R"],"score":72,"play_id":"cb28a2fe-4867-48c1-8ad3-48d717693298","local_time":"20210104154352","is_ascension_mode":true,"campfire_choices":[],"circlet_count":0,"master_deck":["AscendersBane","Strike_R","Strike_R","Strike_R","Strike_R","Defend_R","Defend_R","Defend_R","Defend_R","Bash","Replay:BasicMightCard","Seeing Red","Iron Wave","The Bomb","Poisoned Strike","Replay:Dark Deal","expansioncontent:DefensiveStance","Power Through","Self Repair+1","Double Tap"],"relics":["hubris:EmptyBottle","Membership Card","BargainBundle","ReplayTheSpireMod:ShopPack","Iron Core","betterThird:SlimedRelic"],"acts_visited":["Exordium"],"potions_floor_usage":[6],"damage_taken":[{"damage":1.0,"enemies":"conspire:RoseBush","floor":1.0,"turns":4.0},{"damage":13.0,"enemies":"Jaw Worm","floor":2.0,"turns":3.0},{"damage":5.0,"enemies":"2 Louse","floor":5.0,"turns":3.0},{"damage":27,"enemies":"3 Sentries","floor":6,"turns":7}],"seed_played":"-86865677148512449","potions_obtained":[],"is_trial":false,"path_per_floor":["M","M","?","?","M","E"],"character_chosen":"IRONCLAD","items_purchased":["hubris:EmptyBottle","Membership Card","BargainBundle","champ:CounterPotion","SpeedPotion","Replay:BasicMightCard","Seeing Red","Iron Wave","The Bomb","ReplayTheSpireMod:ShopPack"],"campfire_rested":0,"item_purchase_floors":[0,0,0,0,0,0,0,0,0,0],"current_hp_per_floor":[68,61,61,50,45,18,18],"gold":88,"neow_bonus":"","is_daily":false,"chose_seed":false,"campfire_upgraded":0,"win_rate":0.0,"timestamp":1609793032,"path_taken":["M","M","?","?","M","E"],"items_purchased_type":["Relic","Relic","Relic","Potion","Potion","Card","Card","Card","Card","Relic"],"build_version":"2020-12-22","purchased_purges":1,"victory":false,"max_hp_per_floor":[75,75,75,75,75,75,75],"card_choices":[{"not_picked":["Midas Touch","Violence"],"picked":"Poisoned Strike","floor":0.0},{"not_picked":["Poisoned Strike","ReplayUltimateDefense"],"picked":"Replay:Dark Deal","floor":0.0},{"not_picked":["Replay:BasicMightCard","Flash of Steel"],"picked":"expansioncontent:DefensiveStance","floor":0.0},{"not_picked":["Replay:Undeath\u0027s Touch","Shrug It Off"],"picked":"Power Through","floor":1.0},{"not_picked":["Infernal Blade","Sword Boomerang","Perfected Strike"],"picked":"SKIP","floor":2.0},{"not_picked":["Cold Snap","Run Through"],"picked":"Double Tap","floor":5.0}],"player_experience":382302,"relics_obtained":[],"event_choices":[{"damage_healed":0.0,"max_hp_gain":0.0,"max_hp_loss":0.0,"gold_gain":0.0,"event_name":"betterThird:BetterGoop","player_choice":"Slimed","floor":4.0,"gold_loss":51.0,"damage_taken":11.0}],"is_beta":false,"boss_relics":[],"items_purged_floors":[0],"is_endless":false,"potions_floor_spawned":[2],"killed_by":"3 Sentries","ascension_level":20}}