{"host":"9340gkx3s2pe73zf","time":1609756805,"event":{"mods":["BaseMod","Colored Map","Colored Powertips","Downfall","Marisa£®ÏF”Í°°ƒß¿Ì…≥£©","Minty Spire (QoL Compilation)","Replay The Spire","Shop Mod","StSLib","SuperFastMode","TestMod","The Cursed","The Servant 0.9.4"],"gold_per_floor":[99,109,123,133,153,169,169,169,179,198,14,14,25,35,55,157,157,7,22,37,50,35,52,52,66,81,81,96,96,96],"floor_reached":29,"playtime":1583,"items_purged":[],"score":254,"play_id":"db164acb-1584-4e85-b93b-d7af8a133989","local_time":"20210104184005","is_ascension_mode":false,"campfire_choices":[{"floor":1.0,"key":"RECALL"},{"data":"Starlight","floor":18.0,"key":"SMITH"},{"data":"Defy","floor":27.0,"key":"SMITH"}],"circlet_count":0,"master_deck":["Strike_S","Strike_S","Strike_S","Strike_S","Defend_S","Defend_S","Defend_S","KidneyShot","Exchange","Defy+1","Spin","Potential","Starlight+1","TimeWarp","DoubleEdge","Starlight","ShatteredReality","Ricochet","Rearm+1","FastForward+1","ShatteredReality+1"],"relics":["Uniform","testmod-TestBox","testmod-DreamHouse","Happy Flower","Lantern","WarpedTongs","testmod-TimeTraveler","downfall:HeartBlessingRed","downfall:HeartBlessingBlue","Bottled Lightning"],"acts_visited":["Exordium","TheCity"],"potions_floor_usage":[],"damage_taken":[{"damage":0.0,"enemies":"Cultist","floor":2.0,"turns":4.0},{"damage":0.0,"enemies":"Small Slimes","floor":3.0,"turns":4.0},{"damage":2.0,"enemies":"2 Louse","floor":4.0,"turns":3.0},{"damage":0.0,"enemies":"2 Fungi Beasts","floor":5.0,"turns":3.0},{"damage":7.0,"enemies":"Large Slime","floor":6.0,"turns":3.0},{"damage":4.0,"enemies":"Blue Slaver","floor":9.0,"turns":2.0},{"damage":0.0,"enemies":"2 Fungi Beasts","floor":10.0,"turns":2.0},{"damage":0.0,"enemies":"downfall:FleeingMerchant","floor":11.0,"turns":4.0},{"damage":13.0,"enemies":"3 Louse","floor":13.0,"turns":2.0},{"damage":1.0,"enemies":"Large Slime","floor":14.0,"turns":2.0},{"damage":0.0,"enemies":"Lots of Slimes","floor":15.0,"turns":1.0},{"damage":26.0,"enemies":"downfall:Watcher","floor":16.0,"turns":6.0},{"damage":0.0,"enemies":"3 Byrds","floor":19.0,"turns":2.0},{"damage":0.0,"enemies":"3 Cultists","floor":20.0,"turns":2.0},{"damage":0.0,"enemies":"Cultist and Chosen","floor":21.0,"turns":3.0},{"damage":8.0,"enemies":"downfall:FleeingMerchant","floor":22.0,"turns":4.0},{"damage":14.0,"enemies":"Snake Plant","floor":23.0,"turns":3.0},{"damage":22.0,"enemies":"Snecko","floor":25.0,"turns":4.0},{"damage":0.0,"enemies":"Sentry and Sphere","floor":26.0,"turns":3.0},{"damage":21.0,"enemies":"Snake Plant","floor":28.0,"turns":3.0},{"damage":0,"enemies":"Slavers","floor":29,"turns":1}],"seed_played":"3084010453755821973","potions_obtained":[{"floor":4.0,"key":"Elixir"},{"floor":5.0,"key":"EssenceOfSteel"},{"floor":13.0,"key":"Regen Potion"},{"floor":14.0,"key":"testmod-SpacePotion"},{"floor":16.0,"key":"DuplicationPotion"},{"floor":19.0,"key":"AttackPotion"},{"floor":21.0,"key":"Explosive Potion"}],"is_trial":false,"path_per_floor":["R_BF","M","M","M","M","M","T","?","M","M","$","?","M","M","M","B",null,"R","M","M","M","$","M","T","M","M","R","M","E"],"character_chosen":"THE_SERVANT","items_purchased":["Panache"],"campfire_rested":0,"item_purchase_floors":[11],"current_hp_per_floor":[71,71,71,69,69,62,62,62,58,58,58,58,45,49,49,23,71,81,81,81,81,73,59,59,37,37,37,16,16,16],"gold":96,"neow_bonus":"TEN_PERCENT_HP_BONUS","is_daily":false,"chose_seed":false,"campfire_upgraded":2,"win_rate":0.0,"timestamp":1609756805,"path_taken":["R_BF","M","M","M","M","M","T","?","?","M","?","?","M","M","M","BOSS","R","M","M","?","$","M","T","M","M","R","M","E"],"items_purchased_type":["Card"],"build_version":"2020-12-22","purchased_purges":0,"victory":false,"max_hp_per_floor":[71,71,71,71,71,71,71,71,71,71,71,71,71,71,71,71,71,81,81,81,81,81,81,81,81,81,81,81,81,81],"card_choices":[{"not_picked":["DoubleEdge","Reset"],"picked":"Defy","floor":2.0},{"not_picked":["Read","Collapse"],"picked":"Spin","floor":3.0},{"not_picked":["Replace","Rewind"],"picked":"Potential","floor":4.0},{"not_picked":["BottledTime","Read"],"picked":"Starlight","floor":5.0},{"not_picked":["Collapse","Hightail"],"picked":"TimeWarp","floor":6.0},{"not_picked":["Contraction","Rewind"],"picked":"InstantArmor","floor":9.0},{"not_picked":["Reset","Sabotage"],"picked":"DoubleEdge","floor":10.0},{"not_picked":["StarChef","Contraction"],"picked":"Snipe","floor":11.0},{"not_picked":["Potential","MurderousAura"],"picked":"Starlight","floor":13.0},{"not_picked":["Potential","TimeWarp"],"picked":"ShatteredReality","floor":14.0},{"not_picked":["SurpressingFire","Rewind"],"picked":"Luminosity","floor":15.0},{"not_picked":["PendulumOfEternity","SoulSculpture"],"picked":"TheWorld","floor":16.0},{"not_picked":["WasteNot+1","TimeWarp"],"picked":"Ricochet","floor":19.0},{"not_picked":["Alleviate","Revamp+1"],"picked":"Rearm+1","floor":20.0},{"not_picked":["Alleviate+1","Solidify"],"picked":"Advance","floor":21.0},{"not_picked":["Replace","Contraction"],"picked":"ReturningBlade","floor":22.0},{"not_picked":["Spin","DoubleEdge","Starlight"],"picked":"SKIP","floor":23.0},{"not_picked":["DoubleEdge","Starlight"],"picked":"FastForward+1","floor":25.0},{"not_picked":["Unruled","Replace"],"picked":"ShatteredReality+1","floor":26.0},{"not_picked":["Collapse","Barrier"],"picked":"Luminosity+1","floor":28.0}],"player_experience":159322,"relics_obtained":[{"floor":24.0,"key":"Bottled Lightning"}],"event_choices":[{"damage_healed":0.0,"max_hp_gain":0.0,"max_hp_loss":0.0,"gold_gain":0.0,"cards_transformed":["Defend_S"],"event_name":"Transmorgrifier","player_choice":"Transformed","floor":8.0,"gold_loss":0.0,"damage_taken":0.0,"cards_obtained":["FlawlessForm"]},{"damage_healed":0.0,"max_hp_gain":0.0,"max_hp_loss":0.0,"gold_gain":0.0,"event_name":"Accursed Blacksmith","player_choice":"Rummage","floor":12.0,"gold_loss":0.0,"damage_taken":0.0,"relics_obtained":["WarpedTongs"],"cards_obtained":["Pain"]}],"is_beta":false,"boss_relics":[{"not_picked":["testmod-NegativeEmotionEnhancer","Ring of Chaos"],"picked":"testmod-TimeTraveler"}],"items_purged_floors":[],"is_endless":false,"potions_floor_spawned":[4,5,13,14,16,19,21],"killed_by":"Slavers","ascension_level":0}}