{"host":"ewfe3cr33ktd9xzj","time":1609750881,"event":{"mods":["AchievementEnabler","BaseMod","Colored Map","Custom Start","DeckTracker","Minty Spire (QoL Compilation)","Rare Cards Sparkle","StSLib","everything is the same but u backflip on backflip"],"gold_per_floor":[109,128,53,70,70,96,96,56,56,56,86,86,86,86,86],"floor_reached":14,"playtime":311,"items_purged":[],"score":192,"play_id":"215c3aa6-634f-4d51-b453-16707e1098e5","local_time":"20210104180121","is_ascension_mode":true,"campfire_choices":[{"data":"Flex","floor":7.0,"key":"SMITH"}],"circlet_count":0,"master_deck":["AscendersBane","Strike_R","Strike_R","Strike_R","Strike_R","Defend_R","Defend_R","Defend_R","Defend_R","Bash","Flex+1","Fire Breathing","Inflame","Berserk+1"],"relics":["Burning Blood","NeowsBlessing","Bird Faced Urn","The Courier","Matryoshka"],"acts_visited":["Exordium"],"potions_floor_usage":[],"damage_taken":[{"damage":0.0,"enemies":"Cultist","floor":1.0,"turns":1.0},{"damage":0.0,"enemies":"Small Slimes","floor":2.0,"turns":1.0},{"damage":0.0,"enemies":"Jaw Worm","floor":4.0,"turns":1.0},{"damage":20.0,"enemies":"3 Sentries","floor":6.0,"turns":5.0},{"damage":7.0,"enemies":"Looter","floor":8.0,"turns":4.0},{"damage":64.0,"enemies":"Lagavulin","floor":11.0,"turns":7.0},{"damage":32,"enemies":"Gremlin Nob","floor":14,"turns":4}],"seed_played":"5287912740953877283","potions_obtained":[{"floor":2.0,"key":"Swift Potion"},{"floor":4.0,"key":"ElixirPotion"},{"floor":11.0,"key":"FairyPotion"}],"is_trial":false,"path_per_floor":["M","M","$","M","$","E","R","M","T","$","E","?","?","E"],"character_chosen":"IRONCLAD","items_purchased":["Fire Breathing"],"campfire_rested":0,"item_purchase_floors":[3],"current_hp_per_floor":[74,75,75,75,75,61,61,66,66,66,14,14,7,22,22],"gold":86,"neow_bonus":"THREE_ENEMY_KILL","is_daily":false,"chose_seed":false,"campfire_upgraded":1,"win_rate":0.0,"timestamp":1609750881,"path_taken":["M","M","$","M","$","E","R","M","T","$","E","?","?","E"],"items_purchased_type":["Card"],"build_version":"2020-12-22","purchased_purges":0,"victory":false,"max_hp_per_floor":[75,75,75,75,75,75,75,75,75,75,75,75,75,75,75],"card_choices":[{"not_picked":["Anger","Whirlwind"],"picked":"Flex","floor":1.0},{"not_picked":["Warcry","Anger","Intimidate"],"picked":"SKIP","floor":2.0},{"not_picked":["Searing Blow","Body Slam"],"picked":"Inflame","floor":4.0},{"not_picked":["Inflame","Uppercut"],"picked":"Berserk","floor":6.0},{"not_picked":["Thunderclap","Intimidate","Armaments"],"picked":"SKIP","floor":8.0},{"not_picked":["Havoc","Thunderclap","Hemokinesis"],"picked":"SKIP","floor":11.0}],"player_experience":9049,"relics_obtained":[{"floor":6.0,"key":"Bird Faced Urn"},{"floor":9.0,"key":"The Courier"},{"floor":11.0,"key":"Matryoshka"}],"event_choices":[{"damage_healed":0,"gold_gain":0,"player_choice":"Grow","damage_taken":0,"max_hp_gain":0,"max_hp_loss":0,"event_name":"Living Wall","floor":12,"gold_loss":0,"cards_upgraded":["Berserk"]},{"cards_removed":["Strike_R"],"damage_healed":0,"gold_gain":0,"player_choice":"Card Removal","damage_taken":7,"max_hp_gain":0,"max_hp_loss":0,"event_name":"Golden Wing","floor":13,"gold_loss":0}],"is_beta":false,"boss_relics":[],"items_purged_floors":[],"is_endless":false,"potions_floor_spawned":[2,4,11],"killed_by":"Gremlin Nob","ascension_level":20}}