{"host":"0azimyi6n3ugndj4","time":1609785954,"event":{"mods":["2.2 Compatiblity","BaseMod","Bestiary","Conspire","Curses Come First","Defuse TimeMaze Blight","Hermit","Hyrulean Relics","Infinite Spire","Minty Spire (QoL Compilation)","Relic Stats","Replay The Spire","StSLib","SuperFastMode","The Cursed","The Hierophant","Uncapped","¡¼?Úª?ø«¡½REMEMod"],"gold_per_floor":[143,143,143,143,143,136,136],"floor_reached":6,"playtime":130,"items_purged":[],"score":189,"play_id":"f007b253-12ea-4693-aa15-13d41df4d7c3","local_time":"20210105034554","daily_mods":["SealedDeck","Hoarder","Insanity","Chimera","Specialized","Vintage","ControlledChaos","Allstar","Diverse","Colorless Cards","Heirloom","Time Dilation","Flight","Elite Swarm","Lethality","Midas","Binary"],"is_ascension_mode":true,"campfire_choices":[],"circlet_count":0,"master_deck":["Demon Form","Wraith Form v2","Echo Form","DevaForm","AscendersBane","Bash","Survivor","Zap","Strike_R","Strike_G","Strike_B","Defend_R","Defend_G","Defend_P","ReplayTheSpireMod:LeadingStrike","hierophant:MirrorShield","DeceiveReality","ReplayTheSpireMod:The Works","Dodge and Roll","hermit:Manifest","ReplayTheSpireMod:Strike From Hell","Rupture","TheCursedMod:CursedAmulet","Replay:Sssssssssstrike","TheCursedMod:FleshFromBone","conspire:SharedLibrary","Skim","hermit:Feint","Backstab","hermit:BodyArmor","Eviscerate","Outmaneuver","Storm","hermit:Malice","All Out Attack","hermit:TrackingShot","TheCursedMod:CircleOfFlame","hierophant:Alms","REME_Compress","Deflect","Hidden Blade","ThirdEye","ReplayTheSpireMod:GoodbyeWorld","TheCursedMod:CursedMace","TheCursedMod:AbyssShockwave","hermit:GhostlyPresence","Replay:Hum","ReplayReversal","TheCursedMod:ManaBullet","Tactician","JustLucky","JustLucky","TheCursedMod:CursedStaff","Inflame","Compile Driver","Warcry","hermit:Snipe","REME_Repentance","Replay:Hum","Flying Knee","Rampage","BasicCrystalCard","Stack","hierophant:AuricShield","CarveReality","CarveReality","CarveReality","CarveReality","CarveReality","CarveReality","CarveReality","CarveReality","CarveReality","CarveReality","CarveReality","CarveReality","CarveReality","CarveReality","CarveReality","Entrench","Entrench","Entrench","hermit:Coalescence","hermit:Coalescence","hermit:Coalescence","Spot Weakness","Spot Weakness","Spot Weakness","Armaments","Armaments","Armaments","hermit:Headshot","hermit:Headshot","hermit:Headshot","ReplayTheSpireMod:Repulse","ReplayTheSpireMod:Repulse","ReplayTheSpireMod:Repulse","JustLucky","JustLucky","JustLucky","ClearTheMind","ClearTheMind","ClearTheMind","hierophant:Martyrdom","hierophant:Martyrdom","hierophant:Martyrdom","Prostrate","Prostrate","Prostrate","Wraith Form v2","Wraith Form v2","Wraith Form v2"],"relics":["Frozen Eye","Busted Crown","REME_ComplimentaryCards","Durian","Onion Ring","Replay:M_SmolderingBlood"],"acts_visited":["Exordium"],"potions_floor_usage":[6],"damage_taken":[{"damage":44,"enemies":"Small Slimes","floor":1,"turns":4},{"damage":29,"enemies":"3 Sentries","floor":6,"turns":7}],"seed_played":"6252584013549075607","potions_obtained":[{"floor":1,"key":"Weak Potion"}],"is_trial":true,"path_per_floor":["M","?","?","$","?","E"],"character_chosen":"WATCHER","items_purchased":[],"campfire_rested":0,"item_purchase_floors":[],"current_hp_per_floor":[22,22,22,22,27,0,0],"gold":136,"neow_bonus":"","is_daily":false,"chose_seed":false,"campfire_upgraded":0,"win_rate":0.0,"timestamp":1609785954,"path_taken":["M","?","?","?","?","E"],"items_purchased_type":[],"build_version":"2020-12-22","purchased_purges":0,"victory":false,"max_hp_per_floor":[73,73,73,73,78,78,78],"relic_stats":{"Busted Crown":0,"counters":[2,11],"obtain_stats":[{"Frozen Eye":0,"Busted Crown":0,"Replay:M_SmolderingBlood":3,"Onion Ring":1,"Durian":0,"PureWater":0,"REME_ComplimentaryCards":0},{"Frozen Eye":0,"Busted Crown":0,"Replay:M_SmolderingBlood":1,"Onion Ring":1,"Durian":0,"PureWater":0,"REME_ComplimentaryCards":0},{"Frozen Eye":0,"Busted Crown":0,"Replay:M_SmolderingBlood":4,"Onion Ring":4,"Durian":0,"PureWater":0,"REME_ComplimentaryCards":0}]},"card_choices":[],"player_experience":1523321,"relics_obtained":[{"floor":1,"key":"Onion Ring"}],"event_choices":[{"cards_removed":["Eruption"],"damage_healed":0,"gold_gain":0,"player_choice":"Forget","damage_taken":0,"max_hp_gain":0,"max_hp_loss":0,"event_name":"Living Wall","floor":2,"gold_loss":0},{"damage_healed":0,"gold_gain":0,"player_choice":"Donut","damage_taken":0,"max_hp_gain":5,"max_hp_loss":0,"event_name":"Big Fish","floor":5,"gold_loss":0}],"is_beta":false,"boss_relics":[],"items_purged_floors":[],"is_endless":false,"potions_floor_spawned":[1],"killed_by":"3 Sentries","ascension_level":20}}