{"host":"w1xj5yb993x94b3l","time":1609783157,"event":{"mods":["AchievementEnabler","Act Like it!","Aspiration","BaseMod","Beaked The Cultist","BetterRewards","CCEM","Clockwork Mod","Colored Powertips","Conspire","Downfall","Energized Spire","Friendly Minions","GifTheSpireLib","Glutton Mod","Halation","Hubris","Infinite Spire","Lobotomy","LobotomyExtend","Mad Scientist","Marisa????????","Minty Spire (QoL Compilation)","Relic Sorter","Replay The Spire","Slumbering Mod","Spikes Relics","StSLib","Stuff the Spire","The Bladedancer","The Construct","The Disciple","The Jungle","The Mystic","The Runesmith","The Sage","The Servant 0.9.4","Trackpad","vexMod"],"gold_per_floor":[99,99,48,48,62,76,102,111,96,21,21,6,6,25,37,133,133,133,133,118,118,118,138,165,165,165,180,180,211,211,211,231,231,231],"floor_reached":33,"playtime":2115,"items_purged":[],"score":259,"play_id":"bca96adf-923f-47aa-acb9-ce390d3492c8","local_time":"20210104185917","is_ascension_mode":false,"campfire_choices":[{"floor":1,"key":"DIG"},{"data":"sneckomod:WideSting","floor":10,"key":"SMITH"},{"floor":13,"key":"REST"},{"floor":28,"key":"REST"}],"circlet_count":0,"master_deck":["sneckomod:Strike","sneckomod:Strike","sneckomod:Defend","sneckomod:Defend","sneckomod:Defend","sneckomod:TailWhip","sneckomod:SnekBite","sneckomod:Unknown","sneckomod:Unknown","sneckomod:WideSting+1","sneckomod:SlitherStrike+1","sneckomod:UnknownClassRED","sneckomod:UnknownClassINFINITE_BLACK+1","sneckomod:QuickBite","sneckomod:IronFang+1","sneckomod:UnknownUncommonPower+1","sneckomod:ImprovisedGuard+1","sneckomod:QuickMove","sneckomod:UnknownRarePower+1","sneckomod:UnknownVulnerable+1","sneckomod:Unknown0Cost+1","Shame","sneckomod:UnknownClassTHE_CHAMP_GRAY","ShadowRift","Dagger Spray","Poison Darts","sneckomod:UnknownRareSkill","sneckomod:UnknownClassPURPLE+1","sneckomod:UnknownUncommonPower"],"relics":["sneckomod:SneckoSoul","downfall:HeartsMalice","aspiration:ArtOfWarUpgrade","LetterFromLob","Tiny Chest","downfall:HeartBlessingGreen","vexMod:ImprovementManual","StuffTheSpire:GrapeVine","CCEMRelics:Barrel","Runesmith:Locket","RoseTintedShades","Nloth\u0027s Gift"],"acts_visited":["Exordium","TheCity"],"potions_floor_usage":[16,16,16,27,33,33],"damage_taken":[{"damage":0,"enemies":"Cultist","floor":2,"turns":1},{"damage":0,"enemies":"downfall:FleeingMerchant","floor":3,"turns":1},{"damage":0,"enemies":"Small Slimes","floor":4,"turns":1},{"damage":2,"enemies":"2 Louse","floor":5,"turns":3},{"damage":7,"enemies":"Large Slime","floor":6,"turns":4},{"damage":17,"enemies":"3 Sentries","floor":8,"turns":3},{"damage":0,"enemies":"downfall:FleeingMerchant","floor":9,"turns":4},{"damage":2,"enemies":"downfall:FleeingMerchant","floor":12,"turns":4},{"damage":6,"enemies":"2 Fungi Beasts","floor":14,"turns":3},{"damage":13,"enemies":"Exordium Thugs","floor":15,"turns":4},{"damage":71,"enemies":"downfall:Defect","floor":16,"turns":8},{"damage":0,"enemies":"Chosen","floor":19,"turns":1},{"damage":4,"enemies":"downfall:FleeingMerchant","floor":20,"turns":4},{"damage":0,"enemies":"conspire:FuzzyDice","floor":23,"turns":5},{"damage":31,"enemies":"Chosen and Byrds","floor":27,"turns":6},{"damage":10,"enemies":"conspire:SneckoGhost","floor":29,"turns":5},{"damage":29,"enemies":"Dream Cultist and Chosen","floor":32,"turns":8},{"damage":59,"enemies":"downfall:Silent","floor":33,"turns":9}],"seed_played":"-2270769121255361958","potions_obtained":[{"floor":5,"key":"SpeedPotion"},{"floor":14,"key":"Toxic Potion"},{"floor":15,"key":"Swift Potion"},{"floor":16,"key":"ColorlessPotion"},{"floor":23,"key":"BlessingOfTheForge"},{"floor":27,"key":"FearPotion"}],"is_trial":false,"path_per_floor":["R","M","$","M","M","M","T","E","$","R","?","$","R","M","M","B",null,"R","M","$","M","?","M","T","?","R","M","R","E","T","?","M","B"],"character_chosen":"THE_SNECKO","items_purchased":["sneckomod:SlitherStrike+1"],"campfire_rested":2,"item_purchase_floors":[3],"current_hp_per_floor":[90,91,91,92,91,84,84,67,67,67,67,66,94,88,75,5,95,95,96,93,93,93,94,94,94,94,66,95,86,86,86,58,0,0],"gold":231,"neow_bonus":"THREE_ENEMY_KILL","is_daily":false,"chose_seed":false,"campfire_upgraded":1,"win_rate":0.0,"timestamp":1609783157,"path_taken":["R","M","?","?","M","M","T","E","$","R","?","$","R","M","M","BOSS","R","M","$","M","?","M","T","?","R","M","R","E","?","?","M","BOSS"],"items_purchased_type":["Card"],"build_version":"2020-12-22","purchased_purges":0,"victory":false,"max_hp_per_floor":[90,91,91,92,93,93,93,93,93,93,93,94,94,94,94,95,95,95,96,97,97,97,98,98,98,98,99,99,100,100,100,101,101,101],"card_choices":[{"not_picked":["sneckomod:UnknownClassSLIMEBOUND","sneckomod:DefensiveFlair"],"picked":"sneckomod:UnknownWeak","floor":2},{"not_picked":["sneckomod:UnknownVulnerable","sneckomod:UnknownClassFIRST_TEAL_COLOR"],"picked":"sneckomod:WideSting","floor":3},{"not_picked":["sneckomod:SlitherStrike","sneckomod:QuickMove"],"picked":"sneckomod:UnknownClassRED","floor":4},{"not_picked":["sneckomod:UnknownClassPURPLE","sneckomod:UnknownCommonSkill"],"picked":"sneckomod:UnknownClassINFINITE_BLACK","floor":5},{"not_picked":["sneckomod:UnknownWeak","sneckomod:RainOfDice"],"picked":"sneckomod:QuickBite","floor":6},{"not_picked":["sneckomod:DiceBoulder","sneckomod:Unknown1Cost"],"picked":"sneckomod:IronFang","floor":8},{"not_picked":["sneckomod:SoulDraw","sneckomod:MasterEye"],"picked":"sneckomod:DangerNoodle","floor":9},{"not_picked":["sneckomod:DiceBlock","sneckomod:UnknownX"],"picked":"sneckomod:UnknownUncommonPower","floor":12},{"not_picked":["sneckomod:UnknownClassBLUE","sneckomod:IronFang"],"picked":"sneckomod:ImprovisedGuard","floor":14},{"not_picked":["sneckomod:WideSting","sneckomod:UnknownClassCONSTRUCTMOD"],"picked":"sneckomod:QuickMove","floor":15},{"not_picked":["sneckomod:UnknownRareAttack","sneckomod:Mudshield"],"picked":"sneckomod:UnknownRarePower","floor":16},{"not_picked":["sneckomod:SoulDraw","sneckomod:UnknownClassPURPLE"],"picked":"sneckomod:UnknownVulnerable+1","floor":19},{"not_picked":["sneckomod:UnknownUncommonAttack","sneckomod:DiceCrush"],"picked":"sneckomod:Unknown0Cost+1","floor":20},{"not_picked":["sneckomod:SoulRoll+1","sneckomod:UnknownClassCHRONO_GOLD"],"picked":"sneckomod:UnknownClassTHE_CHAMP_GRAY","floor":23},{"not_picked":["sneckomod:UnknownClassTHE_CHAMP_GRAY+1","sneckomod:UnknownCommonSkill+1"],"picked":"sneckomod:UnknownRareSkill","floor":27},{"not_picked":["sneckomod:UnknownClassBLADEMASTER_GRAY","sneckomod:UnknownClassSLIMEBOUND"],"picked":"sneckomod:UnknownClassPURPLE+1","floor":29},{"not_picked":["sneckomod:UnknownClassCLOCKWORK","sneckomod:SoulRoll"],"picked":"sneckomod:UnknownUncommonPower","floor":32}],"player_experience":249628,"relics_obtained":[{"floor":1,"key":"Art of War"},{"floor":2,"key":"LetterFromLob"},{"floor":7,"key":"Tiny Chest"},{"floor":8,"key":"hubris:OldNail"},{"floor":24,"key":"CCEMRelics:Barrel"},{"floor":29,"key":"Runesmith:Locket"},{"floor":30,"key":"RoseTintedShades"}],"event_choices":[{"damage_healed":0,"gold_gain":0,"player_choice":"Stole Relic","damage_taken":0,"relics_obtained":["StuffTheSpire:GrapeVine"],"max_hp_gain":0,"max_hp_loss":0,"event_name":"Addict","floor":22,"gold_loss":0,"cards_obtained":["Shame"]}],"is_beta":false,"boss_relics":[{"not_picked":["hubris:CrackedHourglass","Painkiller Herb"],"picked":"vexMod:ImprovementManual"}],"items_purged_floors":[],"is_endless":false,"potions_floor_spawned":[5,14,15,16,23,27],"killed_by":"downfall:Silent","ascension_level":0}}