{"host":"mydft8i2zzydgggw","time":1609768025,"event":{"mods":["AchievementEnabler","BaseMod","Colored Map","Colored Powertips","Keyboard Shortcuts","Minty Spire (QoL Compilation)","Quick Restart","StSLib","SuperFastMode","The Poker Player"],"gold_per_floor":[117,117,127,77,95,128,128,153,453,453,463,473,484,454,454,454,454],"floor_reached":16,"playtime":517,"items_purged":[],"score":134,"play_id":"9205d453-4454-4290-bb27-7d3cd9d0e0e7","local_time":"20210104224705","is_ascension_mode":true,"campfire_choices":[{"data":"Stack","floor":7,"key":"SMITH"},{"floor":10,"key":"REST"},{"data":"Recycle","floor":15,"key":"SMITH"}],"circlet_count":0,"master_deck":["Strike_B","Strike_B","Strike_B","Defend_B","Defend_B","Defend_B","Defend_B","Zap","Dualcast","Genetic Algorithm+1","Stack+1","Conserve Battery","Recycle+1","Self Repair","Defragment"],"relics":["Cracked Core","NeowsBlessing","HornCleat","Thread and Needle","Old Coin"],"acts_visited":["Exordium"],"potions_floor_usage":[6,6,16],"damage_taken":[{"damage":0,"enemies":"Jaw Worm","floor":1,"turns":1},{"damage":0,"enemies":"Cultist","floor":3,"turns":1},{"damage":0,"enemies":"2 Louse","floor":5,"turns":1},{"damage":40,"enemies":"Gremlin Nob","floor":6,"turns":5},{"damage":31,"enemies":"3 Sentries","floor":8,"turns":11},{"damage":0,"enemies":"Exordium Wildlife","floor":11,"turns":3},{"damage":1,"enemies":"3 Louse","floor":12,"turns":4},{"damage":16,"enemies":"Large Slime","floor":13,"turns":9},{"damage":0,"enemies":"Looter","floor":14,"turns":4},{"damage":30,"enemies":"Hexaghost","floor":16,"turns":11}],"seed_played":"5199518073462405779","potions_obtained":[{"floor":1,"key":"FocusPotion"},{"floor":3,"key":"Weak Potion"},{"floor":8,"key":"SmokeBomb"},{"floor":13,"key":"CultistPotion"}],"is_trial":false,"path_per_floor":["M","?","M","?","M","E","R","E","T","R","M","M","M","M","R","B"],"character_chosen":"DEFECT","items_purchased":[],"campfire_rested":1,"item_purchase_floors":[],"current_hp_per_floor":[75,75,75,75,75,35,35,4,4,26,26,32,23,30,30,0,0],"gold":454,"neow_bonus":"THREE_ENEMY_KILL","is_daily":false,"chose_seed":false,"campfire_upgraded":2,"win_rate":0.0,"timestamp":1609768025,"path_taken":["M","?","?","?","M","E","R","E","T","R","M","M","M","M","R","BOSS"],"items_purchased_type":[],"build_version":"2020-12-22","purchased_purges":0,"victory":false,"max_hp_per_floor":[75,75,75,75,75,75,75,75,75,75,75,75,75,75,75,75,75],"card_choices":[{"not_picked":["Double Energy","Leap"],"picked":"Genetic Algorithm","floor":1},{"not_picked":["Ball Lightning","Steam Power","Sweeping Beam"],"picked":"SKIP","floor":3},{"not_picked":["Go for the Eyes","Streamline"],"picked":"Stack","floor":5},{"not_picked":["Scrape","Darkness"],"picked":"Conserve Battery","floor":6},{"not_picked":["Core Surge","Force Field"],"picked":"Recycle","floor":8},{"not_picked":["Redo","Barrage"],"picked":"Self Repair","floor":11},{"not_picked":["Beam Cell","Ball Lightning","Fusion"],"picked":"SKIP","floor":12},{"not_picked":["Streamline","Rip and Tear","Loop"],"picked":"SKIP","floor":13},{"not_picked":["Chaos","Beam Cell"],"picked":"Defragment","floor":14}],"player_experience":84696,"relics_obtained":[{"floor":6,"key":"HornCleat"},{"floor":8,"key":"Thread and Needle"},{"floor":9,"key":"Old Coin"}],"event_choices":[{"damage_healed":0,"gold_gain":0,"player_choice":"Forge","damage_taken":0,"max_hp_gain":0,"max_hp_loss":0,"event_name":"Accursed Blacksmith","floor":2,"gold_loss":0,"cards_upgraded":["Genetic Algorithm"]},{"cards_removed":["Strike_B"],"damage_healed":0,"gold_gain":0,"player_choice":"Card Removal","damage_taken":0,"max_hp_gain":0,"max_hp_loss":0,"event_name":"The Cleric","floor":4,"gold_loss":50}],"is_beta":false,"boss_relics":[],"items_purged_floors":[],"is_endless":false,"potions_floor_spawned":[1,3,8,13],"killed_by":"Hexaghost","ascension_level":4}}