{"host":"a9vnnms65xyhpnqu","time":1609748531,"event":{"mods":["Bard","BaseMod","Colored Map","Colored Powertips","DeckTracker","Highlight Path","Minty Spire (QoL Compilation)","StSLib","The Bladedancer","The Cursed","The Elementalist","The Forsaken","The Necromancer","The Runesmith","The Servant 0.9.4","TheArtist","slay the spire mod where everything is the same but ironclad has a cowboy hat"],"gold_per_floor":[218,230,230,230,195,195,229,229,229,11,23,42,42,92,92,191,191,207,207,21,21,35,35,35],"floor_reached":23,"playtime":945,"items_purged":[],"score":187,"play_id":"3ebba1b0-ea0b-4b81-998e-582053881c6a","local_time":"20210104002211","is_ascension_mode":false,"campfire_choices":[{"data":"Melter","floor":6,"key":"SMITH"},{"floor":15,"key":"REST"}],"circlet_count":0,"master_deck":["Strike_B","Strike_B","Strike_B+1","Strike_B","Defend_B","Defend_B","Defend_B+1","Defend_B","Zap+1","Dualcast+1","Go for the Eyes","Melter+1","Go for the Eyes+1","Capacitor","Tempest","Enlightenment","Rebound","Echo Form","Go for the Eyes","RitualDagger","Heatsinks","Sunder","Melter","theForsaken:StoreUp","Sunder"],"relics":["Cracked Core","Pen Nib","Gremlin Horn","Whetstone","Matryoshka","Black Star"],"acts_visited":["Exordium","TheCity"],"potions_floor_usage":[23,23,23],"damage_taken":[{"damage":3,"enemies":"Jaw Worm","floor":1,"turns":3},{"damage":4,"enemies":"Small Slimes","floor":2,"turns":3},{"damage":22,"enemies":"Lagavulin","floor":7,"turns":6},{"damage":0,"enemies":"2 Louse","floor":11,"turns":2},{"damage":7,"enemies":"2 Fungi Beasts","floor":12,"turns":3},{"damage":44,"enemies":"Slime Boss","floor":16,"turns":9},{"damage":0,"enemies":"Spheric Guardian","floor":18,"turns":2},{"damage":24,"enemies":"Shell Parasite","floor":22,"turns":4},{"damage":61,"enemies":"Slavers","floor":23,"turns":4}],"seed_played":"-7938411247036958402","potions_obtained":[{"floor":11,"key":"LiquidMemories"},{"floor":12,"key":"Regen Potion"},{"floor":18,"key":"Weak Potion"}],"is_trial":false,"path_per_floor":["M","M","?","?","?","R","E","T","T","$","M","M","?","?","R","B",null,"M","?","$","?","M","E"],"character_chosen":"DEFECT","items_purchased":["Capacitor","Tempest","Enlightenment","Heatsinks","Sunder","Melter"],"campfire_rested":1,"item_purchase_floors":[10,10,10,20,20,20],"current_hp_per_floor":[72,68,53,53,71,71,49,49,49,49,49,42,42,42,64,20,75,75,69,69,69,45,0,0],"gold":35,"neow_bonus":"HUNDRED_GOLD","is_daily":false,"chose_seed":false,"campfire_upgraded":1,"win_rate":0.0,"timestamp":1609748531,"path_taken":["M","M","?","?","?","R","E","?","T","$","M","M","?","?","R","BOSS","M","?","$","?","?","E"],"items_purchased_type":["Card","Card","Card","Card","Card","Card"],"build_version":"2020-12-22","purchased_purges":0,"victory":false,"max_hp_per_floor":[75,75,75,75,75,75,75,75,75,75,75,75,75,75,75,75,75,75,75,75,75,75,75,75],"card_choices":[{"not_picked":["Stack","Rebound"],"picked":"Go for the Eyes","floor":1},{"not_picked":["Consume","Steam"],"picked":"Melter","floor":2},{"not_picked":["Turbo","Aggregate"],"picked":"Go for the Eyes","floor":7},{"not_picked":["Double Energy","Redo"],"picked":"Genetic Algorithm","floor":11},{"not_picked":["Turbo","Steam"],"picked":"Rebound","floor":12},{"not_picked":["Seek","Fission"],"picked":"Echo Form","floor":16},{"not_picked":["Steam","Hologram"],"picked":"Go for the Eyes","floor":18},{"not_picked":["Conserve Battery","Melter"],"picked":"Sunder","floor":22}],"player_experience":49545,"relics_obtained":[{"floor":7,"key":"Pen Nib"},{"floor":8,"key":"Gremlin Horn"},{"floor":9,"key":"Whetstone"}],"event_choices":[{"damage_healed":0,"gold_gain":0,"player_choice":"Entered Light","damage_taken":15,"max_hp_gain":0,"max_hp_loss":0,"event_name":"Shining Light","floor":3,"gold_loss":0,"cards_upgraded":["Defend_B","Dualcast"]},{"damage_healed":0,"gold_gain":0,"player_choice":"Grow","damage_taken":0,"max_hp_gain":0,"max_hp_loss":0,"event_name":"Living Wall","floor":4,"gold_loss":0,"cards_upgraded":["Zap"]},{"damage_healed":18,"gold_gain":0,"player_choice":"Healed","damage_taken":0,"max_hp_gain":0,"max_hp_loss":0,"event_name":"The Cleric","floor":5,"gold_loss":35},{"damage_healed":0,"gold_gain":0,"player_choice":"Searched \u00271\u0027 times","damage_taken":0,"relics_obtained":["Matryoshka"],"max_hp_gain":0,"max_hp_loss":0,"event_name":"Dead Adventurer","floor":13,"gold_loss":0},{"damage_healed":0,"gold_gain":0,"player_choice":"Joined the Cult","damage_taken":6,"max_hp_gain":0,"max_hp_loss":0,"event_name":"Nest","floor":19,"gold_loss":0,"cards_obtained":["RitualDagger"]},{"cards_removed":["Genetic Algorithm"],"damage_healed":0,"gold_gain":0,"player_choice":"Took Card","damage_taken":0,"max_hp_gain":0,"max_hp_loss":0,"event_name":"NoteForYourself","floor":21,"gold_loss":0,"cards_obtained":["theForsaken:StoreUp"]}],"is_beta":false,"boss_relics":[{"not_picked":["Runesmith:UraniumAnvil","Cursed Key"],"picked":"Black Star"}],"items_purged_floors":[],"is_endless":false,"potions_floor_spawned":[11,12,18],"killed_by":"Slavers","ascension_level":0}}