{"host":"981nlwu0905dw1bz","time":1609779441,"event":{"mods":["AchievementEnabler","BaseMod","DeckTracker","Minty Spire (QoL Compilation)","Rare Cards Sparkle","SuperFastMode"],"gold_per_floor":[117,117,134,134,134,134,134,134,187,214,289,364,389,409,409,510,510,521,521,521,536,548,548,575,575,575,575,589,589,269,285,285,285,285],"floor_reached":33,"playtime":1028,"items_purged":[],"score":459,"play_id":"994b2313-9e10-46e5-9b63-9cbf19b8ec14","local_time":"20210105015721","is_ascension_mode":true,"campfire_choices":[{"data":"Predator","floor":6.0,"key":"SMITH"},{"data":"Quick Slash","floor":8.0,"key":"SMITH"},{"floor":15.0,"key":"REST"},{"floor":23,"key":"REST"},{"floor":25,"key":"REST"},{"data":"Unload","floor":27,"key":"SMITH"},{"floor":29,"key":"REST"},{"floor":32,"key":"REST"}],"circlet_count":0,"master_deck":["AscendersBane","Strike_G","Strike_G","Strike_G","Strike_G","Defend_G","Defend_G","Defend_G","Defend_G","Defend_G","Survivor","Neutralize","Quick Slash+1","Predator+1","Dagger Throw","Poisoned Stab","Prepared","After Image","Slice","Escape Plan","Unload+1","Cloak And Dagger+1","Adrenaline","Backstab","Trip","Blur"],"relics":["Ring of the Snake","NeowsBlessing","Orichalcum","TungstenRod","Gremlin Horn","Lizard Tail","WristBlade","MutagenicStrength","Smiling Mask","Bottled Flame"],"acts_visited":["Exordium","TheCity"],"potions_floor_usage":[24,28,33],"damage_taken":[{"damage":0.0,"enemies":"Jaw Worm","floor":1.0,"turns":1.0},{"damage":0.0,"enemies":"Small Slimes","floor":3.0,"turns":1.0},{"damage":0.0,"enemies":"3 Sentries","floor":10.0,"turns":1.0},{"damage":22.0,"enemies":"Lagavulin","floor":13.0,"turns":6.0},{"damage":0.0,"enemies":"2 Louse","floor":14.0,"turns":2.0},{"damage":31.0,"enemies":"The Guardian","floor":16.0,"turns":14.0},{"damage":5.0,"enemies":"Chosen","floor":18.0,"turns":6.0},{"damage":17,"enemies":"Spheric Guardian","floor":21,"turns":4},{"damage":13,"enemies":"Snecko","floor":22,"turns":4},{"damage":20,"enemies":"Gremlin Leader","floor":24,"turns":8},{"damage":20,"enemies":"Shelled Parasite and Fungi","floor":28,"turns":7},{"damage":8,"enemies":"Chosen and Byrds","floor":31,"turns":2},{"damage":117,"enemies":"Collector","floor":33,"turns":10}],"seed_played":"1543357145480526049","potions_obtained":[{"floor":3.0,"key":"LiquidMemories"},{"floor":13.0,"key":"Weak Potion"},{"floor":22,"key":"Block Potion"},{"floor":24,"key":"SpeedPotion"},{"floor":31,"key":"PowerPotion"}],"is_trial":false,"path_per_floor":["M","?","M","?","$","R","$","R","T","E","T","?","E","M","R","B",null,"M","?","?","M","M","R","E","R","T","R","M","R","$","M","R","B"],"character_chosen":"THE_SILENT","items_purchased":["Adrenaline","Backstab","Trip"],"campfire_rested":5,"item_purchase_floors":[30,30,30],"current_hp_per_floor":[63,63,63,63,63,63,63,63,63,63,63,53,31,31,52,21,58,53,53,53,36,23,44,24,45,45,45,25,46,46,38,59,0,0],"gold":285,"neow_bonus":"THREE_ENEMY_KILL","is_daily":false,"chose_seed":false,"campfire_upgraded":3,"win_rate":0.0,"timestamp":1609779441,"path_taken":["M","?","M","?","$","R","$","R","T","E","?","?","E","M","R","BOSS","M","?","?","M","M","R","E","R","T","R","M","R","$","M","R","BOSS"],"items_purchased_type":["Card","Card","Card"],"build_version":"2020-12-22","purchased_purges":0,"victory":false,"max_hp_per_floor":[70,70,70,70,70,70,70,70,70,70,70,70,70,70,70,70,70,70,70,70,70,70,70,70,70,70,70,70,70,70,70,70,70,70],"card_choices":[{"not_picked":["PiercingWail","Catalyst"],"picked":"Quick Slash","floor":1.0},{"not_picked":["Riddle With Holes","Outmaneuver","Quick Slash"],"picked":"SKIP","floor":3.0},{"not_picked":["Dodge and Roll","Wraith Form v2"],"picked":"Dagger Throw","floor":10.0},{"not_picked":["PiercingWail","Riddle With Holes"],"picked":"Poisoned Stab","floor":13.0},{"not_picked":["Predator","Poisoned Stab"],"picked":"Prepared","floor":14.0},{"not_picked":["Malaise","Envenom"],"picked":"After Image","floor":16.0},{"not_picked":["Tactician","Dagger Throw+1","Deadly Poison"],"picked":"SKIP","floor":18.0},{"not_picked":["Deflect","Prepared"],"picked":"Slice","floor":21},{"not_picked":["Dagger Throw","Tactician"],"picked":"Escape Plan","floor":22},{"not_picked":["Tactician","Underhanded Strike"],"picked":"Unload","floor":24},{"not_picked":["Sucker Punch+1","Blur"],"picked":"Cloak And Dagger+1","floor":28},{"not_picked":["Well Laid Plans","Dash"],"picked":"Blur","floor":31}],"player_experience":530892,"relics_obtained":[{"floor":9.0,"key":"Orichalcum"},{"floor":10.0,"key":"TungstenRod"},{"floor":11.0,"key":"Gremlin Horn"},{"floor":13.0,"key":"Lizard Tail"},{"floor":24,"key":"Smiling Mask"},{"floor":26,"key":"Bottled Flame"}],"event_choices":[{"damage_healed":0.0,"max_hp_gain":0.0,"max_hp_loss":0.0,"gold_gain":0.0,"event_name":"Liars Game","player_choice":"Ignored","floor":2.0,"gold_loss":0.0,"damage_taken":0.0},{"damage_healed":0.0,"max_hp_gain":0.0,"max_hp_loss":0.0,"gold_gain":0.0,"cards_transformed":["Strike_G"],"event_name":"Living Wall","player_choice":"Change","floor":4.0,"gold_loss":0.0,"damage_taken":0.0,"cards_obtained":["Predator"]},{"damage_healed":0.0,"max_hp_gain":0.0,"max_hp_loss":0.0,"gold_gain":75.0,"event_name":"World of Goop","player_choice":"Gather Gold","floor":12.0,"gold_loss":0.0,"damage_taken":11.0},{"damage_healed":0.0,"max_hp_gain":0.0,"max_hp_loss":0.0,"gold_gain":0.0,"event_name":"Drug Dealer","player_choice":"Inject Mutagens","floor":19.0,"gold_loss":0.0,"damage_taken":0.0,"relics_obtained":["MutagenicStrength"]}],"is_beta":false,"boss_relics":[{"not_picked":["Runic Pyramid","Astrolabe"],"picked":"WristBlade"}],"items_purged_floors":[],"is_endless":false,"potions_floor_spawned":[3,13,22,24,31],"killed_by":"Collector","ascension_level":11}}