{"host":"hxmfoq77054plnuw","time":1609785847,"event":{"mods":["BaseMod","Colored Map","Colored Powertips","Downfall","Highlight Path","Minty Spire (QoL Compilation)","Quick Restart","Replay The Spire","Shop Mod","StSLib","SuperFastMode","[功能]功能增强和修复MOD","vexMod","【遗物卡牌】REMEMod","篝火指南"],"gold_per_floor":[111,106,118,118,197,231,231,231],"floor_reached":7,"playtime":359,"items_purged":["Dodge and Roll"],"score":99,"play_id":"72eaf523-9454-4754-a49b-6cfc8f1b1eac","local_time":"20210104194407","daily_mods":["SealedDeck","Flight"],"is_ascension_mode":false,"campfire_choices":[],"circlet_count":0,"master_deck":["Sucker Punch","Poisoned Stab","PiercingWail","Quick Slash","Fluid Movement","PiercingWail","Backflip","Dash","Backflip","REME_AllRoundStrike","Blur","Dagger Throw","Burst"],"relics":["Ring of the Snake","replay:Trail_Library","REME_ComplimentaryCards","Replay:Rubber Ducky"],"acts_visited":["Exordium"],"potions_floor_usage":[],"damage_taken":[{"damage":0.0,"enemies":"2 Louse","floor":1.0,"turns":3.0},{"damage":1.0,"enemies":"Small Slimes","floor":3.0,"turns":4.0},{"damage":5,"enemies":"Replay:BlueRogue","floor":6,"turns":8},{"damage":0,"enemies":"Lagavulin","floor":7,"turns":2}],"seed_played":"2374565260045881389","potions_obtained":[{"floor":3,"key":"Swift Potion"}],"is_trial":true,"path_per_floor":["M","$","M","?","?","E","E"],"character_chosen":"THE_SILENT","items_purchased":[],"campfire_rested":0,"item_purchase_floors":[],"current_hp_per_floor":[70,70,69,69,69,64,64,64],"gold":231,"neow_bonus":"","is_daily":false,"chose_seed":false,"campfire_upgraded":0,"win_rate":0.0,"timestamp":1609785847,"path_taken":["M","$","M","?","?","E","E"],"items_purchased_type":[],"build_version":"2020-12-22","purchased_purges":1,"victory":false,"max_hp_per_floor":[70,70,70,70,70,70,70,70],"card_choices":[{"not_picked":["Quick Slash","Finisher"],"picked":"Blur","floor":1.0},{"not_picked":["Dodge and Roll","Reflex"],"picked":"Dagger Throw","floor":3},{"not_picked":["Acrobatics","Quick Slash"],"picked":"Burst","floor":6}],"player_experience":297336,"relics_obtained":[{"floor":6,"key":"Replay:Rubber Ducky"}],"event_choices":[{"damage_healed":0,"gold_gain":0,"player_choice":"Leave","damage_taken":0,"max_hp_gain":0,"max_hp_loss":0,"event_name":"The Cleric","floor":4,"gold_loss":0},{"damage_healed":0,"gold_gain":79,"player_choice":"Gained Gold","damage_taken":0,"max_hp_gain":0,"max_hp_loss":0,"event_name":"Golden Wing","floor":5,"gold_loss":0}],"is_beta":false,"boss_relics":[],"items_purged_floors":[2],"is_endless":true,"potions_floor_spawned":[3],"killed_by":"Lagavulin","ascension_level":0}}