{"host":"Sumable","time":1609721052,"event":{"mods":["AchievementEnabler","BaseMod","Better Note","BetterRewards","Googly Eyes","Hermit","Minty Spire (QoL Compilation)","Quick Restart","Shop Mod","StSLib","The Cursed","everything is the same but u backflip on backflip","slay the spire mod where everything is the same but ironclad has a cowboy hat"],"gold_per_floor":[116,135,135,155,155,196,208,254,291,282,140,152,177,31,31,108,108,118,137,137,147,1,1,33,33,101,101,101,132,152,170,170,170,170],"floor_reached":33,"playtime":2311,"items_purged":[],"score":525,"play_id":"5866d895-4020-445c-a83a-9346ee9a45e1","local_time":"20210103174412","is_ascension_mode":true,"campfire_choices":[{"floor":7,"key":"REST"},{"floor":15,"key":"REST"},{"data":"Inflame","floor":23,"key":"SMITH"},{"floor":25,"key":"REST"},{"data":"Bash","floor":27,"key":"SMITH"},{"floor":32,"key":"REST"}],"circlet_count":0,"master_deck":["AscendersBane","Strike_R","Strike_R","Strike_R","Strike_R","Strike_R","Defend_R","Defend_R","Defend_R","Defend_R","Bash+1","Burning Pact","Ghostly Armor","Thunderclap","Regret","Cleave","Shrug It Off","Shrug It Off","Twin Strike","Inflame+1","Immolate","Shrug It Off","Sword Boomerang","Twin Strike","Reaper","Disarm","Carnage"],"relics":["Burning Blood","Bronze Scales","Nunchaku","MawBank","Matryoshka","White Beast Statue","Happy Flower","Tiny Chest","Lee\u0027s Waffle","Omamori","Sozu","Pear","Self Forming Clay","Ornamental Fan","Ancient Tea Set","Letter Opener"],"acts_visited":["Exordium","TheCity"],"potions_floor_usage":[2,8,13,16,16,19],"damage_taken":[{"damage":8,"enemies":"2 Louse","floor":1,"turns":2},{"damage":0,"enemies":"Jaw Worm","floor":2,"turns":4},{"damage":11,"enemies":"Small Slimes","floor":4,"turns":3},{"damage":49,"enemies":"3 Sentries","floor":6,"turns":10},{"damage":32,"enemies":"Gremlin Nob","floor":8,"turns":5},{"damage":12,"enemies":"Blue Slaver","floor":12,"turns":4},{"damage":31,"enemies":"3 Sentries","floor":13,"turns":6},{"damage":29,"enemies":"Slime Boss","floor":16,"turns":9},{"damage":5,"enemies":"Chosen","floor":18,"turns":4},{"damage":13,"enemies":"2 Thieves","floor":19,"turns":4},{"damage":12,"enemies":"Chosen and Byrds","floor":21,"turns":5},{"damage":33,"enemies":"Book of Stabbing","floor":24,"turns":4},{"damage":10,"enemies":"Gremlin Leader","floor":29,"turns":6},{"damage":13,"enemies":"Snecko","floor":30,"turns":4},{"damage":11,"enemies":"Sentry and Sphere","floor":31,"turns":5},{"damage":109,"enemies":"Champ","floor":33,"turns":11}],"seed_played":"4236444607334255040","potions_obtained":[{"floor":1,"key":"Weak Potion"},{"floor":6,"key":"BloodPotion"},{"floor":12,"key":"LiquidMemories"},{"floor":13,"key":"AttackPotion"},{"floor":16,"key":"EssenceOfSteel"}],"is_trial":false,"path_per_floor":["M","M","?","M","?","E","R","E","T","?","$","M","E","$","R","B",null,"M","M","?","M","$","R","E","R","T","R","T","E","M","M","R","B"],"character_chosen":"IRONCLAD","items_purchased":["Lee\u0027s Waffle","DistilledChaos","Inflame","Reaper"],"campfire_rested":4,"item_purchase_floors":[11,14,14,22],"current_hp_per_floor":[70,76,69,64,64,21,45,35,35,35,87,81,56,56,82,59,80,81,74,74,68,68,68,51,80,80,80,80,76,69,64,93,0,0],"gold":170,"neow_bonus":"RANDOM_COMMON_RELIC","is_daily":false,"chose_seed":false,"campfire_upgraded":2,"win_rate":0.0,"timestamp":1609721052,"path_taken":["M","M","?","M","?","E","R","E","T","?","?","M","E","$","R","BOSS","M","M","?","M","$","R","E","R","T","R","?","E","M","M","R","BOSS"],"items_purchased_type":["Relic","Potion","Card","Card"],"build_version":"2020-12-18","purchased_purges":0,"victory":false,"max_hp_per_floor":[80,80,80,80,80,80,80,80,80,80,87,87,87,87,87,87,87,87,87,87,87,87,87,97,97,97,97,97,97,97,97,97,97,97],"card_choices":[{"not_picked":["Pommel Strike","Anger"],"picked":"Burning Pact","floor":1},{"not_picked":["Clothesline","Sword Boomerang"],"picked":"Ghostly Armor","floor":2},{"not_picked":["Anger","Iron Wave"],"picked":"Thunderclap","floor":4},{"not_picked":["Fiend Fire","Headbutt"],"picked":"Cleave","floor":6},{"not_picked":["Heavy Blade","Headbutt"],"picked":"Shrug It Off","floor":8},{"not_picked":["Anger","Cleave"],"picked":"Shrug It Off","floor":12},{"not_picked":["Sword Boomerang","Armaments"],"picked":"Twin Strike","floor":13},{"not_picked":["Bludgeon","Juggernaut"],"picked":"Immolate","floor":16},{"not_picked":["Ghostly Armor","Pommel Strike"],"picked":"Shrug It Off","floor":18},{"not_picked":["Clash","Havoc"],"picked":"Sword Boomerang","floor":19},{"not_picked":["Burning Pact+1","True Grit+1"],"picked":"Twin Strike","floor":21},{"not_picked":["Wild Strike+1","Body Slam"],"picked":"Disarm","floor":24},{"not_picked":["Entrench","Rupture+1","Perfected Strike"],"picked":"SKIP","floor":29},{"not_picked":["Havoc","Body Slam"],"picked":"Carnage","floor":30},{"not_picked":["Warcry","Clothesline","Wild Strike"],"picked":"SKIP","floor":31}],"player_experience":1033451,"relics_obtained":[{"floor":6,"key":"Matryoshka"},{"floor":8,"key":"White Beast Statue"},{"floor":9,"key":"Happy Flower"},{"floor":9,"key":"Tiny Chest"},{"floor":13,"key":"Omamori"},{"floor":24,"key":"Pear"},{"floor":26,"key":"Self Forming Clay"},{"floor":26,"key":"Ornamental Fan"},{"floor":28,"key":"Ancient Tea Set"},{"floor":29,"key":"Letter Opener"}],"event_choices":[{"damage_healed":0,"gold_gain":0,"player_choice":"Success","damage_taken":7,"relics_obtained":["Nunchaku"],"max_hp_gain":0,"max_hp_loss":0,"event_name":"Scrap Ooze","floor":3,"gold_loss":0},{"damage_healed":0,"gold_gain":0,"player_choice":"Box","damage_taken":0,"relics_obtained":["MawBank"],"max_hp_gain":0,"max_hp_loss":0,"event_name":"Big Fish","floor":5,"gold_loss":0,"cards_obtained":["Regret"]},{"damage_healed":0,"gold_gain":0,"player_choice":"Left Gold","damage_taken":0,"max_hp_gain":0,"max_hp_loss":0,"event_name":"World of Goop","floor":10,"gold_loss":21},{"damage_healed":0,"gold_gain":0,"player_choice":"Smashed Altar","damage_taken":0,"max_hp_gain":0,"max_hp_loss":0,"event_name":"Forgotten Altar","floor":20,"gold_loss":0,"cards_obtained":["Decay"]}],"is_beta":true,"boss_relics":[{"not_picked":["Empty Cage","SlaversCollar"],"picked":"Sozu"}],"items_purged_floors":[],"is_endless":false,"potions_floor_spawned":[1,6,12,13,16,18,19,21,24,29,30,31],"killed_by":"Champ","ascension_level":13}}