{"host":"w3q5ijqu8eoknil3","time":1609725481,"event":{"mods":["AchievementEnabler","BaseMod","Block Reminder","Colored Powertips","Minty Spire (QoL Compilation)","Quick Restart","Relic Stats","ojb\u0027s Better Paths Mod","ojb\u0027s Info Mod","slay the spire mod where everything is the same but ironclad has a cowboy hat"],"gold_per_floor":[114,114,414,434,496,530,530,680,680,680,701,151,229,260,260,354,354,369,294,294,7,31,31,49,49,49,89,107,128,128,169,169,267,267,281,281,181,212,212,243,243,266,315,315,336,49,62,95,95,95,95,95,7,40,40],"floor_reached":56,"playtime":2784,"items_purged":["Doubt","Strike_G","Pain"],"score":2186,"play_id":"f2142cd6-e870-401b-9fc4-c4c0940ead92","local_time":"20210104015801","is_ascension_mode":true,"campfire_choices":[{"data":"Dash","floor":10.0,"key":"SMITH"},{"data":"Doppelganger","floor":15.0,"key":"SMITH"},{"data":"Venomology","floor":25.0,"key":"SMITH"},{"data":"Terror","floor":30.0,"key":"SMITH"},{"data":"Catalyst","floor":32.0,"key":"SMITH"},{"data":"After Image","floor":41.0,"key":"SMITH"},{"floor":44,"key":"RECALL"},{"data":"A Thousand Cuts","floor":49,"key":"SMITH"},{"data":"Concentrate","floor":52,"key":"SMITH"}],"circlet_count":0,"master_deck":["AscendersBane","Strike_G+1","Strike_G+1","Defend_G","Defend_G","Defend_G","Defend_G","Defend_G","Survivor","Neutralize","Flying Knee","Bane","Dash+1","Crippling Poison","PiercingWail","Die Die Die","Doppelganger+1","Terror+1","Venomology+1","Blur","Distraction","Cloak And Dagger","Concentrate+1","Poisoned Stab","Injury","Dash","Wraith Form v2","Backstab","Outmaneuver","Catalyst+1","A Thousand Cuts+1","Dagger Spray","Cloak And Dagger","After Image+1","Acrobatics","Leg Sweep","Injury","Dodge and Roll+1","Caltrops","Storm of Steel","Concentrate+1","Backstab+1","Mind Blast","Tactician"],"relics":["Ring of the Snake","NeowsBlessing","Old Coin","Ninja Scroll","Golden Idol","InkBottle","Dead Branch","Whetstone","Darkstone Periapt","Cursed Key","Prayer Wheel","Ginger","Incense Burner","PreservedInsect","Nunchaku","Philosopher\u0027s Stone","StoneCalendar","WarpedTongs","Ancient Tea Set","TungstenRod","Pear"],"acts_visited":["TheCity","TheBeyond","TheEnding"],"potions_floor_usage":[47,55],"damage_taken":[{"damage":0.0,"enemies":"Small Slimes","floor":1.0,"turns":1.0},{"damage":0.0,"enemies":"Jaw Worm","floor":4.0,"turns":1.0},{"damage":0.0,"enemies":"Gremlin Nob","floor":6.0,"turns":1.0},{"damage":0.0,"enemies":"Cultist","floor":11.0,"turns":3.0},{"damage":12.0,"enemies":"Lagavulin Event","floor":13.0,"turns":6.0},{"damage":7.0,"enemies":"Lagavulin","floor":14.0,"turns":6.0},{"damage":0.0,"enemies":"Hexaghost","floor":16.0,"turns":11.0},{"damage":0.0,"enemies":"Chosen","floor":18.0,"turns":2.0},{"damage":0.0,"enemies":"3 Byrds","floor":22.0,"turns":3.0},{"damage":2.0,"enemies":"Shelled Parasite and Fungi","floor":24.0,"turns":4.0},{"damage":20.0,"enemies":"Book of Stabbing","floor":27.0,"turns":5.0},{"damage":0.0,"enemies":"Cultist and Chosen","floor":28.0,"turns":3.0},{"damage":0.0,"enemies":"Centurion and Healer","floor":29.0,"turns":2.0},{"damage":0.0,"enemies":"Slavers","floor":31.0,"turns":2.0},{"damage":13.0,"enemies":"Champ","floor":33.0,"turns":9.0},{"damage":1.0,"enemies":"3 Darklings","floor":35.0,"turns":3.0},{"damage":0.0,"enemies":"Mind Bloom Boss Battle","floor":38.0,"turns":3.0},{"damage":18.0,"enemies":"Reptomancer","floor":40.0,"turns":6.0},{"damage":0.0,"enemies":"Orb Walker","floor":42.0,"turns":1.0},{"damage":0,"enemies":"Maw","floor":45,"turns":2},{"damage":2,"enemies":"Sphere and 2 Shapes","floor":47,"turns":4},{"damage":3,"enemies":"Nemesis","floor":48,"turns":5},{"damage":42,"enemies":"Donu and Deca","floor":50,"turns":11},{"damage":2,"enemies":"Shield and Spear","floor":54,"turns":5},{"damage":92,"enemies":"The Heart","floor":55,"turns":11}],"seed_played":"-605607891805673118","potions_obtained":[{"floor":11.0,"key":"Explosive Potion"},{"floor":13.0,"key":"Regen Potion"},{"floor":22.0,"key":"LiquidBronze"},{"floor":24.0,"key":"Weak Potion"},{"floor":33.0,"key":"Fire Potion"},{"floor":38.0,"key":"SpeedPotion"},{"floor":40.0,"key":"FairyPotion"}],"is_trial":false,"path_per_floor":["M","?","T","M","?","E","?","?","T","R","M","$","?","E","R","B",null,"M","?","?","$","M","?","M","R","T","E","M","M","R","E","R","B",null,"M","?","$","?","?","E","R","M","T","R","M","$","M","E","R","B",null,"R","$","E","B",null],"character_chosen":"THE_SILENT","items_purchased":["Dead Branch","Die Die Die","Ginger","Storm of Steel","Mind Blast"],"campfire_rested":0,"item_purchase_floors":[12,12,21,46,53],"current_hp_per_floor":[59,59,59,59,59,59,59,59,59,59,59,59,47,54,54,54,59,59,59,65,65,65,65,63,63,69,49,49,49,49,49,49,36,63,62,62,62,62,68,50,50,50,56,56,56,56,54,51,51,9,65,65,65,73,12],"gold":40,"neow_bonus":"THREE_ENEMY_KILL","is_daily":false,"chose_seed":false,"campfire_upgraded":8,"win_rate":0.0,"timestamp":1609725481,"path_taken":["M","?","?","?","?","E","?","?","T","R","M","$","?","E","R","BOSS","M","?","?","$","M","?","M","R","T","E","M","M","R","E","R","BOSS","M","?","$","?","?","E","R","M","T","R","?","$","M","E","R","BOSS","R","$","E","BOSS"],"items_purchased_type":["Relic","Card","Relic","Card","Card"],"build_version":"2020-12-22","purchased_purges":3,"victory":true,"max_hp_per_floor":[66,66,66,66,66,66,60,60,60,60,60,60,60,60,60,60,60,60,60,66,66,66,66,66,66,72,72,72,72,72,72,72,72,72,72,72,72,72,78,78,78,78,84,84,84,84,84,84,84,84,84,84,84,94,94],"relic_stats":{"Darkstone Periapt":24,"counters":[25,110],"Golden Idol":188,"Dead Branch":[295],"StoneCalendar":[100],"PreservedInsect":242,"Whetstone":["Strike_G","Strike_G"],"Ginger":[9],"Cursed Key":2,"WarpedTongs":[45],"Nunchaku":[24],"Prayer Wheel":8,"obtain_stats":[{"Darkstone Periapt":14,"Pear":54,"NeowsBlessing":0,"Golden Idol":7,"Dead Branch":12,"StoneCalendar":38,"PreservedInsect":27,"Incense Burner":26,"Whetstone":13,"Ginger":21,"Cursed Key":17,"Ancient Tea Set":40,"Old Coin":3,"WarpedTongs":39,"Nunchaku":31,"Ninja Scroll":6,"Prayer Wheel":20,"Philosopher\u0027s Stone":34,"InkBottle":9,"TungstenRod":48,"Ring of the Snake":0},{"Darkstone Periapt":6,"Pear":24,"NeowsBlessing":0,"Golden Idol":3,"Dead Branch":4,"StoneCalendar":17,"PreservedInsect":11,"Incense Burner":10,"Whetstone":5,"Ginger":8,"Cursed Key":7,"Ancient Tea Set":18,"Old Coin":1,"WarpedTongs":17,"Nunchaku":14,"Ninja Scroll":3,"Prayer Wheel":8,"Philosopher\u0027s Stone":15,"InkBottle":3,"TungstenRod":22,"Ring of the Snake":0},{"Darkstone Periapt":18,"Pear":99,"NeowsBlessing":0,"Golden Idol":3,"Dead Branch":6,"StoneCalendar":65,"PreservedInsect":43,"Incense Burner":38,"Whetstone":12,"Ginger":31,"Cursed Key":29,"Ancient Tea Set":71,"Old Coin":1,"WarpedTongs":65,"Nunchaku":50,"Ninja Scroll":3,"Prayer Wheel":31,"Philosopher\u0027s Stone":59,"InkBottle":3,"TungstenRod":83,"Ring of the Snake":0}],"InkBottle":[65],"TungstenRod":42,"Ring of the Snake":[50]},"card_choices":[{"not_picked":["Slice","Caltrops"],"picked":"Flying Knee","floor":1.0},{"not_picked":["Bane","Outmaneuver"],"picked":"Dash","floor":4.0},{"not_picked":["Deadly Poison","Finisher"],"picked":"Crippling Poison","floor":6.0},{"not_picked":["Outmaneuver","Bane"],"picked":"PiercingWail","floor":11.0},{"not_picked":["Flying Knee","Backflip"],"picked":"Doppelganger","floor":13.0},{"not_picked":["Dagger Throw","Footwork"],"picked":"Terror","floor":14.0},{"not_picked":["Night Terror","Die Die Die"],"picked":"Venomology","floor":16.0},{"not_picked":["Skewer","Dodge and Roll"],"picked":"Blur","floor":18.0},{"not_picked":["Setup","Terror"],"picked":"Distraction","floor":22.0},{"not_picked":["Bane","Prepared"],"picked":"Cloak And Dagger","floor":22.0},{"not_picked":["Setup","Poisoned Stab"],"picked":"Concentrate+1","floor":24.0},{"not_picked":["Crippling Poison","Accuracy"],"picked":"Poisoned Stab","floor":24.0},{"not_picked":["Cloak And Dagger","PiercingWail"],"picked":"Dash","floor":27.0},{"not_picked":["All Out Attack","Tactician"],"picked":"Wraith Form v2","floor":28.0},{"not_picked":["Footwork+1","Riddle With Holes"],"picked":"Backstab","floor":28.0},{"not_picked":["Distraction","Dash"],"picked":"Outmaneuver","floor":29.0},{"not_picked":["Quick Slash","Deflect","Dagger Throw"],"picked":"SKIP","floor":29.0},{"not_picked":["Infinite Blades","Deflect"],"picked":"Catalyst","floor":31.0},{"not_picked":["Wraith Form v2","Die Die Die"],"picked":"A Thousand Cuts","floor":33.0},{"not_picked":["Crippling Poison","Deadly Poison"],"picked":"Dagger Spray","floor":35.0},{"not_picked":["Well Laid Plans","Deflect"],"picked":"Cloak And Dagger","floor":35.0},{"not_picked":["Deadly Poison","Blade Dance"],"picked":"After Image","floor":38.0},{"not_picked":["Heel Hook","Sucker Punch","Dagger Throw"],"picked":"SKIP","floor":40.0},{"not_picked":["Dagger Throw","Prepared"],"picked":"Acrobatics","floor":42.0},{"not_picked":["Terror","Sucker Punch+1"],"picked":"Leg Sweep","floor":42.0},{"not_picked":["Dagger Spray","Footwork"],"picked":"Dodge and Roll+1","floor":45},{"not_picked":["Endless Agony+1","Eviscerate+1"],"picked":"Caltrops","floor":45},{"not_picked":["Deadly Poison","Outmaneuver"],"picked":"Concentrate","floor":47},{"not_picked":["Dagger Throw","Caltrops+1"],"picked":"Backstab+1","floor":47},{"not_picked":["Riddle With Holes+1","Tactician","Terror"],"picked":"SKIP","floor":48},{"not_picked":["Masterful Stab","Reflex"],"picked":"Tactician","floor":54}],"player_experience":988152,"relics_obtained":[{"floor":3.0,"key":"Old Coin"},{"floor":6.0,"key":"Ninja Scroll"},{"floor":9.0,"key":"InkBottle"},{"floor":13.0,"key":"Whetstone"},{"floor":14.0,"key":"Darkstone Periapt"},{"floor":26.0,"key":"Incense Burner"},{"floor":27.0,"key":"PreservedInsect"},{"floor":31.0,"key":"Nunchaku"},{"floor":38.0,"key":"StoneCalendar"},{"floor":40.0,"key":"Ancient Tea Set"},{"floor":48,"key":"TungstenRod"},{"floor":54,"key":"Pear"}],"event_choices":[{"damage_healed":0.0,"max_hp_gain":0.0,"max_hp_loss":0.0,"gold_gain":0.0,"cards_transformed":["Strike_G"],"event_name":"Living Wall","player_choice":"Change","floor":2.0,"gold_loss":0.0,"damage_taken":0.0,"cards_obtained":["Bane"]},{"damage_healed":0.0,"max_hp_gain":0.0,"max_hp_loss":0.0,"gold_gain":62.0,"event_name":"Golden Wing","player_choice":"Gained Gold","floor":5.0,"gold_loss":0.0,"damage_taken":0.0},{"damage_healed":0.0,"max_hp_gain":0.0,"max_hp_loss":6.0,"gold_gain":0.0,"event_name":"Golden Idol","player_choice":"Lose Max HP","floor":7.0,"gold_loss":0.0,"damage_taken":0.0,"relics_obtained":["Golden Idol"]},{"damage_healed":0.0,"max_hp_gain":0.0,"max_hp_loss":0.0,"gold_gain":150.0,"event_name":"Liars Game","player_choice":"AGREE","floor":8.0,"gold_loss":0.0,"damage_taken":0.0,"cards_obtained":["Doubt"]},{"damage_healed":0.0,"max_hp_gain":0.0,"max_hp_loss":0.0,"gold_gain":0.0,"event_name":"Dead Adventurer","player_choice":"Searched \u00272\u0027 times","floor":13.0,"gold_loss":0.0,"damage_taken":0.0},{"cards_removed":["Strike_G"],"damage_healed":0.0,"max_hp_gain":0.0,"max_hp_loss":0.0,"gold_gain":0.0,"event_name":"Beggar","player_choice":"Gave Gold","floor":19.0,"gold_loss":75.0,"damage_taken":0.0},{"damage_healed":0.0,"max_hp_gain":0.0,"max_hp_loss":0.0,"gold_gain":0.0,"event_name":"The Mausoleum","player_choice":"Opened","floor":20.0,"gold_loss":0.0,"damage_taken":0.0,"relics_obtained":["Prayer Wheel"],"cards_obtained":["Writhe"]},{"cards_removed":["Writhe"],"damage_healed":0.0,"max_hp_gain":0.0,"max_hp_loss":0.0,"gold_gain":0.0,"event_name":"Back to Basics","player_choice":"Elegance","floor":23.0,"gold_loss":0.0,"damage_taken":0.0},{"damage_healed":0.0,"max_hp_gain":0.0,"max_hp_loss":0.0,"gold_gain":0.0,"event_name":"Tomb of Lord Red Mask","player_choice":"Ignored","floor":36.0,"gold_loss":0.0,"damage_taken":0.0},{"damage_healed":0.0,"max_hp_gain":0.0,"max_hp_loss":0.0,"gold_gain":0.0,"event_name":"MindBloom","player_choice":"Fight","floor":38.0,"gold_loss":0.0,"damage_taken":0.0},{"damage_healed":0.0,"max_hp_gain":0.0,"max_hp_loss":0.0,"gold_gain":0.0,"event_name":"Accursed Blacksmith","player_choice":"Rummage","floor":39.0,"gold_loss":0.0,"damage_taken":0.0,"relics_obtained":["WarpedTongs"],"cards_obtained":["Pain"]}],"is_beta":false,"boss_relics":[{"not_picked":["Runic Dome","Busted Crown"],"picked":"Cursed Key"},{"not_picked":["Empty Cage","Runic Pyramid"],"picked":"Philosopher\u0027s Stone"}],"items_purged_floors":[12,37,46],"is_endless":false,"potions_floor_spawned":[11,13,22,24,27,33,38,40],"ascension_level":15}}