{"host":"w4b7hmige5bnqipq","time":1609758638,"event":{"mods":["2.2 Compatiblity","BaseMod","Colored Map","DeckTracker","Keyboard Shortcuts","Minty Spire (QoL Compilation)","Permanent Neow","Rare Cards Sparkle","SuperFastMode","everything is the same but u backflip on backflip","slay the spire mod where everything is the same but ironclad has a cowboy hat"],"gold_per_floor":[112,131,144,156,156,187,187,187,187,187,204,204,204,239,239,317,317,328,347,363,379,276,276,276],"floor_reached":23,"playtime":1014,"items_purged":["Strike_R"],"score":406,"play_id":"e4a64836-4821-4465-8e0b-3ace8c1cbdaf","local_time":"20210104201038","is_ascension_mode":true,"campfire_choices":[{"data":"Uppercut","floor":8,"key":"SMITH"},{"data":"Exhume","floor":10,"key":"SMITH"},{"data":"Disarm","floor":13,"key":"SMITH"},{"data":"Sword Boomerang","floor":15,"key":"SMITH"}],"circlet_count":0,"master_deck":["AscendersBane","Strike_R","Strike_R","Strike_R","Defend_R","Defend_R","Defend_R","Defend_R","Bash","Disarm+1","Headbutt","Sword Boomerang+1","Exhume+1","Impervious","Uppercut+1","Battle Trance","Carnage","Berserk+1","Dark Embrace+1","Disarm","Flame Barrier","Havoc"],"relics":["Burning Blood","StoneCalendar","Gremlin Horn","Question Card","Frozen Egg 2","Kunai","Oddly Smooth Stone","Snecko Eye"],"acts_visited":["Exordium","TheCity"],"potions_floor_usage":[14,21],"damage_taken":[{"damage":11,"enemies":"Jaw Worm","floor":1,"turns":5},{"damage":2,"enemies":"2 Louse","floor":2,"turns":4},{"damage":5,"enemies":"Cultist","floor":3,"turns":4},{"damage":11,"enemies":"Red Slaver","floor":4,"turns":5},{"damage":15,"enemies":"Lagavulin","floor":6,"turns":8},{"damage":14,"enemies":"3 Louse","floor":11,"turns":4},{"damage":21,"enemies":"3 Sentries","floor":14,"turns":7},{"damage":11,"enemies":"The Guardian","floor":16,"turns":11},{"damage":0,"enemies":"3 Byrds","floor":18,"turns":7},{"damage":4,"enemies":"Spheric Guardian","floor":19,"turns":4},{"damage":14,"enemies":"Snake Plant","floor":20,"turns":4},{"damage":19,"enemies":"Cultist and Chosen","floor":21,"turns":7},{"damage":48,"enemies":"Slavers","floor":23,"turns":6}],"seed_played":"3580084366257788142","potions_obtained":[{"floor":3,"key":"Regen Potion"},{"floor":4,"key":"Energy Potion"},{"floor":20,"key":"Fire Potion"}],"is_trial":false,"path_per_floor":["M","M","M","M","?","E","?","R","T","R","M","?","R","E","R","B",null,"M","M","M","M","$","E"],"character_chosen":"IRONCLAD","items_purchased":["Havoc"],"campfire_rested":0,"item_purchase_floors":[22],"current_hp_per_floor":[63,67,68,63,63,54,49,49,49,49,41,41,41,26,26,21,56,62,64,56,43,43,0,0],"gold":276,"neow_bonus":"ONE_RARE_RELIC","is_daily":false,"chose_seed":false,"campfire_upgraded":4,"win_rate":0.0,"timestamp":1609758638,"path_taken":["M","M","M","M","?","E","?","R","T","R","M","?","R","E","R","BOSS","M","M","M","?","$","E"],"items_purchased_type":["Card"],"build_version":"2020-12-22","purchased_purges":1,"victory":false,"max_hp_per_floor":[68,68,68,68,68,68,68,68,68,68,68,68,68,68,68,68,68,68,68,68,68,68,68,68],"card_choices":[{"not_picked":["Clash","Perfected Strike"],"picked":"Disarm","floor":1},{"not_picked":["Heavy Blade","Thunderclap"],"picked":"Headbutt","floor":2},{"not_picked":["Cleave","Dual Wield"],"picked":"Sword Boomerang","floor":3},{"not_picked":["Intimidate","Burning Pact"],"picked":"Exhume","floor":4},{"not_picked":["Heavy Blade","Bloodletting"],"picked":"Uppercut","floor":6},{"not_picked":["Body Slam","Pommel Strike","Anger"],"picked":"Battle Trance","floor":11},{"not_picked":["Warcry","Armaments","Heavy Blade"],"picked":"Carnage","floor":14},{"not_picked":["Reaper","Exhume","Double Tap"],"picked":"Berserk+1","floor":16},{"not_picked":["Thunderclap","Twin Strike","Flex"],"picked":"Dark Embrace+1","floor":18},{"not_picked":["Rupture+1","Heavy Blade","Headbutt"],"picked":"Disarm","floor":19},{"not_picked":["Shrug It Off","Wild Strike+1","Armaments","True Grit"],"picked":"SKIP","floor":20},{"not_picked":["Reaper","Cleave","Armaments"],"picked":"Flame Barrier","floor":21}],"player_experience":461356,"relics_obtained":[{"floor":6,"key":"Gremlin Horn"},{"floor":9,"key":"Frozen Egg 2"},{"floor":14,"key":"Oddly Smooth Stone"}],"event_choices":[{"damage_healed":0,"gold_gain":0,"cards_transformed":["Strike_R"],"player_choice":"Change","damage_taken":0,"max_hp_gain":0,"max_hp_loss":0,"event_name":"Living Wall","floor":5,"gold_loss":0,"cards_obtained":["Impervious"]},{"damage_healed":0,"gold_gain":0,"player_choice":"Success","damage_taken":5,"relics_obtained":["Question Card"],"max_hp_gain":0,"max_hp_loss":0,"event_name":"Scrap Ooze","floor":7,"gold_loss":0},{"damage_healed":0,"gold_gain":0,"player_choice":"Gave Potion","damage_taken":0,"relics_obtained":["Kunai"],"max_hp_gain":0,"max_hp_loss":0,"event_name":"WeMeetAgain","floor":12,"gold_loss":0}],"is_beta":false,"boss_relics":[{"not_picked":["Astrolabe","Fusion Hammer"],"picked":"Snecko Eye"}],"items_purged_floors":[22],"is_endless":false,"potions_floor_spawned":[3,4,6,11,20],"killed_by":"Slavers","ascension_level":20}}