{"host":"rmsq46plbpwfbxcc","time":1609758701,"event":{"mods":["AchievementEnabler","BaseMod","Colored Map","Colored Powertips","DeckTracker","KOR Keyword Fix","Minty Spire (QoL Compilation)","Permanent Neow","Quick Restart","SuperFastMode"],"gold_per_floor":[115,190,201,220,170,95,95,126,150,177,195,195,235,257,257,365,365,391,391,138,151,180,207,207,236,263,263,313,337,212,227,227,340,349,378,402,95,114,142,142,142,142],"floor_reached":41,"playtime":1445,"items_purged":["Defend_G","Strike_G+1","Defend_G+1","Strike_G+1"],"score":645,"play_id":"cf0e7f5c-11c2-424d-8f4c-3579b4ff2196","local_time":"20210104201141","is_ascension_mode":true,"campfire_choices":[{"data":"Neutralize","floor":7.0,"key":"SMITH"},{"data":"Cloak And Dagger","floor":12.0,"key":"SMITH"},{"floor":15.0,"key":"REST"},{"data":"After Image","floor":24.0,"key":"SMITH"},{"data":"Accuracy","floor":27.0,"key":"SMITH"},{"data":"Well Laid Plans","floor":32.0,"key":"SMITH"},{"data":"Burst","floor":40,"key":"SMITH"}],"circlet_count":0,"master_deck":["Strike_G+1","Strike_G+1","Defend_G+1","Defend_G+1","Defend_G+1","Survivor+1","Neutralize+1","Tactician","Endless Agony","Cloak And Dagger+1","Backflip","Well Laid Plans+1","After Image+1","Blade Dance+1","Accuracy+1","PiercingWail","Burst+1","CurseOfTheBell","Choke+1","Blur","Parasite"],"relics":["WristBlade","War Paint","CeramicFish","White Beast Statue","SacredBark","Blood Vial","Tingsha","Ancient Tea Set","Calling Bell","Happy Flower","Meat on the Bone","Calipers","Lantern"],"acts_visited":["Exordium","TheCity","TheBeyond"],"potions_floor_usage":[39,41,41],"damage_taken":[{"damage":0.0,"enemies":"2 Louse","floor":1.0,"turns":4.0},{"damage":0.0,"enemies":"Jaw Worm","floor":3.0,"turns":6.0},{"damage":4.0,"enemies":"Small Slimes","floor":4.0,"turns":5.0},{"damage":5.0,"enemies":"3 Sentries","floor":8.0,"turns":6.0},{"damage":10.0,"enemies":"Exordium Wildlife","floor":10.0,"turns":6.0},{"damage":13.0,"enemies":"Lots of Slimes","floor":11.0,"turns":5.0},{"damage":15.0,"enemies":"Gremlin Nob","floor":13.0,"turns":4.0},{"damage":0.0,"enemies":"2 Fungi Beasts","floor":14.0,"turns":3.0},{"damage":25.0,"enemies":"Slime Boss","floor":16.0,"turns":15.0},{"damage":0.0,"enemies":"Shell Parasite","floor":18.0,"turns":7.0},{"damage":7.0,"enemies":"Spheric Guardian","floor":21.0,"turns":3.0},{"damage":0.0,"enemies":"3 Cultists","floor":22.0,"turns":5.0},{"damage":19.0,"enemies":"Gremlin Leader","floor":23.0,"turns":6.0},{"damage":14.0,"enemies":"Slavers","floor":25.0,"turns":4.0},{"damage":0.0,"enemies":"Cultist and Chosen","floor":29.0,"turns":4.0},{"damage":0.0,"enemies":"Centurion and Healer","floor":31.0,"turns":4.0},{"damage":17.0,"enemies":"Champ","floor":33.0,"turns":9.0},{"damage":14.0,"enemies":"3 Shapes","floor":35.0,"turns":7.0},{"damage":14.0,"enemies":"Orb Walker","floor":36.0,"turns":4.0},{"damage":4,"enemies":"Spire Growth","floor":38,"turns":5},{"damage":25,"enemies":"Writhing Mass","floor":39,"turns":5},{"damage":40,"enemies":"Nemesis","floor":41,"turns":6}],"seed_played":"8967564395776758619","potions_obtained":[{"floor":1.0,"key":"Explosive Potion"},{"floor":4.0,"key":"Explosive Potion"},{"floor":11.0,"key":"Swift Potion"},{"floor":13.0,"key":"PowerPotion"},{"floor":14.0,"key":"LiquidBronze"},{"floor":16.0,"key":"AttackPotion"},{"floor":18.0,"key":"Energy Potion"},{"floor":21.0,"key":"LiquidBronze"},{"floor":23.0,"key":"PowerPotion"},{"floor":25.0,"key":"Strength Potion"},{"floor":29.0,"key":"ColorlessPotion"},{"floor":31.0,"key":"ColorlessPotion"},{"floor":33.0,"key":"Strength Potion"},{"floor":35.0,"key":"Explosive Potion"},{"floor":36.0,"key":"SteroidPotion"},{"floor":39,"key":"Weak Potion"}],"is_trial":false,"path_per_floor":["M","?","M","M","?","$","R","E","T","M","M","R","E","M","R","B",null,"M","?","$","M","M","E","R","E","T","R","?","M","$","M","R","B",null,"M","M","$","M","M","R","E"],"character_chosen":"THE_SILENT","items_purchased":["Blood Vial","Lantern"],"campfire_rested":1,"item_purchase_floors":[20,37],"current_hp_per_floor":[63,52,52,48,48,48,48,43,43,33,20,20,5,5,26,1,53,53,53,53,48,50,33,33,21,21,21,21,23,23,25,25,10,55,43,43,43,41,30,30,0,0],"gold":142,"neow_bonus":"BOSS_RELIC","is_daily":false,"chose_seed":false,"campfire_upgraded":6,"win_rate":0.0,"timestamp":1609758701,"path_taken":["M","?","M","M","?","$","R","E","T","M","M","R","E","M","R","BOSS","M","?","$","M","M","E","R","E","T","R","?","M","$","M","R","BOSS","M","M","?","M","M","R","E"],"items_purchased_type":["Relic","Relic"],"build_version":"2020-12-22","purchased_purges":4,"victory":false,"max_hp_per_floor":[70,70,70,70,70,70,70,70,70,70,70,70,70,70,70,70,70,70,70,70,70,70,70,70,70,70,70,70,70,70,70,70,70,70,70,70,70,70,70,70,70,70],"card_choices":[{"not_picked":["Leg Sweep","Deflect","Quick Slash"],"picked":"SKIP","floor":1.0},{"not_picked":["Flying Knee","Deadly Poison"],"picked":"Tactician","floor":3.0},{"not_picked":["Flying Knee","Riddle With Holes"],"picked":"Endless Agony","floor":4.0},{"not_picked":["Tools of the Trade","Calculated Gamble","Prepared"],"picked":"SKIP","floor":8.0},{"not_picked":["Blur","Flying Knee"],"picked":"Cloak And Dagger","floor":10.0},{"not_picked":["Bouncing Flask","Prepared","Poisoned Stab"],"picked":"SKIP","floor":11.0},{"not_picked":["Noxious Fumes","Bane"],"picked":"Backflip","floor":13.0},{"not_picked":["Outmaneuver","Underhanded Strike"],"picked":"Well Laid Plans","floor":14.0},{"not_picked":["Venomology","Tools of the Trade"],"picked":"After Image","floor":16.0},{"not_picked":["Calculated Gamble+1","Backflip"],"picked":"Blade Dance+1","floor":18.0},{"not_picked":["Flying Knee","Reflex","Sucker Punch"],"picked":"SKIP","floor":21.0},{"not_picked":["Prepared+1","Predator"],"picked":"Accuracy","floor":22.0},{"not_picked":["Leg Sweep","Endless Agony+1","All Out Attack"],"picked":"SKIP","floor":23.0},{"not_picked":["Deadly Poison","Blade Dance","Outmaneuver+1"],"picked":"SKIP","floor":25.0},{"not_picked":["Quick Slash","Dagger Spray"],"picked":"PiercingWail","floor":29.0},{"not_picked":["Quick Slash","Heel Hook+1","PiercingWail"],"picked":"SKIP","floor":31.0},{"not_picked":["Storm of Steel","Malaise"],"picked":"Burst","floor":33.0},{"not_picked":["PiercingWail","Backstab+1"],"picked":"Choke+1","floor":35.0},{"not_picked":["Backflip","Skewer+1"],"picked":"Blur","floor":36.0},{"not_picked":["Dagger Throw+1","Flechettes","Backflip+1"],"picked":"SKIP","floor":38},{"not_picked":["Outmaneuver","Infinite Blades+1","Prepared"],"picked":"SKIP","floor":39}],"player_experience":652837,"relics_obtained":[{"floor":8.0,"key":"War Paint"},{"floor":9.0,"key":"CeramicFish"},{"floor":13.0,"key":"White Beast Statue"},{"floor":23.0,"key":"Tingsha"},{"floor":25.0,"key":"Ancient Tea Set"},{"floor":34.0,"key":"Happy Flower"},{"floor":34.0,"key":"Meat on the Bone"},{"floor":34.0,"key":"Calipers"}],"event_choices":[{"damage_healed":0.0,"max_hp_gain":0.0,"max_hp_loss":0.0,"gold_gain":75.0,"event_name":"World of Goop","player_choice":"Gather Gold","floor":2.0,"gold_loss":0.0,"damage_taken":11.0},{"cards_removed":["Strike_G"],"damage_healed":0.0,"max_hp_gain":0.0,"max_hp_loss":0.0,"gold_gain":0.0,"event_name":"The Cleric","player_choice":"Card Removal","floor":5.0,"gold_loss":50.0,"damage_taken":0.0},{"damage_healed":0.0,"max_hp_gain":0.0,"max_hp_loss":0.0,"gold_gain":0.0,"event_name":"Back to Basics","player_choice":"Simplicity","floor":19.0,"gold_loss":0.0,"damage_taken":0.0,"cards_upgraded":["Strike_G","Strike_G","Strike_G","Strike_G","Defend_G","Defend_G","Defend_G"]},{"damage_healed":0.0,"max_hp_gain":0.0,"max_hp_loss":0.0,"gold_gain":100.0,"event_name":"The Joust","player_choice":"Bet on Murderer","floor":28.0,"gold_loss":50.0,"damage_taken":0.0}],"is_beta":false,"boss_relics":[{"not_picked":["Pandora\u0027s Box","Philosopher\u0027s Stone"],"picked":"SacredBark"},{"not_picked":["Busted Crown","Runic Pyramid"],"picked":"Calling Bell"}],"items_purged_floors":[6,20,30,37],"is_endless":false,"potions_floor_spawned":[1,4,11,13,14,16,18,21,22,23,25,29,31,33,35,36,38,39],"killed_by":"Nemesis","ascension_level":9}}