{"host":"640uue19m79c7wbt","time":1609732296,"event":{"mods":["BaseMod","Colored Map","Googly Eyes","Highlight Path","Minty Spire (QoL Compilation)","Quick Restart","StSLib"],"gold_per_floor":[117,117,117,56,71,102,130,141,441,441,441,473,473,484,484,582,582,602,617,617,617,617],"floor_reached":21,"playtime":852,"items_purged":[],"score":299,"play_id":"67696c4c-99f4-429a-9dd9-c1baabaf5c55","local_time":"20210103225136","is_ascension_mode":true,"campfire_choices":[{"floor":11,"key":"REST"},{"data":"Night Terror","floor":13,"key":"SMITH"},{"floor":15,"key":"REST"}],"circlet_count":0,"master_deck":["Strike_G","Strike_G","Strike_G","Strike_G","Strike_G","Defend_G","Defend_G","Defend_G","Defend_G","Defend_G","Survivor","Neutralize","Tactician","Skewer","Underhanded Strike","Concentrate","Acrobatics","Night Terror+1","Dagger Spray","Phantasmal Killer","Terror+1","Prepared"],"relics":["Ring of the Snake","NeowsBlessing","WingedGreaves","HornCleat","Toy Ornithopter","Thread and Needle","Pocketwatch","Old Coin","CultistMask","Omamori","HoveringKite","Spirit Poop"],"acts_visited":["Exordium","TheCity"],"potions_floor_usage":[8,12,14],"damage_taken":[{"damage":0,"enemies":"Cultist","floor":1,"turns":1},{"damage":0,"enemies":"Jaw Worm","floor":5,"turns":1},{"damage":0,"enemies":"Gremlin Nob","floor":6,"turns":1},{"damage":44,"enemies":"Lagavulin","floor":7,"turns":9},{"damage":4,"enemies":"2 Louse","floor":8,"turns":2},{"damage":13,"enemies":"Gremlin Nob","floor":12,"turns":4},{"damage":7,"enemies":"Gremlin Gang","floor":14,"turns":4},{"damage":45,"enemies":"Hexaghost","floor":16,"turns":13},{"damage":0,"enemies":"Spheric Guardian","floor":18,"turns":3},{"damage":30,"enemies":"Shell Parasite","floor":19,"turns":6},{"damage":25,"enemies":"Cultist and Chosen","floor":21,"turns":6}],"seed_played":"-5395320580163316006","potions_obtained":[{"floor":7,"key":"Block Potion"},{"floor":8,"key":"SneckoOil"},{"floor":12,"key":"Fire Potion"}],"is_trial":false,"path_per_floor":["M","T","?","?","M","E","E","M","T","?","R","E","R","M","R","B",null,"M","M","?","M"],"character_chosen":"THE_SILENT","items_purchased":[],"campfire_rested":2,"item_purchase_floors":[],"current_hp_per_floor":[63,63,63,63,63,63,19,20,20,20,41,33,33,31,52,7,54,54,24,24,0,0],"gold":617,"neow_bonus":"THREE_ENEMY_KILL","is_daily":false,"chose_seed":false,"campfire_upgraded":1,"win_rate":0.0,"timestamp":1609732296,"path_taken":["M","?","?","?","?","E","E","M","T","?","R","E","R","?","R","BOSS","M","M","?","?"],"items_purchased_type":[],"build_version":"2020-12-22","purchased_purges":0,"victory":false,"max_hp_per_floor":[70,70,70,70,70,70,70,70,70,70,70,70,70,70,70,70,70,70,70,70,70,70],"card_choices":[{"not_picked":["Flying Knee","Deflect"],"picked":"Tactician","floor":1},{"not_picked":["Leg Sweep","Masterful Stab"],"picked":"Skewer","floor":5},{"not_picked":["Poisoned Stab","Dash"],"picked":"Underhanded Strike","floor":6},{"not_picked":["Backflip","Endless Agony"],"picked":"Concentrate","floor":7},{"not_picked":["Heel Hook","Infinite Blades"],"picked":"Acrobatics","floor":8},{"not_picked":["Cloak And Dagger","Underhanded Strike"],"picked":"Night Terror","floor":12},{"not_picked":["Poisoned Stab","Flying Knee"],"picked":"Dagger Spray","floor":14},{"not_picked":["Night Terror","Storm of Steel"],"picked":"Phantasmal Killer","floor":16},{"not_picked":["Acrobatics","Reflex"],"picked":"Terror+1","floor":18},{"not_picked":["Deflect","Flying Knee"],"picked":"Prepared","floor":19}],"player_experience":563056,"relics_obtained":[{"floor":2,"key":"WingedGreaves"},{"floor":6,"key":"Thread and Needle"},{"floor":7,"key":"Pocketwatch"},{"floor":9,"key":"Old Coin"},{"floor":12,"key":"Omamori"}],"event_choices":[{"damage_healed":0,"gold_gain":0,"player_choice":"Box","damage_taken":0,"relics_obtained":["HornCleat"],"max_hp_gain":0,"max_hp_loss":0,"event_name":"Big Fish","floor":3,"gold_loss":0,"cards_obtained":["Regret"]},{"damage_healed":0,"gold_gain":0,"player_choice":"Paid Gold","damage_taken":0,"relics_obtained":["Toy Ornithopter"],"max_hp_gain":0,"max_hp_loss":0,"event_name":"WeMeetAgain","floor":4,"gold_loss":61},{"damage_healed":0,"gold_gain":0,"player_choice":"Trade","damage_taken":0,"relics_obtained":["CultistMask"],"max_hp_gain":0,"max_hp_loss":0,"event_name":"FaceTrader","floor":10,"gold_loss":0},{"cards_removed":["Regret"],"damage_healed":0,"gold_gain":0,"player_choice":"Offered Curse","damage_taken":0,"relics_obtained":["Spirit Poop"],"max_hp_gain":0,"max_hp_loss":0,"event_name":"Bonfire Elementals","floor":20,"gold_loss":0}],"is_beta":false,"boss_relics":[{"not_picked":["Sozu","Empty Cage"],"picked":"HoveringKite"}],"items_purged_floors":[],"is_endless":false,"potions_floor_spawned":[7,8,12],"killed_by":"Cultist and Chosen","ascension_level":7}}