{"host":"Ceyx","time":1609786235,"event":{"mods":["BaseMod","Beaked The Cultist","BetterRewards","Conspire","Downfall","Hermit","Lobotomy","Minty Spire (QoL Compilation)","Shop Mod","StSLib","The Jungle","The Poker Player"],"gold_per_floor":[111,111,125,143,220,248,266,282,306,319,319,319,319,339,339,339,339],"floor_reached":16,"playtime":1074,"items_purged":[],"score":104,"play_id":"aa638c15-ff6a-45e0-bf2d-e19e38ecfd31","local_time":"20210105015035","is_ascension_mode":false,"campfire_choices":[{"data":"hermit:TakeAim","floor":12,"key":"SMITH"},{"data":"hermit:Glare","floor":15,"key":"SMITH"}],"circlet_count":0,"master_deck":["hermit:Strike_Hermit","hermit:Strike_Hermit","hermit:Strike_Hermit","hermit:Strike_Hermit","hermit:Defend_Hermit","hermit:Defend_Hermit+1","hermit:Defend_Hermit","hermit:Defend_Hermit","hermit:Snapshot","hermit:Covet+1","hermit:Coalescence","hermit:Headshot","hermit:TakeAim+1","hermit:Deadeye","hermit:Dive","hermit:Glare+1","Injury","hermit:TrackingShot"],"relics":["hermit:Momento","Juzu Bracelet","Tiny Chest","Vajra","CultistMask","Golden Idol"],"acts_visited":["Exordium"],"potions_floor_usage":[6,7,7,14],"damage_taken":[{"damage":3,"enemies":"Small Slimes","floor":1,"turns":3},{"damage":0,"enemies":"2 Louse","floor":3,"turns":2},{"damage":0,"enemies":"Jaw Worm","floor":4,"turns":3},{"damage":15,"enemies":"Lagavulin","floor":6,"turns":5},{"damage":0,"enemies":"Gremlin Gang","floor":7,"turns":5},{"damage":18,"enemies":"conspire:2 RoseBushes","floor":8,"turns":4},{"damage":0,"enemies":"Blue Slaver","floor":10,"turns":2},{"damage":0,"enemies":"Red Slaver","floor":14,"turns":3},{"damage":29,"enemies":"Slime Boss","floor":16,"turns":10}],"seed_played":"7314485715727031405","potions_obtained":[{"floor":1,"key":"champ:CounterPotion"},{"floor":3,"key":"Swift Potion"},{"floor":6,"key":"BlessingOfTheForge"},{"floor":8,"key":"ColorlessPotion"}],"is_trial":false,"path_per_floor":["M","?","M","M","?","E","M","M","T","M","?","R","?","M","R","B"],"character_chosen":"HERMIT","items_purchased":[],"campfire_rested":0,"item_purchase_floors":[],"current_hp_per_floor":[72,57,57,57,57,42,42,24,24,24,24,24,24,24,24,0,0],"gold":339,"neow_bonus":"RANDOM_COMMON_RELIC","is_daily":false,"chose_seed":false,"campfire_upgraded":2,"win_rate":0.0,"timestamp":1609786235,"path_taken":["M","?","M","M","?","E","M","M","T","M","?","R","?","M","R","BOSS"],"items_purchased_type":[],"build_version":"2020-12-18","purchased_purges":0,"victory":false,"max_hp_per_floor":[75,75,75,75,75,75,75,75,75,75,75,75,75,75,75,75,75],"card_choices":[{"not_picked":["hermit:Midnight","hermit:LuckOfTheDraw"],"picked":"hermit:Coalescence","floor":1},{"not_picked":["hermit:Grudge","hermit:NoHoldsBarred"],"picked":"hermit:Headshot","floor":3},{"not_picked":["hermit:Misfire","hermit:Roulette"],"picked":"hermit:TakeAim","floor":4},{"not_picked":["hermit:Manifest","hermit:Feint"],"picked":"hermit:Deadeye","floor":6},{"not_picked":["hermit:Coalescence","hermit:PistolWhip"],"picked":"hermit:Dive","floor":7},{"not_picked":["hermit:Feint","hermit:Snipe","hermit:Shortfuse"],"picked":"SKIP","floor":8},{"not_picked":["hermit:TrackingShot","hermit:HighCaliber"],"picked":"hermit:Glare","floor":10},{"not_picked":["hermit:SprayPray","hermit:LuckOfTheDraw"],"picked":"hermit:TrackingShot","floor":14}],"player_experience":511645,"relics_obtained":[{"floor":6,"key":"Tiny Chest"},{"floor":9,"key":"Vajra"}],"event_choices":[{"damage_healed":0,"gold_gain":0,"player_choice":"Entered Light","damage_taken":15,"max_hp_gain":0,"max_hp_loss":0,"event_name":"Shining Light","floor":2,"gold_loss":0,"cards_upgraded":["hermit:Defend_Hermit","hermit:Covet"]},{"damage_healed":0,"gold_gain":77,"player_choice":"Gained Gold","damage_taken":0,"max_hp_gain":0,"max_hp_loss":0,"event_name":"Golden Wing","floor":5,"gold_loss":0},{"damage_healed":0,"gold_gain":0,"player_choice":"Trade","damage_taken":0,"relics_obtained":["CultistMask"],"max_hp_gain":0,"max_hp_loss":0,"event_name":"FaceTrader","floor":11,"gold_loss":0},{"damage_healed":0,"gold_gain":0,"player_choice":"Take Wound","damage_taken":0,"relics_obtained":["Golden Idol"],"max_hp_gain":0,"max_hp_loss":0,"event_name":"Golden Idol","floor":13,"gold_loss":0,"cards_obtained":["Injury"]}],"is_beta":true,"boss_relics":[],"items_purged_floors":[],"is_endless":false,"potions_floor_spawned":[1,3,6,8],"killed_by":"Slime Boss","ascension_level":0}}