{"host":"i2ir6b55gxkcwpt4","time":1609779640,"event":{"mods":["BaseMod","Colored Map","Colored Powertips","KinomotoSakuraMod(Ä¾Ö®±¾Ó£)","Lobotomy","LobotomyExtend","Minty Spire (QoL Compilation)"],"gold_per_floor":[109,109,109,121,148,189,201,247,259,271,311,335,347,534,546,663,725,752,764,791,144,221,221,236,266,293,322,322,5,5,5,5,104,104,121,141,141,141,141,141,160,185,185,235,252,283,4,19,19,19,19],"floor_reached":50,"playtime":5659,"items_purged":["DreamingCurrent"],"score":881,"play_id":"b0b395d6-ded3-4c6e-9564-d9ac283bfa50","local_time":"20210105010040","is_ascension_mode":true,"campfire_choices":[{"floor":10,"key":"REST"},{"data":"ClowCardTheFloat","floor":15,"key":"SMITH"},{"data":"ClowCardTheFlower","floor":23,"key":"SMITH"},{"floor":32,"key":"REST"},{"floor":40,"key":"DIG"},{"data":"ClowCardTheLight","floor":49,"key":"SMITH"}],"circlet_count":0,"master_deck":["ClowCardTheWatery","ClowCardTheShadow","ClowCardTheLight+1","ClowCardTheSleep","SakuraCardTheDark+","ClowCardTheWatery","ClowCardTheWave","SakuraCardTheIllusion+","SakuraCardTheDream+","ClowCardTheSword","ClowCardTheSword","ClowCardTheSword","ClowCardTheShield","ClowCardTheShield","ClowCardTheShield","ClowCardTheShield+1","SpellCardSeal","SpellCardRelease","WhitesApple","ClowCardTheRain+1","OldLady","Parasite","LaLuna","ClowCardTheDash+1","Parasite","Parasite","ClowCardTheVoice","Parasite","ClowCardTheFloat+1","CherryBlossoms","Doubt","Parasite","ClowCardTheFight","ClowCardTheMaze","Parasite","ClowCardTheLock","Parasite","NakedNest","ClowCardTheFlower+1","Panache","Parasite","ClowCardTheSnow+1","Parasite","UniverseFragment","ClowCardTheDream+1","Parasite","ClowCardTheShadow","Wellcheers","Parasite","ClowCardTheBubbles","Parasite","DespairKnight","Parasite","ClowCardTheEarthy","OSAHOGD","ClowCardTheIllusion","HappyTeddy","Madness","Trip","Secret Technique","Madness","Madness","Parasite","MeltingLove","ClowCardTheSong+1","ClowCardTheFreeze+1","SilentOrchestra","LittleHelper","ClowCardTheLibra+1","Parasite","Woodsman","ClowCardTheMirror+1","BodiesMountain","ClowCardTheFirey","ClowCardTheSand","ClowCardTheFly+1","Rudolta"],"relics":["KSMOD_SealedBook","KSMOD_StarWand","CogitoBucket","LetterFromLob","MawBank","GremlinMask","Kunai","Pocketwatch","Torii","CaptainsWheel","ResearcherNote","Tiny House","Shovel","HornCleat","KSMOD_Yue","KSMOD_TeddyBear","PreservedInsect","Letter Opener","Incense Burner","BackwardClock","The Courier","Peace Pipe","KSMOD_Compass","TungstenRod","AtMidnight","HellTrain","Bronze Scales","Membership Card","Shuriken"],"acts_visited":["Exordium","TheCity","TheBeyond"],"potions_floor_usage":[12,12,19,20,27,27,44,45,46,48,48,50],"damage_taken":[{"damage":11,"enemies":"Jaw Worm","floor":1,"turns":3},{"damage":3,"enemies":"2 Louse","floor":5,"turns":3},{"damage":12,"enemies":"Lagavulin","floor":6,"turns":5},{"damage":10,"enemies":"3 Sentries","floor":8,"turns":9},{"damage":17,"enemies":"Gremlin Nob","floor":11,"turns":4},{"damage":12,"enemies":"Cultist","floor":12,"turns":5},{"damage":13,"enemies":"Slime Boss","floor":16,"turns":8},{"damage":21,"enemies":"Chosen","floor":18,"turns":10},{"damage":49,"enemies":"3 Byrds","floor":20,"turns":10},{"damage":15,"enemies":"Snake Plant","floor":24,"turns":8},{"damage":24,"enemies":"Book of Stabbing","floor":25,"turns":7},{"damage":14,"enemies":"Slavers","floor":27,"turns":4},{"damage":20,"enemies":"Colosseum Slavers","floor":28,"turns":5},{"damage":1,"enemies":"Collector","floor":33,"turns":13},{"damage":0,"enemies":"Orb Walker","floor":35,"turns":7},{"damage":6,"enemies":"3 Shapes","floor":36,"turns":6},{"damage":1,"enemies":"Sphere and 2 Shapes","floor":41,"turns":6},{"damage":28,"enemies":"Reptomancer","floor":42,"turns":8},{"damage":0,"enemies":"Mind Bloom Boss Battle","floor":44,"turns":6},{"damage":0,"enemies":"Writhing Mass","floor":45,"turns":17},{"damage":0,"enemies":"Nemesis","floor":46,"turns":3},{"damage":6,"enemies":"4 Shapes","floor":48,"turns":3},{"damage":48,"enemies":"Donu and Deca","floor":50,"turns":5}],"seed_played":"-6612209690160986326","potions_obtained":[{"floor":5,"key":"DuplicationPotion"},{"floor":6,"key":"Ancient Potion"},{"floor":11,"key":"DistilledChaos"},{"floor":17,"key":"FairyPotion"},{"floor":18,"key":"SteroidPotion"},{"floor":19,"key":"Fruit Juice"},{"floor":19,"key":"PowerPotion"},{"floor":25,"key":"AttackPotion"},{"floor":33,"key":"SteroidPotion"},{"floor":36,"key":"LiquidBronze"},{"floor":44,"key":"Swift Potion"},{"floor":46,"key":"SkillPotion"},{"floor":48,"key":"Explosive Potion"}],"is_trial":false,"path_per_floor":["M","?","T","?","M","E","M","E","T","R","E","M","?","?","R","B",null,"M","?","M","$","T","R","M","E","T","E","?","$","?","$","R","B",null,"M","M","?","?","?","R","M","E","T","?","M","E","$","M","R","B"],"character_chosen":"KINOMOTOSAKURA","items_purchased":["Shovel","ClowCardTheFlower","ClowCardTheSand","Panache","Letter Opener","ClowCardTheBubbles","Membership Card","Shuriken","ClowCardTheSand","SkillPotion","Swift Potion"],"campfire_rested":2,"item_purchase_floors":[21,21,21,21,29,29,47,47,47,47,47],"current_hp_per_floor":[59,52,52,52,49,37,37,27,27,48,31,43,70,70,70,64,75,75,80,55,55,55,55,40,16,16,2,11,11,11,11,35,40,80,80,77,67,57,57,57,56,28,28,31,40,46,46,75,75,74,74],"gold":19,"neow_bonus":"","is_daily":false,"chose_seed":false,"campfire_upgraded":3,"win_rate":0.0,"timestamp":1609779640,"path_taken":["M","?","?","?","?","E","M","E","T","R","E","M","?","?","R","BOSS","M","?","?","$","?","R","?","E","T","E","?","?","?","$","R","BOSS","M","M","?","?","?","R","M","E","T","?","M","E","$","M","R","BOSS"],"items_purchased_type":["Relic","Card","Card","Card","Relic","Card","Relic","Relic","Card","Potion","Potion"],"build_version":"2020-12-22","purchased_purges":1,"victory":false,"max_hp_per_floor":[70,70,70,70,70,70,70,70,70,70,70,70,70,70,70,70,75,75,80,80,80,80,80,80,80,80,80,80,80,80,80,80,80,80,80,80,80,80,80,80,80,80,80,80,80,80,80,80,80,80,80],"card_choices":[{"not_picked":["Wellcheers","SnowQueen"],"picked":"WhitesApple","floor":1},{"not_picked":["ClowCardTheEarthy","ClowCardTheSnow"],"picked":"ClowCardTheRain","floor":1},{"not_picked":["Murderer","BigBadWolf"],"picked":"OldLady","floor":5},{"not_picked":["ClowCardTheShot","ClowCardTheLittle"],"picked":"ClowCardTheIllusion","floor":5},{"not_picked":["Scorched","PunishingBird"],"picked":"LaLuna","floor":6},{"not_picked":["ClowCardThePower","ClowCardTheFirey"],"picked":"ClowCardTheDash","floor":6},{"not_picked":["ClowCardTheShot","ClowCardTheStorm"],"picked":"ClowCardTheDream","floor":8},{"not_picked":["ClowCardTheWood","ClowCardTheErase"],"picked":"ClowCardTheVoice","floor":11},{"not_picked":["GreedKing","ShyLook"],"picked":"DreamingCurrent","floor":11},{"not_picked":["ClowCardTheRain","ClowCardTheErase"],"picked":"ClowCardTheFloat","floor":12},{"not_picked":["Porccubus","CrumblingArmor"],"picked":"CherryBlossoms","floor":12},{"not_picked":["ClowCardTheThrough","ClowCardTheDash"],"picked":"ClowCardTheFight","floor":16},{"not_picked":["ClowCardTheVoice","ClowCardTheWatery"],"picked":"ClowCardTheMaze","floor":17},{"not_picked":["ClowCardTheMaze","ClowCardTheArrow"],"picked":"ClowCardTheLock","floor":18},{"not_picked":["HeroicMonk","FairyFestival"],"picked":"NakedNest","floor":20},{"not_picked":["ClowCardTheMaze","ClowCardTheLittle","ClowCardTheMirror"],"picked":"SKIP","floor":20},{"not_picked":["ClowCardTheMaze","ClowCardTheLittle","ClowCardTheMirror"],"picked":"SKIP","floor":20},{"not_picked":["ClowCardTheRain","ClowCardThePower"],"picked":"ClowCardTheSnow+1","floor":24},{"not_picked":["QueenBee","Murderer"],"picked":"UniverseFragment","floor":25},{"not_picked":["ClowCardTheMove+1","ClowCardTheSand"],"picked":"ClowCardTheDream+1","floor":25},{"not_picked":["ClowCardTheMirror","ClowCardTheIllusion"],"picked":"ClowCardTheShadow","floor":27},{"not_picked":["DreamingCurrent","MHz"],"picked":"Wellcheers","floor":27},{"not_picked":["ClowCardTheTwin","ClowCardTheTime"],"picked":"ClowCardTheDark","floor":33},{"not_picked":["LittlePrince","Murderer"],"picked":"DespairKnight","floor":33},{"not_picked":["ClowCardTheWood","ClowCardTheSnow"],"picked":"ClowCardTheEarthy","floor":35},{"not_picked":["Murderer","DreamingCurrent"],"picked":"OSAHOGD","floor":35},{"not_picked":["ClowCardTheDark","ClowCardTheMove"],"picked":"ClowCardTheIllusion","floor":36},{"not_picked":["ShyLook","Mercenary"],"picked":"HappyTeddy","floor":36},{"not_picked":["Finesse","Good Instincts"],"picked":"Madness","floor":37},{"not_picked":["Blind","Swift Strike"],"picked":"Trip","floor":37},{"not_picked":["Purity","Impatience"],"picked":"Secret Technique","floor":37},{"not_picked":["LittlePrince","ShyLook"],"picked":"MeltingLove","floor":41},{"not_picked":["ClowCardTheFreeze","ClowCardTheEarthy"],"picked":"ClowCardTheSong+1","floor":41},{"not_picked":["ClowCardTheWatery","ClowCardTheThrough"],"picked":"ClowCardTheFreeze+1","floor":42},{"not_picked":["GalaxyChild","LongBird"],"picked":"SilentOrchestra","floor":42},{"not_picked":["QueenOfHatred","BigBadWolf"],"picked":"LittleHelper","floor":44},{"not_picked":["ClowCardTheWood+1","ClowCardTheSilent+1"],"picked":"ClowCardTheLibra+1","floor":44},{"not_picked":["BigBird","Variant"],"picked":"Woodsman","floor":45},{"not_picked":["ClowCardTheMist","ClowCardTheCloud+1"],"picked":"ClowCardTheMirror+1","floor":45},{"not_picked":["Freischutz","Yin"],"picked":"BodiesMountain","floor":46},{"not_picked":["ClowCardTheLibra+1","ClowCardTheSong"],"picked":"ClowCardTheFirey","floor":46},{"not_picked":["ClowCardTheRain+1","ClowCardTheSand+1"],"picked":"ClowCardTheFly+1","floor":48},{"not_picked":["BigBadWolf","LittlePrince"],"picked":"Rudolta","floor":48}],"player_experience":73423,"relics_obtained":[{"floor":1,"key":"LetterFromLob"},{"floor":3,"key":"MawBank"},{"floor":6,"key":"Kunai"},{"floor":8,"key":"Pocketwatch"},{"floor":9,"key":"Torii"},{"floor":11,"key":"CaptainsWheel"},{"floor":22,"key":"HornCleat"},{"floor":25,"key":"KSMOD_Yue"},{"floor":26,"key":"KSMOD_TeddyBear"},{"floor":27,"key":"PreservedInsect"},{"floor":40,"key":"The Courier"},{"floor":42,"key":"Peace Pipe"},{"floor":43,"key":"KSMOD_Compass"},{"floor":44,"key":"TungstenRod"},{"floor":45,"key":"AtMidnight"},{"floor":46,"key":"Bronze Scales"}],"event_choices":[{"cards_removed":["ClowCardTheSword"],"damage_healed":0,"gold_gain":0,"player_choice":"Card Removal","damage_taken":7,"max_hp_gain":0,"max_hp_loss":0,"event_name":"Golden Wing","floor":2,"gold_loss":0},{"damage_healed":0,"gold_gain":0,"player_choice":"Trade","damage_taken":0,"relics_obtained":["GremlinMask"],"max_hp_gain":0,"max_hp_loss":0,"event_name":"FaceTrader","floor":4,"gold_loss":0},{"damage_healed":0,"gold_gain":175,"player_choice":"AGREE","damage_taken":0,"max_hp_gain":0,"max_hp_loss":0,"event_name":"Liars Game","floor":14,"gold_loss":0,"cards_obtained":["Doubt"]},{"damage_healed":0,"gold_gain":0,"player_choice":"Got Potions","damage_taken":0,"max_hp_gain":0,"max_hp_loss":0,"event_name":"Lab","floor":19,"gold_loss":0},{"damage_healed":0,"gold_gain":0,"player_choice":"Fight","damage_taken":0,"max_hp_gain":0,"max_hp_loss":0,"event_name":"Colosseum","floor":28,"gold_loss":0},{"damage_healed":0,"gold_gain":0,"player_choice":"Fled From Nobs","damage_taken":0,"max_hp_gain":0,"max_hp_loss":0,"event_name":"Colosseum","floor":28,"gold_loss":0},{"damage_healed":0,"gold_gain":0,"player_choice":"Opened","damage_taken":0,"relics_obtained":["Incense Burner"],"max_hp_gain":0,"max_hp_loss":0,"event_name":"The Mausoleum","floor":30,"gold_loss":0},{"damage_healed":0,"gold_gain":0,"player_choice":"Memory 3","damage_taken":10,"max_hp_gain":0,"max_hp_loss":0,"event_name":"SensoryStone","floor":37,"gold_loss":0},{"damage_healed":0,"gold_gain":0,"player_choice":"Embrace Madness","damage_taken":10,"max_hp_gain":0,"max_hp_loss":0,"event_name":"Winding Halls","floor":38,"gold_loss":0,"cards_obtained":["Madness","Madness"]},{"cards_removed":["ClowCardTheSand"],"damage_healed":0,"gold_gain":0,"player_choice":"Removed Attack","damage_taken":0,"max_hp_gain":0,"max_hp_loss":0,"event_name":"Falling","floor":39,"gold_loss":0},{"damage_healed":0,"gold_gain":0,"player_choice":"Fight","damage_taken":0,"max_hp_gain":0,"max_hp_loss":0,"event_name":"MindBloom","floor":44,"gold_loss":0}],"is_beta":false,"boss_relics":[{"not_picked":["Ectoplasm","SacredBark"],"picked":"Tiny House"},{"not_picked":["Snecko Eye","Cursed Key"],"picked":"KSMOD_StarWand"}],"items_purged_floors":[21],"is_endless":false,"potions_floor_spawned":[5,6,11,18,25,28,33,36,44,46,48],"killed_by":"Donu and Deca","ascension_level":1}}