{"host":"2he95iptrbxkejc1","time":1609779836,"event":{"mods":["AchievementEnabler","BaseMod","Minty Spire (QoL Compilation)"],"gold_per_floor":[113,130,141,158,158,158,190,190,190,210,242,258,268,47,47,142,142,157,176,176,191,207,207,239,154,177,40,40,53,53,73,73,171,171,188,204,223,239,239,239,120,137,191,191,191],"floor_reached":44,"playtime":1855,"items_purged":["Strike_R","Defend_R"],"score":521,"play_id":"fdd0f0a0-c73e-4a21-a4b2-dab72c63aae3","local_time":"20210104170356","is_ascension_mode":false,"campfire_choices":[{"data":"Hemokinesis","floor":6,"key":"SMITH"},{"data":"Heavy Blade","floor":15,"key":"SMITH"},{"floor":23,"key":"REST"},{"floor":28,"key":"REST"},{"floor":32,"key":"REST"},{"floor":40,"key":"REST"}],"circlet_count":0,"master_deck":["Strike_R","Strike_R","Strike_R","Strike_R","Bash","Hemokinesis+1","Power Through+1","Limit Break+1","Anger","Hemokinesis+1","Anger","Seeing Red+1","Flex+1","Heavy Blade+1","Flex+1","Shrug It Off+1","Seeing Red+1","J.A.X.+1","Shrug It Off+1","Shrug It Off+1","Infernal Blade+1","Rage+1","Warcry+1","Offering+1","Seeing Red+1","Clash+1","Heavy Blade+1"],"relics":["Astrolabe","Mercury Hourglass","Sundial","Toxic Egg 2","Orrery","Runic Cube","Ancient Tea Set","Centennial Puzzle","Boot","SlaversCollar","Omamori","Oddly Smooth Stone"],"acts_visited":["Exordium","TheCity","TheBeyond"],"potions_floor_usage":[7,11,12,16,16,16,22,22,33],"damage_taken":[{"damage":3,"enemies":"Cultist","floor":1,"turns":3},{"damage":6,"enemies":"Jaw Worm","floor":2,"turns":3},{"damage":4,"enemies":"2 Louse","floor":3,"turns":2},{"damage":9,"enemies":"Looter","floor":4,"turns":2},{"damage":4,"enemies":"Gremlin Nob","floor":7,"turns":2},{"damage":9,"enemies":"Exordium Wildlife","floor":10,"turns":3},{"damage":4,"enemies":"Lagavulin","floor":11,"turns":3},{"damage":16,"enemies":"Large Slime","floor":12,"turns":3},{"damage":6,"enemies":"Gremlin Gang","floor":13,"turns":2},{"damage":40,"enemies":"The Guardian","floor":16,"turns":5},{"damage":4,"enemies":"Chosen","floor":18,"turns":4},{"damage":25,"enemies":"3 Byrds","floor":19,"turns":4},{"damage":17,"enemies":"Centurion and Healer","floor":21,"turns":2},{"damage":23,"enemies":"Shelled Parasite and Fungi","floor":22,"turns":3},{"damage":37,"enemies":"Slavers","floor":24,"turns":3},{"damage":4,"enemies":"Snecko","floor":29,"turns":3},{"damage":10,"enemies":"Sentry and Sphere","floor":31,"turns":3},{"damage":32,"enemies":"Collector","floor":33,"turns":4},{"damage":17,"enemies":"3 Darklings","floor":35,"turns":2},{"damage":8,"enemies":"Orb Walker","floor":36,"turns":1},{"damage":21,"enemies":"Transient","floor":37,"turns":5},{"damage":28,"enemies":"Spire Growth","floor":38,"turns":3},{"damage":25,"enemies":"Maw","floor":42,"turns":3},{"damage":8,"enemies":"4 Shapes","floor":44,"turns":1}],"seed_played":"-2756903582201794737","potions_obtained":[{"floor":1,"key":"AttackPotion"},{"floor":2,"key":"Weak Potion"},{"floor":7,"key":"SteroidPotion"},{"floor":8,"key":"Ancient Potion"},{"floor":8,"key":"CultistPotion"},{"floor":11,"key":"Weak Potion"},{"floor":12,"key":"Swift Potion"},{"floor":19,"key":"FearPotion"},{"floor":21,"key":"BloodPotion"},{"floor":29,"key":"Energy Potion"}],"is_trial":false,"path_per_floor":["M","M","M","M","?","R","E","?","T","M","E","M","M","$","R","B",null,"M","M","?","M","M","R","E","?","T","$","R","M","?","M","R","B",null,"M","M","M","M","?","R","?","M","T","M"],"character_chosen":"IRONCLAD","items_purchased":["Orrery","Rage+1"],"campfire_rested":4,"item_purchase_floors":[14,27],"current_hp_per_floor":[77,71,67,58,80,80,76,76,76,67,63,47,41,41,41,1,80,76,51,51,34,27,51,14,14,14,14,38,34,34,24,48,16,80,63,55,34,6,6,30,30,5,5,0,0],"gold":191,"neow_bonus":"BOSS_RELIC","is_daily":false,"chose_seed":false,"campfire_upgraded":2,"win_rate":0.0,"timestamp":1609779836,"path_taken":["M","M","M","M","?","R","E","?","T","?","E","M","M","$","R","BOSS","M","M","?","M","M","R","E","?","T","$","R","M","?","M","R","BOSS","M","M","M","M","?","R","?","M","T","M"],"items_purchased_type":["Relic","Card"],"build_version":"2020-12-22","purchased_purges":2,"victory":false,"max_hp_per_floor":[80,80,80,80,80,80,80,80,80,80,80,80,80,80,80,80,80,80,80,80,80,80,80,80,80,80,80,80,80,80,80,80,80,80,80,80,80,80,80,80,80,80,80,80,80],"card_choices":[{"not_picked":["Evolve","Battle Trance"],"picked":"Anger","floor":1},{"not_picked":["Thunderclap","Warcry"],"picked":"Hemokinesis","floor":2},{"not_picked":["Dropkick","Sword Boomerang","Bloodletting"],"picked":"SKIP","floor":3},{"not_picked":["Ghostly Armor","Hemokinesis"],"picked":"Anger","floor":4},{"not_picked":["Disarm","Ghostly Armor","Spot Weakness"],"picked":"SKIP","floor":7},{"not_picked":["Cleave","Perfected Strike","Armaments"],"picked":"SKIP","floor":10},{"not_picked":["Perfected Strike","Wild Strike"],"picked":"Seeing Red+1","floor":11},{"not_picked":["Headbutt","Sword Boomerang"],"picked":"Flex+1","floor":12},{"not_picked":["Sword Boomerang","Wild Strike","Dual Wield+1"],"picked":"SKIP","floor":13},{"not_picked":["Body Slam","True Grit+1"],"picked":"Heavy Blade","floor":14},{"not_picked":["Warcry+1","Intimidate+1"],"picked":"Flex+1","floor":14},{"not_picked":["Sever Soul","Reckless Charge"],"picked":"Shrug It Off+1","floor":14},{"not_picked":["Headbutt","Body Slam"],"picked":"Seeing Red+1","floor":14},{"not_picked":["Juggernaut","Bludgeon"],"picked":"Demon Form","floor":16},{"not_picked":["Spot Weakness+1","Uppercut","Ghostly Armor+1"],"picked":"SKIP","floor":18},{"not_picked":["Disarm+1","Carnage+1","Dark Embrace"],"picked":"SKIP","floor":19},{"not_picked":["Twin Strike","Entrench+1"],"picked":"Shrug It Off+1","floor":21},{"not_picked":["Clash","Thunderclap"],"picked":"Shrug It Off+1","floor":22},{"not_picked":["Fire Breathing","Metallicize"],"picked":"Infernal Blade+1","floor":24},{"not_picked":["Armaments+1","Burning Pact+1"],"picked":"Warcry+1","floor":29},{"not_picked":["Dropkick","Body Slam","Clothesline"],"picked":"SKIP","floor":31},{"not_picked":["Fiend Fire","Reaper"],"picked":"Offering+1","floor":33},{"not_picked":["Cleave","Shrug It Off+1","True Grit+1"],"picked":"SKIP","floor":35},{"not_picked":["Perfected Strike","Flame Barrier+1"],"picked":"Seeing Red+1","floor":36},{"not_picked":["Thunderclap+1","Shrug It Off+1"],"picked":"Clash+1","floor":37},{"not_picked":["Power Through+1","Shrug It Off+1"],"picked":"Heavy Blade+1","floor":38},{"not_picked":["Clothesline","Pommel Strike+1","Sever Soul+1"],"picked":"SKIP","floor":42}],"player_experience":47403,"relics_obtained":[{"floor":7,"key":"Mercury Hourglass"},{"floor":9,"key":"Sundial"},{"floor":11,"key":"Toxic Egg 2"},{"floor":24,"key":"Ancient Tea Set"},{"floor":26,"key":"Boot"},{"floor":43,"key":"Oddly Smooth Stone"}],"event_choices":[{"damage_healed":26,"gold_gain":0,"player_choice":"Banana","damage_taken":0,"max_hp_gain":0,"max_hp_loss":0,"event_name":"Big Fish","floor":5,"gold_loss":0},{"damage_healed":0,"gold_gain":0,"player_choice":"Got Potions","damage_taken":0,"max_hp_gain":0,"max_hp_loss":0,"event_name":"Lab","floor":8,"gold_loss":0},{"damage_healed":0,"gold_gain":0,"player_choice":"Obtain J.A.X.","damage_taken":0,"max_hp_gain":0,"max_hp_loss":0,"event_name":"Drug Dealer","floor":20,"gold_loss":0,"cards_obtained":["J.A.X."]},{"damage_healed":0,"gold_gain":0,"player_choice":"Obtained Relic","damage_taken":0,"relics_obtained":["Centennial Puzzle"],"max_hp_gain":0,"max_hp_loss":0,"event_name":"Addict","floor":25,"gold_loss":85},{"damage_healed":0,"gold_gain":0,"player_choice":"Ignored","damage_taken":0,"max_hp_gain":0,"max_hp_loss":0,"event_name":"The Mausoleum","floor":30,"gold_loss":0},{"cards_removed":["Demon Form"],"damage_healed":0,"gold_gain":0,"player_choice":"Removed Power","damage_taken":0,"max_hp_gain":0,"max_hp_loss":0,"event_name":"Falling","floor":39,"gold_loss":0},{"damage_healed":0,"gold_gain":0,"player_choice":"Paid Gold","damage_taken":0,"relics_obtained":["Omamori"],"max_hp_gain":0,"max_hp_loss":0,"event_name":"WeMeetAgain","floor":41,"gold_loss":119}],"is_beta":false,"boss_relics":[{"not_picked":["Velvet Choker","Philosopher\u0027s Stone"],"picked":"Runic Cube"},{"not_picked":["Runic Pyramid","SacredBark"],"picked":"SlaversCollar"}],"items_purged_floors":[14,27],"is_endless":false,"potions_floor_spawned":[1,2,7,11,12,19,21,29],"killed_by":"4 Shapes","ascension_level":0}}