{"host":"9viy3memdfgcf4vy","time":1609785412,"event":{"mods":["BaseMod","Bestiary","Colored Map","Minty Spire (QoL Compilation)","Permanent Neow","StSLib"],"gold_per_floor":[110,90,12,23,23,23,23,41,68,19,19,19,29,0,0,101,101,112,112,37,37,37,37,37,37,90,90,103,134,154,254,254,355,355,371,387,387,401,69,69,87,87,87,103,103,153,153,186,186,186],"floor_reached":51,"playtime":3347,"items_purged":["Darkness"],"score":789,"play_id":"f3fde06a-68b1-4fec-aeb2-0cf03443d677","local_time":"20210104203652","is_ascension_mode":true,"campfire_choices":[{"data":"Defragment","floor":6,"key":"SMITH"},{"data":"Zap","floor":11,"key":"SMITH"},{"floor":15,"key":"REST"},{"data":"Electrodynamics","floor":23,"key":"SMITH"},{"floor":25,"key":"REST"},{"data":"Streamline","floor":27,"key":"SMITH"},{"floor":32,"key":"REST"},{"data":"Seek","floor":40,"key":"SMITH"},{"data":"Creative AI","floor":45,"key":"SMITH"},{"data":"Defragment","floor":47,"key":"SMITH"},{"data":"Capacitor","floor":49,"key":"SMITH"}],"circlet_count":0,"master_deck":["Zap+1","Dualcast","Streamline+1","Defragment+1","Capacitor+1","Consume","Cold Snap","Electrodynamics+1","Streamline+1","Defragment+1","Auto Shields+1","Skim","Static Discharge","Creative AI+1","Streamline","Seek+1","Rainbow","Force Field","Conserve Battery","Go for the Eyes+1","White Noise","Bandage Up","Heatsinks+1","Heatsinks"],"relics":["Cracked Core","WingedGreaves","Mummified Hand","Blood Vial","Inserter","Bag of Preparation","InkBottle","Pandora\u0027s Box","Bottled Lightning","The Courier","Lizard Tail","Bag of Marbles"],"acts_visited":["Exordium","TheCity","TheBeyond"],"potions_floor_usage":[16,16,50,50],"damage_taken":[{"damage":2,"enemies":"2 Louse","floor":1,"turns":2},{"damage":1,"enemies":"Cultist","floor":4,"turns":3},{"damage":3,"enemies":"Jaw Worm","floor":8,"turns":3},{"damage":25,"enemies":"Exordium Thugs","floor":13,"turns":4},{"damage":18,"enemies":"Hexaghost","floor":16,"turns":9},{"damage":0,"enemies":"Spheric Guardian","floor":18,"turns":3},{"damage":7,"enemies":"Shell Parasite","floor":28,"turns":3},{"damage":17,"enemies":"Gremlin Leader","floor":29,"turns":5},{"damage":6,"enemies":"3 Cultists","floor":30,"turns":3},{"damage":52,"enemies":"Automaton","floor":33,"turns":7},{"damage":9,"enemies":"3 Darklings","floor":35,"turns":2},{"damage":6,"enemies":"Orb Walker","floor":36,"turns":3},{"damage":0,"enemies":"4 Shapes","floor":38,"turns":2},{"damage":5,"enemies":"Maw","floor":41,"turns":5},{"damage":22,"enemies":"Writhing Mass","floor":44,"turns":6},{"damage":0,"enemies":"Mind Bloom Boss Battle","floor":46,"turns":4},{"damage":0,"enemies":"Giant Head","floor":48,"turns":6},{"damage":0,"enemies":"Donu and Deca","floor":50,"turns":4}],"seed_played":"4569493738780842118","potions_obtained":[{"floor":1,"key":"LiquidBronze"},{"floor":2,"key":"Dexterity Potion"},{"floor":13,"key":"SteroidPotion"},{"floor":33,"key":"SkillPotion"},{"floor":35,"key":"SkillPotion"},{"floor":38,"key":"Weak Potion"},{"floor":41,"key":"DistilledChaos"},{"floor":48,"key":"SneckoOil"}],"is_trial":false,"path_per_floor":["M","?","$","M","?","R","$","M","T","$","R","?","M","?","R","B",null,"M","?","?","?","$","R","?","R","T","R","M","E","M","?","R","B",null,"M","M","?","M","$","R","M","?","T","M","R","?","R","E","R","B",null],"character_chosen":"DEFECT","items_purchased":["Defragment","Cold Snap","Bottled Lightning"],"campfire_rested":3,"item_purchase_floors":[3,10,39],"current_hp_per_floor":[52,52,52,51,51,51,51,48,48,48,48,48,25,25,47,31,75,75,59,59,45,45,45,45,69,69,69,64,49,45,45,69,19,80,71,67,67,69,69,69,66,66,66,50,50,56,56,62,62,68],"gold":186,"neow_bonus":"ONE_RARE_RELIC","is_daily":false,"chose_seed":false,"campfire_upgraded":8,"win_rate":0.0,"timestamp":1609785412,"path_taken":["M","?","$","?","?","R","?","M","T","$","R","?","M","?","R","BOSS","M","?","?","?","$","R","?","R","T","R","M","E","M","?","R","BOSS","M","?","?","M","$","R","M","?","T","M","R","?","R","E","R","BOSS"],"items_purchased_type":["Card","Card","Relic"],"build_version":"2020-12-22","purchased_purges":1,"victory":true,"max_hp_per_floor":[75,75,75,75,75,75,75,75,75,75,75,75,75,75,75,75,75,75,75,75,80,80,80,80,80,80,80,80,80,80,80,80,80,80,80,80,76,76,76,76,76,76,76,76,76,76,76,76,76,76],"card_choices":[{"not_picked":["Auto Shields","Ball Lightning"],"picked":"Streamline","floor":1},{"not_picked":["Compile Driver","Recycle"],"picked":"Capacitor","floor":4},{"not_picked":["Doom and Gloom","Coolheaded"],"picked":"Consume","floor":8},{"not_picked":["Gash","Go for the Eyes","Undo"],"picked":"SKIP","floor":13},{"not_picked":["Seek","Meteor Strike"],"picked":"Electrodynamics","floor":16},{"not_picked":["Double Energy+1","Sunder"],"picked":"Streamline+1","floor":18},{"not_picked":["Stack","Sunder+1"],"picked":"Auto Shields+1","floor":28},{"not_picked":["Coolheaded","Tempest"],"picked":"Skim","floor":29},{"not_picked":["Capacitor","Go for the Eyes"],"picked":"Static Discharge","floor":30},{"not_picked":["Thunder Strike","Multi-Cast"],"picked":"Creative AI","floor":33},{"not_picked":["Steam Power+1","Cold Snap","Go for the Eyes"],"picked":"SKIP","floor":35},{"not_picked":["Sunder","Leap"],"picked":"Go for the Eyes+1","floor":36},{"not_picked":["Steam Power","Recycle+1","Rebound"],"picked":"SKIP","floor":38},{"not_picked":["Beam Cell","Darkness+1"],"picked":"White Noise","floor":41},{"not_picked":["Discovery","Good Instincts"],"picked":"Bandage Up","floor":42},{"not_picked":["Sunder+1","Force Field"],"picked":"Heatsinks+1","floor":44},{"not_picked":["Coolheaded","Cold Snap+1"],"picked":"Heatsinks","floor":48}],"player_experience":199774,"relics_obtained":[{"floor":9,"key":"Blood Vial"},{"floor":26,"key":"Bag of Preparation"},{"floor":29,"key":"InkBottle"},{"floor":43,"key":"The Courier"},{"floor":46,"key":"Lizard Tail"},{"floor":48,"key":"Bag of Marbles"}],"event_choices":[{"damage_healed":0,"gold_gain":0,"player_choice":"Bought 1 Potion","damage_taken":0,"max_hp_gain":0,"max_hp_loss":0,"event_name":"The Woman in Blue","floor":2,"gold_loss":0},{"damage_healed":0,"gold_gain":0,"player_choice":"Gave Potion","damage_taken":0,"relics_obtained":["Mummified Hand"],"max_hp_gain":0,"max_hp_loss":0,"event_name":"WeMeetAgain","floor":5,"gold_loss":0},{"cards_removed":["Strike_B"],"damage_healed":0,"gold_gain":0,"player_choice":"Forget","damage_taken":0,"max_hp_gain":0,"max_hp_loss":0,"event_name":"Living Wall","floor":12,"gold_loss":0},{"damage_healed":0,"gold_gain":0,"player_choice":"Left Gold","damage_taken":0,"max_hp_gain":0,"max_hp_loss":0,"event_name":"World of Goop","floor":14,"gold_loss":29},{"damage_healed":0,"gold_gain":0,"player_choice":"Obtained Book","damage_taken":16,"max_hp_gain":0,"max_hp_loss":0,"event_name":"Cursed Tome","floor":19,"gold_loss":0},{"cards_removed":["Defend_B"],"damage_healed":0,"gold_gain":0,"player_choice":"Gave Gold","damage_taken":0,"max_hp_gain":0,"max_hp_loss":0,"event_name":"Beggar","floor":20,"gold_loss":75},{"damage_healed":0,"gold_gain":0,"player_choice":"Shed Blood","damage_taken":19,"max_hp_gain":5,"max_hp_loss":0,"event_name":"Forgotten Altar","floor":21,"gold_loss":0},{"damage_healed":0,"gold_gain":0,"player_choice":"Read","damage_taken":0,"max_hp_gain":0,"max_hp_loss":0,"event_name":"The Library","floor":24,"gold_loss":0,"cards_obtained":["Defragment"]},{"damage_healed":0,"gold_gain":100,"player_choice":"Pray","damage_taken":0,"max_hp_gain":0,"max_hp_loss":0,"event_name":"Golden Shrine","floor":31,"gold_loss":0},{"damage_healed":0,"gold_gain":0,"player_choice":"Max HP","damage_taken":0,"max_hp_gain":0,"max_hp_loss":4,"event_name":"Winding Halls","floor":37,"gold_loss":0},{"damage_healed":0,"gold_gain":0,"player_choice":"Memory 1","damage_taken":0,"max_hp_gain":0,"max_hp_loss":0,"event_name":"SensoryStone","floor":42,"gold_loss":0},{"damage_healed":0,"gold_gain":0,"player_choice":"Fight","damage_taken":0,"max_hp_gain":0,"max_hp_loss":0,"event_name":"MindBloom","floor":46,"gold_loss":0}],"is_beta":false,"boss_relics":[{"not_picked":["Empty Cage","Black Star"],"picked":"Inserter"},{"not_picked":["Tiny House","SacredBark"],"picked":"Pandora\u0027s Box"}],"items_purged_floors":[39],"is_endless":false,"potions_floor_spawned":[1,13,33,35,38,41,48],"ascension_level":1}}