{"host":"oigynbtg272c19pw","time":1609777374,"event":{"mods":["BaseMod","Colored Map","Minty Spire (QoL Compilation)","Relic Stats","StSLib"],"gold_per_floor":[116,134,149,30,30,30,69,0,0,0,0,19,32,50,50,143,143,159,124,124,139,58,58,91,111,111,111,111,111,111],"floor_reached":29,"playtime":1767,"items_purged":["Injury"],"score":494,"play_id":"cebe7934-b483-4197-8030-ec1182ccd489","local_time":"20210104172254","is_ascension_mode":true,"campfire_choices":[{"data":"Skewer","floor":6,"key":"SMITH"},{"floor":10,"key":"REST"},{"floor":15,"key":"REST"},{"data":"Wraith Form v2","floor":23,"key":"SMITH"},{"floor":28,"key":"REST"}],"circlet_count":0,"master_deck":["AscendersBane","Survivor+1","Neutralize","Skewer+1","All Out Attack","Heel Hook","Escape Plan","Tactician","PiercingWail","Leg Sweep","Wraith Form v2+1","Backstab","Doppelganger","Noxious Fumes","Choke","Prepared","Blur+1","Venomology","Sucker Punch","Catalyst","Deflect","Catalyst","Acrobatics","Footwork","Catalyst"],"relics":["Ring of the Snake","Gambling Chip","Golden Idol","HornCleat","Happy Flower","Pandora\u0027s Box","Ancient Tea Set","War Paint"],"acts_visited":["Exordium","TheCity"],"potions_floor_usage":[3,12,14,16,21,24,24,24,25,27,29],"damage_taken":[{"damage":8.0,"enemies":"Cultist","floor":1.0,"turns":6.0},{"damage":12.0,"enemies":"Small Slimes","floor":2.0,"turns":5.0},{"damage":7,"enemies":"Jaw Worm","floor":3,"turns":7},{"damage":30,"enemies":"Gremlin Nob","floor":7,"turns":4},{"damage":6,"enemies":"Exordium Thugs","floor":12,"turns":5},{"damage":0,"enemies":"Looter","floor":13,"turns":3},{"damage":9,"enemies":"Gremlin Gang","floor":14,"turns":5},{"damage":13,"enemies":"The Guardian","floor":16,"turns":17},{"damage":15,"enemies":"Shell Parasite","floor":18,"turns":4},{"damage":0,"enemies":"2 Thieves","floor":19,"turns":5},{"damage":0,"enemies":"Snecko","floor":21,"turns":8},{"damage":47,"enemies":"Book of Stabbing","floor":24,"turns":8},{"damage":11,"enemies":"Sentry and Sphere","floor":25,"turns":6},{"damage":0,"enemies":"3 Cultists","floor":27,"turns":3},{"damage":24,"enemies":"Chosen and Byrds","floor":29,"turns":7}],"seed_played":"-8277224311525362807","potions_obtained":[{"floor":2.0,"key":"FearPotion"},{"floor":7,"key":"Weak Potion"},{"floor":12,"key":"BlessingOfTheForge"},{"floor":13,"key":"PowerPotion"},{"floor":21,"key":"SpeedPotion"},{"floor":24,"key":"DuplicationPotion"},{"floor":25,"key":"SmokeBomb"}],"is_trial":false,"path_per_floor":["M","M","M","$","?","R","E","?","T","R","$","M","M","M","R","B",null,"M","M","?","M","$","R","E","M","T","M","R","M"],"character_chosen":"THE_SILENT","items_purchased":["Heel Hook","Footwork"],"campfire_rested":3,"item_purchase_floors":[4,22],"current_hp_per_floor":[51,39,32,32,32,32,2,2,2,20,20,14,14,5,23,10,48,33,33,60,60,60,60,13,2,2,2,20,0,0],"gold":111,"neow_bonus":"ONE_RARE_RELIC","is_daily":false,"chose_seed":false,"campfire_upgraded":2,"win_rate":0.0,"timestamp":1609777374,"path_taken":["M","?","M","$","?","R","E","?","T","R","?","M","?","M","R","BOSS","M","M","?","M","$","R","E","M","T","?","R","M"],"items_purchased_type":["Card","Card"],"build_version":"2020-12-13","purchased_purges":1,"victory":false,"max_hp_per_floor":[66,66,66,66,60,60,60,60,60,60,60,60,60,60,60,60,60,60,60,60,60,60,60,60,60,60,60,60,60,60],"relic_stats":{"Happy Flower":[23],"counters":[15,93],"Golden Idol":65,"Gambling Chip":[14],"Pandora\u0027s Box":["Skewer","Backstab","Doppelganger","Noxious Fumes","Choke","Prepared","Blur","Venomology","Sucker Punch","Catalyst"],"War Paint":["Survivor","Blur"],"obtain_stats":[{"HornCleat":7,"Happy Flower":9,"Golden Idol":5,"Gambling Chip":0,"Pandora\u0027s Box":17,"War Paint":26,"Ancient Tea Set":24,"Ring of the Snake":0},{"HornCleat":4,"Happy Flower":4,"Golden Idol":3,"Gambling Chip":0,"Pandora\u0027s Box":8,"War Paint":13,"Ancient Tea Set":12,"Ring of the Snake":0},{"HornCleat":22,"Happy Flower":22,"Golden Idol":18,"Gambling Chip":0,"Pandora\u0027s Box":52,"War Paint":83,"Ancient Tea Set":77,"Ring of the Snake":0}],"Ring of the Snake":[30]},"card_choices":[{"not_picked":["Terror","Flying Knee"],"picked":"Skewer","floor":1.0},{"not_picked":["Catalyst","Cloak And Dagger"],"picked":"All Out Attack","floor":2.0},{"not_picked":["Quick Slash","Dodge and Roll","Outmaneuver"],"picked":"SKIP","floor":3},{"not_picked":["Prepared","Distraction"],"picked":"Escape Plan","floor":7},{"not_picked":["Prepared","Bane"],"picked":"Tactician","floor":12},{"not_picked":["Caltrops","Dagger Spray"],"picked":"PiercingWail","floor":13},{"not_picked":["Poisoned Stab","Reflex"],"picked":"Leg Sweep","floor":14},{"not_picked":["Doppelganger","Night Terror"],"picked":"Wraith Form v2","floor":16},{"not_picked":["Cloak And Dagger","Finisher"],"picked":"Deflect","floor":18},{"not_picked":["Reflex","Prepared"],"picked":"Catalyst","floor":19},{"not_picked":["Heel Hook","Deflect"],"picked":"Acrobatics","floor":21},{"not_picked":["Underhanded Strike","Noxious Fumes"],"picked":"Catalyst","floor":24},{"not_picked":["Noxious Fumes","Underhanded Strike","Sucker Punch+1"],"picked":"SKIP","floor":25}],"player_experience":1338833,"relics_obtained":[{"floor":7,"key":"HornCleat"},{"floor":9,"key":"Happy Flower"},{"floor":24,"key":"Ancient Tea Set"},{"floor":26,"key":"War Paint"}],"event_choices":[{"damage_healed":0,"gold_gain":0,"player_choice":"Lose Max HP","damage_taken":0,"relics_obtained":["Golden Idol"],"max_hp_gain":0,"max_hp_loss":6,"event_name":"Golden Idol","floor":5,"gold_loss":0},{"damage_healed":0,"gold_gain":0,"player_choice":"Left Gold","damage_taken":0,"max_hp_gain":0,"max_hp_loss":0,"event_name":"World of Goop","floor":8,"gold_loss":69},{"cards_removed":["Skewer"],"damage_healed":27,"gold_gain":0,"player_choice":"Offered Uncommon","damage_taken":0,"max_hp_gain":0,"max_hp_loss":0,"event_name":"Bonfire Elementals","floor":20,"gold_loss":0}],"is_beta":false,"boss_relics":[{"not_picked":["SlaversCollar","Sozu"],"picked":"Pandora\u0027s Box"}],"items_purged_floors":[4],"is_endless":false,"potions_floor_spawned":[2,7,12,13,21,24,25],"killed_by":"Chosen and Byrds","ascension_level":20}}