{"host":"2qv44oxt58ptq59r","time":1609793875,"event":{"mods":["AchievementEnabler","BaseMod","Colored Powertips","Highlight Path","Minty Spire (QoL Compilation)","Permanent Neow","StSLib"],"gold_per_floor":[115,190,203,213,213,213,247,258,258,276,75,95,95,107,107,204,204,218,21,21,33,33,33,33],"floor_reached":23,"playtime":2909,"items_purged":[],"score":193,"play_id":"a39169c4-eb7e-46f6-8afb-891bd666edff","local_time":"20210104205755","is_ascension_mode":false,"campfire_choices":[{"data":"Blood for Blood","floor":6.0,"key":"SMITH"},{"floor":15,"key":"REST"}],"circlet_count":0,"master_deck":["Strike_R","Strike_R+1","Strike_R","Strike_R","Defend_R+1","Defend_R","Defend_R+1","Defend_R+1","Bash","Blood for Blood+1","Juggernaut","Searing Blow","Seeing Red","Heavy Blade","Feel No Pain","CurseOfTheBell","Disarm+1","Cleave+1"],"relics":["Burning Blood","Ginger","Pear","War Paint","Calling Bell","Tiny Chest","Blue Candle","Champion Belt","HandDrill"],"acts_visited":["Exordium","TheCity"],"potions_floor_usage":[16,18,21,21],"damage_taken":[{"damage":5.0,"enemies":"Small Slimes","floor":1.0,"turns":4.0},{"damage":3.0,"enemies":"Jaw Worm","floor":3.0,"turns":8.0},{"damage":0.0,"enemies":"2 Louse","floor":4.0,"turns":4.0},{"damage":20.0,"enemies":"Gremlin Nob","floor":7.0,"turns":4.0},{"damage":8.0,"enemies":"Exordium Wildlife","floor":8.0,"turns":6.0},{"damage":9.0,"enemies":"Blue Slaver","floor":10.0,"turns":4.0},{"damage":14.0,"enemies":"2 Fungi Beasts","floor":12.0,"turns":4.0},{"damage":6,"enemies":"Exordium Wildlife","floor":14,"turns":4},{"damage":38,"enemies":"Slime Boss","floor":16,"turns":12},{"damage":8,"enemies":"Shell Parasite","floor":18,"turns":5},{"damage":38,"enemies":"2 Thieves","floor":21,"turns":5},{"damage":58,"enemies":"Gremlin Leader","floor":23,"turns":8}],"seed_played":"5395062228022189851","potions_obtained":[{"floor":3.0,"key":"SkillPotion"},{"floor":7.0,"key":"ColorlessPotion"},{"floor":10.0,"key":"SpeedPotion"},{"floor":14,"key":"BloodPotion"},{"floor":16,"key":"SteroidPotion"}],"is_trial":false,"path_per_floor":["M","?","M","M","?","R","E","M","T","M","$","M","?","M","R","B",null,"M","$","?","M","$","E"],"character_chosen":"IRONCLAD","items_purchased":["War Paint","Heavy Blade","HandDrill","AttackPotion"],"campfire_rested":1,"item_purchase_floors":[11,11,19,19],"current_hp_per_floor":[80,69,72,78,78,78,64,62,72,69,69,61,43,43,70,38,90,88,88,88,56,56,0,0],"gold":33,"neow_bonus":"REMOVE_CARD","is_daily":false,"chose_seed":false,"campfire_upgraded":1,"win_rate":0.0,"timestamp":1609793875,"path_taken":["M","?","M","M","?","R","E","M","T","M","$","M","?","?","R","BOSS","M","$","?","M","$","E"],"items_purchased_type":["Relic","Card","Relic","Potion"],"build_version":"2020-12-22","purchased_purges":0,"victory":false,"max_hp_per_floor":[80,80,80,80,80,80,80,80,90,90,90,90,90,90,90,90,90,90,90,90,90,90,90,90],"card_choices":[{"not_picked":["Clash","Anger","Dropkick"],"picked":"SKIP","floor":1.0},{"not_picked":["Sword Boomerang","Body Slam"],"picked":"Blood for Blood","floor":3.0},{"not_picked":["True Grit","Wild Strike","Body Slam"],"picked":"SKIP","floor":4.0},{"not_picked":["Body Slam","Armaments"],"picked":"Juggernaut","floor":7.0},{"not_picked":["Clash","Burning Pact"],"picked":"Searing Blow","floor":8.0},{"not_picked":["Flex","Twin Strike"],"picked":"Seeing Red","floor":10.0},{"not_picked":["Warcry","Sword Boomerang","Shrug It Off"],"picked":"SKIP","floor":12.0},{"not_picked":["Reckless Charge","True Grit"],"picked":"Feel No Pain","floor":14},{"not_picked":["Perfected Strike","Body Slam"],"picked":"Disarm+1","floor":18},{"not_picked":["Battle Trance","Shrug It Off"],"picked":"Cleave+1","floor":21}],"player_experience":5198436,"relics_obtained":[{"floor":7.0,"key":"Ginger"},{"floor":9.0,"key":"Pear"},{"floor":17,"key":"Tiny Chest"},{"floor":17,"key":"Blue Candle"},{"floor":17,"key":"Champion Belt"}],"event_choices":[{"damage_healed":0.0,"max_hp_gain":0.0,"max_hp_loss":0.0,"gold_gain":75.0,"event_name":"World of Goop","player_choice":"Gather Gold","floor":2.0,"gold_loss":0.0,"damage_taken":11.0},{"damage_healed":0.0,"max_hp_gain":0.0,"max_hp_loss":0.0,"gold_gain":0.0,"event_name":"Liars Game","player_choice":"Ignored","floor":5.0,"gold_loss":0.0,"damage_taken":0.0},{"damage_healed":0.0,"max_hp_gain":0.0,"max_hp_loss":0.0,"gold_gain":0.0,"event_name":"Shining Light","player_choice":"Entered Light","floor":13.0,"gold_loss":0.0,"damage_taken":18.0,"cards_upgraded":["Defend_R","Strike_R"]},{"damage_healed":0,"gold_gain":0,"player_choice":"Ignored","damage_taken":0,"max_hp_gain":0,"max_hp_loss":0,"event_name":"Ghosts","floor":20,"gold_loss":0}],"is_beta":false,"boss_relics":[{"not_picked":["Runic Cube","Ectoplasm"],"picked":"Calling Bell"}],"items_purged_floors":[],"is_endless":false,"potions_floor_spawned":[3,7,10,14,16],"killed_by":"Gremlin Leader","ascension_level":0}}