{"host":"873t0y8ybyo38pfq","time":1609803410,"event":{"mods":["BaseMod","Bestiary","Colored Map","Colored Powertips","Highlight Path","Minty Spire (QoL Compilation)","Quick Restart","RNG Fix","Rare Cards Sparkle","Relic Stats","StSLib"],"gold_per_floor":[113,113,128,128,151,194,210,249,249,8,8,8],"floor_reached":11,"playtime":185,"items_purged":["Pain"],"score":212,"play_id":"14d8b071-7b6b-4768-b28b-c2b14b94a115","local_time":"20210104183650","is_ascension_mode":true,"campfire_choices":[],"circlet_count":0,"master_deck":["AscendersBane","Strike_B","Strike_B","Strike_B","Strike_B","Defend_B","Defend_B","Defend_B","Defend_B","Zap","Dualcast","Redo","Conserve Battery","Static Discharge","Reboot","Ball Lightning"],"relics":["Cracked Core","NeowsBlessing","WarpedTongs","Golden Idol","Art of War","Regal Pillow","Oddly Smooth Stone","Bird Faced Urn","ClockworkSouvenir"],"acts_visited":["Exordium"],"potions_floor_usage":[11],"damage_taken":[{"damage":0,"enemies":"Jaw Worm","floor":1,"turns":1},{"damage":0,"enemies":"Cultist","floor":3,"turns":1},{"damage":3,"enemies":"3 Sentries","floor":6,"turns":1},{"damage":1,"enemies":"2 Louse","floor":7,"turns":2},{"damage":57,"enemies":"Gremlin Nob","floor":8,"turns":5},{"damage":21,"enemies":"3 Sentries","floor":11,"turns":3}],"seed_played":"7159827248561353928","potions_obtained":[{"floor":3,"key":"Regen Potion"}],"is_trial":false,"path_per_floor":["M","?","M","?","T","E","M","E","T","$","E"],"character_chosen":"DEFECT","items_purchased":["ClockworkSouvenir"],"campfire_rested":0,"item_purchase_floors":[10],"current_hp_per_floor":[64,64,64,64,64,61,60,3,3,3,0,0],"gold":8,"neow_bonus":"THREE_ENEMY_KILL","is_daily":false,"chose_seed":false,"campfire_upgraded":0,"win_rate":0.0,"timestamp":1609803410,"path_taken":["M","?","?","?","?","E","M","E","T","$","E"],"items_purchased_type":["Relic"],"build_version":"2020-12-22","purchased_purges":1,"victory":false,"max_hp_per_floor":[71,71,71,64,64,64,64,64,64,64,64,64],"relic_stats":{"Regal Pillow":0,"counters":[6,13],"Golden Idol":20,"Bird Faced Urn":[2],"Art of War":[2],"obtain_stats":[{"Regal Pillow":6,"NeowsBlessing":0,"Golden Idol":4,"Bird Faced Urn":9,"Oddly Smooth Stone":8,"Art of War":5,"Cracked Core":0,"WarpedTongs":2,"ClockworkSouvenir":10},{"Regal Pillow":3,"NeowsBlessing":0,"Golden Idol":2,"Bird Faced Urn":5,"Oddly Smooth Stone":5,"Art of War":2,"Cracked Core":0,"WarpedTongs":1,"ClockworkSouvenir":5},{"Regal Pillow":3,"NeowsBlessing":0,"Golden Idol":2,"Bird Faced Urn":10,"Oddly Smooth Stone":10,"Art of War":2,"Cracked Core":0,"WarpedTongs":1,"ClockworkSouvenir":10}],"WarpedTongs":[12]},"card_choices":[{"not_picked":["Streamline","Beam Cell"],"picked":"Redo","floor":1},{"not_picked":["Chill","Stack"],"picked":"Conserve Battery","floor":3},{"not_picked":["Rebound","Scrape"],"picked":"Static Discharge","floor":6},{"not_picked":["Conserve Battery","Leap"],"picked":"Reboot","floor":7},{"not_picked":["Go for the Eyes","Cold Snap"],"picked":"Ball Lightning","floor":8}],"player_experience":1510121,"relics_obtained":[{"floor":5,"key":"Art of War"},{"floor":6,"key":"Regal Pillow"},{"floor":8,"key":"Oddly Smooth Stone"},{"floor":9,"key":"Bird Faced Urn"}],"event_choices":[{"damage_healed":0,"gold_gain":0,"player_choice":"Rummage","damage_taken":0,"relics_obtained":["WarpedTongs"],"max_hp_gain":0,"max_hp_loss":0,"event_name":"Accursed Blacksmith","floor":2,"gold_loss":0,"cards_obtained":["Pain"]},{"damage_healed":0,"gold_gain":0,"player_choice":"Lose Max HP","damage_taken":0,"relics_obtained":["Golden Idol"],"max_hp_gain":0,"max_hp_loss":7,"event_name":"Golden Idol","floor":4,"gold_loss":0}],"is_beta":false,"boss_relics":[],"items_purged_floors":[10],"is_endless":false,"potions_floor_spawned":[3],"killed_by":"3 Sentries","ascension_level":20}}