{"host":"61xbmbtf5zrn7rzc","time":1609726109,"event":{"mods":["BaseMod","Challenge The Spire","Downfall","Hubris","Minty Spire (QoL Compilation)","READ ME - Guardian Mod","Replay The Spire","StSLib","SuperFastMode","The Disciple","The Jungle","The Marked","The Runesmith"],"gold_per_floor":[99,199,199,211,225,243,269,286,298,310,323,323,342,342,352,352,352],"floor_reached":16,"playtime":706,"items_purged":["sneckomod:Strike"],"score":123,"play_id":"7de582b2-dad0-4b2e-9320-e9f5d0ee5c96","local_time":"20210103210829","is_ascension_mode":false,"campfire_choices":[{"data":"sneckomod:TailWhip","floor":1,"key":"SMITH"},{"floor":12,"key":"REST"}],"circlet_count":0,"master_deck":["sneckomod:Strike","sneckomod:Strike","sneckomod:Defend","sneckomod:Defend","sneckomod:Defend","sneckomod:TailWhip+1","sneckomod:SnekBite","sneckomod:Unknown","sneckomod:Unknown","sneckomod:Unknown2Cost","sneckomod:UnknownWeak","sneckomod:SnakeSap","sneckomod:SerpentMind","sneckomod:UnknownCommonSkill","sneckomod:UnknownBlock","sneckomod:IronFang","sneckomod:UnknownStrike","sneckomod:UnknownUncommonPower"],"relics":["sneckomod:SneckoSoul","hubris:EvacipatedBox","HandDrill","TheAbacus","Dream Catcher","hubris:Towel"],"acts_visited":["Exordium"],"potions_floor_usage":[16,16,16],"damage_taken":[{"damage":0,"enemies":"Jaw Worm","floor":4,"turns":2},{"damage":6,"enemies":"Cultist","floor":5,"turns":3},{"damage":6,"enemies":"2 Louse","floor":6,"turns":1},{"damage":12,"enemies":"Large Slime","floor":8,"turns":5},{"damage":10,"enemies":"Red Slaver","floor":9,"turns":4},{"damage":12,"enemies":"3 Louse","floor":10,"turns":5},{"damage":0,"enemies":"2 Fungi Beasts","floor":11,"turns":4},{"damage":14,"enemies":"Exordium Thugs","floor":13,"turns":6},{"damage":18,"enemies":"Exordium Wildlife","floor":15,"turns":4},{"damage":14,"enemies":"downfall:Defect","floor":16,"turns":4}],"seed_played":"-2773791166573977205","potions_obtained":[{"floor":4,"key":"hexamod:EctoCoolerPotion"},{"floor":8,"key":"Venom Potion"},{"floor":9,"key":"Milkshake"}],"is_trial":false,"path_per_floor":["R","?","$","M","M","M","T","M","M","M","M","R","M","?","M","B"],"character_chosen":"THE_SNECKO","items_purchased":["hubris:EvacipatedBox","HandDrill","TheAbacus"],"campfire_rested":1,"item_purchase_floors":[3,3,3],"current_hp_per_floor":[99,99,55,56,51,45,45,33,24,13,13,43,30,30,13,0,0],"gold":352,"neow_bonus":"TEN_PERCENT_HP_BONUS","is_daily":false,"chose_seed":false,"campfire_upgraded":1,"win_rate":0.0,"timestamp":1609726109,"path_taken":["R","?","?","M","M","M","T","M","M","M","M","R","?","?","M","BOSS"],"items_purchased_type":["Relic","Relic","Relic"],"build_version":"2020-12-22","purchased_purges":1,"victory":false,"max_hp_per_floor":[99,99,99,100,101,101,101,101,102,103,103,103,104,104,105,105,105],"card_choices":[{"not_picked":["sneckomod:QuickBite","sneckomod:UnknownStrike"],"picked":"sneckomod:Unknown2Cost","floor":4},{"not_picked":["sneckomod:DiceCrush","sneckomod:UnknownX"],"picked":"sneckomod:UnknownWeak","floor":5},{"not_picked":["sneckomod:RainOfDice","sneckomod:SoulDraw"],"picked":"sneckomod:SnakeSap","floor":6},{"not_picked":["sneckomod:DiceBlock","sneckomod:QuickMove"],"picked":"sneckomod:SerpentMind","floor":8},{"not_picked":["sneckomod:RainOfDice","sneckomod:DiceBlock"],"picked":"sneckomod:UnknownCommonSkill","floor":9},{"not_picked":["sneckomod:SoulRoll","sneckomod:RainOfDice"],"picked":"sneckomod:UnknownBlock","floor":10},{"not_picked":["sneckomod:Unknown1Cost","sneckomod:UnknownUncommonAttack"],"picked":"sneckomod:IronFang","floor":11},{"not_picked":["sneckomod:QuickMove","sneckomod:SoulDraw"],"picked":"sneckomod:UnknownStrike","floor":13},{"not_picked":["sneckomod:QuickMove","sneckomod:SoulRoll"],"picked":"sneckomod:UnknownUncommonPower","floor":15}],"player_experience":131001,"relics_obtained":[{"floor":7,"key":"Dream Catcher"}],"event_choices":[],"is_beta":false,"boss_relics":[],"items_purged_floors":[3],"is_endless":false,"potions_floor_spawned":[4,8,9,10],"killed_by":"downfall:Defect","ascension_level":0}}