{"host":"5dk97cf2ubw2v967","time":1609783863,"event":{"mods":["AlwaysNeverKeys","BaseMod","Better Altar","Better Vampires","Block Reminder","Colored Powertips","Downfall","Googly Eyes","Highlight Path","Minty Spire (QoL Compilation)","Permanent Neow","Potion Indicator Mod","Quick Restart","Relic Filter","Relic Stats","Say the Spire","Spicy Shops","StSLib","Waifu the Spire","everything is the same but u backflip on backflip"],"gold_per_floor":[119,44,44,1,16,16,51,63,101,127,174,200,29,29,29],"floor_reached":14,"playtime":357,"items_purged":["Defend_G"],"score":196,"play_id":"5aafa8ea-e1ec-4002-8854-aadf075c3cb4","local_time":"20210104181103","is_ascension_mode":true,"campfire_choices":[{"data":"Corpse Explosion","floor":6,"key":"SMITH"},{"floor":8,"key":"REST"}],"circlet_count":0,"master_deck":["AscendersBane","Strike_G","Strike_G","Strike_G","Strike_G","Defend_G","Defend_G","Defend_G","Defend_G","Survivor","Neutralize","Corpse Explosion+1","Poisoned Stab","Dash","Calculated Gamble","Noxious Fumes","Tactician","Catalyst"],"relics":["Ring of the Snake","MawBank","Bag of Preparation","Shuriken"],"acts_visited":["Exordium"],"potions_floor_usage":[14,14,14],"damage_taken":[{"damage":8,"enemies":"Small Slimes","floor":1,"turns":4},{"damage":0,"enemies":"2 Louse","floor":5,"turns":4},{"damage":20,"enemies":"Lagavulin","floor":7,"turns":6},{"damage":0,"enemies":"Cultist","floor":10,"turns":3},{"damage":34,"enemies":"Gremlin Nob","floor":11,"turns":4},{"damage":1,"enemies":"Looter","floor":12,"turns":3},{"damage":5,"enemies":"Lagavulin","floor":14,"turns":3}],"seed_played":"3764896554697138603","potions_obtained":[{"floor":12,"key":"Swift Potion"}],"is_trial":false,"path_per_floor":["M","?","?","$","M","R","E","R","T","M","E","M","$","E"],"character_chosen":"THE_SILENT","items_purchased":["Dash","PowerPotion"],"campfire_rested":1,"item_purchase_floors":[4,13],"current_hp_per_floor":[51,51,44,44,44,44,24,43,43,43,9,8,8,3,3],"gold":29,"neow_bonus":"THREE_RARE_CARDS","is_daily":false,"chose_seed":false,"campfire_upgraded":1,"win_rate":0.0,"timestamp":1609783863,"path_taken":["M","?","?","$","M","R","E","R","T","M","E","M","$","E"],"items_purchased_type":["Card","Potion"],"build_version":"2020-12-22","purchased_purges":1,"victory":false,"max_hp_per_floor":[66,66,66,66,66,66,66,66,66,66,66,66,66,66,66],"relic_stats":{"counters":[7,27],"Shuriken":[2],"Bag of Preparation":[8],"MawBank":72,"obtain_stats":[{"Shuriken":11,"Bag of Preparation":9,"MawBank":7,"Ring of the Snake":0},{"Shuriken":5,"Bag of Preparation":3,"MawBank":3,"Ring of the Snake":0},{"Shuriken":21,"Bag of Preparation":14,"MawBank":14,"Ring of the Snake":0}],"Ring of the Snake":[14]},"card_choices":[{"not_picked":["A Thousand Cuts","Envenom"],"picked":"Corpse Explosion","floor":0},{"not_picked":["Quick Slash","Dodge and Roll"],"picked":"Poisoned Stab","floor":1},{"not_picked":["PiercingWail","Slice"],"picked":"Calculated Gamble","floor":5},{"not_picked":["Terror","Underhanded Strike"],"picked":"Noxious Fumes","floor":7},{"not_picked":["Dash","Cloak And Dagger","Outmaneuver"],"picked":"SKIP","floor":10},{"not_picked":["Flying Knee","Concentrate"],"picked":"Tactician","floor":11},{"not_picked":["Dodge and Roll","Acrobatics"],"picked":"Catalyst","floor":12}],"player_experience":1295114,"relics_obtained":[{"floor":7,"key":"MawBank"},{"floor":9,"key":"Bag of Preparation"},{"floor":11,"key":"Shuriken"}],"event_choices":[{"cards_removed":["Injury"],"damage_healed":0,"gold_gain":0,"player_choice":"Card Removal","damage_taken":0,"max_hp_gain":0,"max_hp_loss":0,"event_name":"The Cleric","floor":2,"gold_loss":75},{"cards_removed":["Strike_G"],"damage_healed":0,"gold_gain":0,"player_choice":"Card Removal","damage_taken":7,"max_hp_gain":0,"max_hp_loss":0,"event_name":"Golden Wing","floor":3,"gold_loss":0}],"is_beta":false,"boss_relics":[],"items_purged_floors":[13],"is_endless":false,"potions_floor_spawned":[12],"killed_by":"Lagavulin","ascension_level":20}}