{"host":"6ld56ls1xbe0aj21","time":1609739390,"event":{"mods":["AchievementEnabler","BaseMod","Colored Powertips","Minty Spire (QoL Compilation)","Quick Restart","Rare Cards Sparkle","StSLib","SuperFastMode","everything is the same but u backflip on backflip","slay the spire mod where everything is the same but ironclad has a cowboy hat"],"gold_per_floor":[112,112,37,312,26,26,60,60,86,16,16,30,65,92,92,192,192,209,124,124,135,154,154,189,189,189,206,231,251,286,301,301,403,403,419,434,434,434,434],"floor_reached":38,"playtime":1341,"items_purged":["Regret","Regret"],"score":674,"play_id":"5f004af9-200b-4c58-a341-fe7c97966ebf","local_time":"20210104164950","is_ascension_mode":true,"campfire_choices":[{"data":"Apotheosis","floor":6.0,"key":"SMITH"},{"data":"Inflame","floor":8.0,"key":"SMITH"},{"data":"Demon Form","floor":11.0,"key":"SMITH"},{"floor":15.0,"key":"REST"},{"floor":23.0,"key":"REST"},{"floor":25.0,"key":"REST"},{"floor":32.0,"key":"REST"}],"circlet_count":0,"master_deck":["Strike_R","Strike_R","Strike_R","Strike_R","Strike_R","Defend_R","Defend_R","Defend_R","Defend_R","Bash","Inflame+1","Apotheosis+1","Battle Trance","Demon Form+1","Thunderclap","Uppercut+1","Pummel","Offering","Headbutt","Pommel Strike+1","Combust","Warcry+1","Impervious","Blood for Blood","Twin Strike","Barricade","True Grit+1","Cleave+1"],"relics":["Burning Blood","NeowsBlessing","Bird Faced Urn","Lizard Tail","Regal Pillow","Du-Vu Doll","Odd Mushroom","Black Star","Orichalcum","Ginger","Potion Belt","Boot","Juzu Bracelet","Question Card","Nunchaku","MealTicket","Runic Pyramid","Pocketwatch"],"acts_visited":["Exordium","TheCity","TheBeyond"],"potions_floor_usage":[36],"damage_taken":[{"damage":0.0,"enemies":"Small Slimes","floor":1.0,"turns":1.0},{"damage":0.0,"enemies":"Gremlin Nob","floor":7.0,"turns":1.0},{"damage":0.0,"enemies":"Jaw Worm","floor":12.0,"turns":1.0},{"damage":36.0,"enemies":"3 Sentries","floor":13.0,"turns":8.0},{"damage":13.0,"enemies":"The Mushroom Lair","floor":14.0,"turns":4.0},{"damage":50.0,"enemies":"The Guardian","floor":16.0,"turns":6.0},{"damage":31.0,"enemies":"2 Thieves","floor":18.0,"turns":4.0},{"damage":9.0,"enemies":"3 Byrds","floor":21.0,"turns":5.0},{"damage":12.0,"enemies":"Snecko","floor":22.0,"turns":5.0},{"damage":43.0,"enemies":"Book of Stabbing","floor":24.0,"turns":5.0},{"damage":29.0,"enemies":"3 Cultists","floor":27.0,"turns":5.0},{"damage":49.0,"enemies":"Gremlin Leader","floor":28.0,"turns":5.0},{"damage":30.0,"enemies":"Centurion and Healer","floor":29.0,"turns":5.0},{"damage":17.0,"enemies":"Book of Stabbing","floor":30.0,"turns":4.0},{"damage":19.0,"enemies":"Sentry and Sphere","floor":31.0,"turns":4.0},{"damage":41.0,"enemies":"Champ","floor":33.0,"turns":8.0},{"damage":12.0,"enemies":"3 Shapes","floor":35.0,"turns":4.0},{"damage":24,"enemies":"3 Darklings","floor":36,"turns":5},{"damage":56,"enemies":"2 Orb Walkers","floor":38,"turns":4}],"seed_played":"-389669259055032025","potions_obtained":[{"floor":7.0,"key":"Ancient Potion"},{"floor":13.0,"key":"Dexterity Potion"},{"floor":16.0,"key":"Swift Potion"},{"floor":18.0,"key":"Weak Potion"},{"floor":21.0,"key":"Weak Potion"},{"floor":29.0,"key":"HeartOfIron"},{"floor":30.0,"key":"Ancient Potion"},{"floor":35.0,"key":"EssenceOfSteel"}],"is_trial":false,"path_per_floor":["M","?","$","?","$","R","E","R","T","$","R","M","E","?","R","B",null,"M","?","?","M","M","R","E","R","T","M","E","M","E","M","R","B",null,"M","M","?","?"],"character_chosen":"IRONCLAD","items_purchased":["Apotheosis","Demon Form"],"campfire_rested":4,"item_purchase_floors":[5,10],"current_hp_per_floor":[78,78,78,78,78,78,80,80,80,80,80,80,54,49,80,38,70,45,45,45,42,40,79,44,80,80,61,24,46,39,30,69,40,70,66,52,52,0,0],"gold":434,"neow_bonus":"THREE_ENEMY_KILL","is_daily":false,"chose_seed":false,"campfire_upgraded":3,"win_rate":0.0,"timestamp":1609739390,"path_taken":["M","?","$","?","$","R","E","R","T","$","R","?","E","?","R","BOSS","M","?","?","M","M","R","E","R","T","M","E","M","E","M","R","BOSS","M","M","?","?"],"items_purchased_type":["Card","Card"],"build_version":"2020-12-22","purchased_purges":2,"victory":false,"max_hp_per_floor":[80,80,80,80,80,80,80,80,80,80,80,80,80,80,80,80,80,80,80,80,80,80,80,80,80,80,80,80,80,80,80,80,80,80,80,80,80,80,80],"card_choices":[{"not_picked":["Warcry","Bloodletting"],"picked":"Inflame","floor":1.0},{"not_picked":["Cleave","Shrug It Off"],"picked":"Battle Trance","floor":7.0},{"not_picked":["Shrug It Off","Infernal Blade"],"picked":"Thunderclap","floor":12.0},{"not_picked":["Inflame","Power Through"],"picked":"Uppercut","floor":13.0},{"not_picked":["Heavy Blade","Warcry"],"picked":"Pummel","floor":14.0},{"not_picked":["Feed","Double Tap"],"picked":"Offering","floor":16.0},{"not_picked":["Carnage","Armaments+1"],"picked":"Headbutt","floor":18.0},{"not_picked":["Searing Blow","Armaments"],"picked":"Pommel Strike+1","floor":21.0},{"not_picked":["Havoc","Clothesline+1","Uppercut"],"picked":"SKIP","floor":22.0},{"not_picked":["Armaments","Flex"],"picked":"Combust","floor":24.0},{"not_picked":["Thunderclap","Ghostly Armor+1"],"picked":"Warcry+1","floor":27.0},{"not_picked":["Entrench","Wild Strike","Headbutt"],"picked":"SKIP","floor":28.0},{"not_picked":["Cleave+1","Carnage+1","Hemokinesis"],"picked":"Impervious","floor":29.0},{"not_picked":["Rampage","Combust","Power Through"],"picked":"Blood for Blood","floor":30.0},{"not_picked":["Heavy Blade","Bloodletting","Anger"],"picked":"Twin Strike","floor":31.0},{"not_picked":["Double Tap","Bludgeon","Demon Form"],"picked":"Barricade","floor":33.0},{"not_picked":["Clash","Pummel+1","Clothesline+1"],"picked":"True Grit+1","floor":35.0},{"not_picked":["Clothesline","Heavy Blade","Clash+1"],"picked":"Cleave+1","floor":36}],"player_experience":283777,"relics_obtained":[{"floor":7.0,"key":"Lizard Tail"},{"floor":9.0,"key":"Regal Pillow"},{"floor":13.0,"key":"Du-Vu Doll"},{"floor":14.0,"key":"Odd Mushroom"},{"floor":24.0,"key":"Ginger"},{"floor":24.0,"key":"Potion Belt"},{"floor":26.0,"key":"Boot"},{"floor":28.0,"key":"Juzu Bracelet"},{"floor":28.0,"key":"Question Card"},{"floor":30.0,"key":"Nunchaku"},{"floor":30.0,"key":"MealTicket"}],"event_choices":[{"damage_healed":0.0,"max_hp_gain":0.0,"max_hp_loss":0.0,"gold_gain":0.0,"event_name":"Big Fish","player_choice":"Box","floor":2.0,"gold_loss":0.0,"damage_taken":0.0,"relics_obtained":["Bird Faced Urn"],"cards_obtained":["Regret"]},{"damage_healed":0.0,"max_hp_gain":0.0,"max_hp_loss":0.0,"gold_gain":275.0,"event_name":"Golden Shrine","player_choice":"Desecrate","floor":4.0,"gold_loss":0.0,"damage_taken":0.0,"cards_obtained":["Regret"]},{"damage_healed":0.0,"max_hp_gain":0.0,"max_hp_loss":0.0,"gold_gain":0.0,"event_name":"Mushrooms","player_choice":"Fought Mushrooms","floor":14.0,"gold_loss":0.0,"damage_taken":0.0},{"damage_healed":0.0,"max_hp_gain":0.0,"max_hp_loss":0.0,"gold_gain":0.0,"event_name":"Addict","player_choice":"Obtained Relic","floor":19.0,"gold_loss":85.0,"damage_taken":0.0,"relics_obtained":["Orichalcum"]},{"damage_healed":0.0,"max_hp_gain":0.0,"max_hp_loss":0.0,"gold_gain":0.0,"event_name":"Upgrade Shrine","player_choice":"Upgraded","floor":20.0,"gold_loss":0.0,"damage_taken":0.0,"cards_upgraded":["Uppercut"]},{"damage_healed":0,"gold_gain":0,"player_choice":"Gave Potion","damage_taken":0,"relics_obtained":["Pocketwatch"],"max_hp_gain":0,"max_hp_loss":0,"event_name":"WeMeetAgain","floor":37,"gold_loss":0},{"damage_healed":0,"gold_gain":0,"player_choice":"Fight","damage_taken":0,"max_hp_gain":0,"max_hp_loss":0,"event_name":"Mysterious Sphere","floor":38,"gold_loss":0}],"is_beta":false,"boss_relics":[{"not_picked":["Sozu","Busted Crown"],"picked":"Black Star"},{"not_picked":["SacredBark","Runic Dome"],"picked":"Runic Pyramid"}],"items_purged_floors":[3,5],"is_endless":false,"potions_floor_spawned":[7,13,16,18,21,29,30,35],"killed_by":"2 Orb Walkers","ascension_level":9}}