{"host":"63howft1cojq0ioc","time":1609772816,"event":{"mods":["Act Like it!","Aspiration","BaseMod","DeckTracker","Downfall","Infinite Spire","Minty Spire (QoL Compilation)","Quick Restart","Relic Stats","Replay The Spire","StSLib","SuperFastMode","The Jungle"],"gold_per_floor":[119,194,194,210,228,228,255,271,271,271,291,291,291,315,315,445,445,468,487,487,487,365,365,409,409,409,409,444,462,462,462,462,462],"floor_reached":32,"playtime":647,"items_purged":["Defend_R"],"score":348,"play_id":"1a92b084-845f-4c65-aaaf-e575da1e65fa","local_time":"20210104130656","is_ascension_mode":true,"campfire_choices":[{"data":"Anger","floor":6,"key":"SMITH"},{"floor":12,"key":"REST"},{"floor":15,"key":"REST"},{"floor":23,"key":"REST"},{"floor":25,"key":"REST"}],"circlet_count":0,"master_deck":["Strike_R","Strike_R","Strike_R","Strike_R","Defend_R","Defend_R","Defend_R","Bash","Anger+1","Thunderclap","Twin Strike","Thunderclap","Limit Break","Flex+1","Flex","Thunderclap","Shame","Pot Of Greed","Pot Of Greed","Flex"],"relics":["Burning Blood","NeowsBlessing","Toy Ornithopter","Gremlin Horn","Golden Idol","infinitespire:BottledMercury","Runic Pyramid","infinitespire:Satchel","Strawberry","Grinning Jar"],"acts_visited":["Exordium","TheCity"],"potions_floor_usage":[16,28,28],"damage_taken":[{"damage":0,"enemies":"Jaw Worm","floor":1,"turns":1},{"damage":0,"enemies":"2 Louse","floor":4,"turns":1},{"damage":0,"enemies":"Cultist","floor":5,"turns":1},{"damage":40,"enemies":"3 Sentries","floor":7,"turns":7},{"damage":18,"enemies":"Exordium Wildlife","floor":8,"turns":4},{"damage":6,"enemies":"Looter","floor":11,"turns":2},{"damage":0,"enemies":"Lots of Slimes","floor":14,"turns":1},{"damage":15,"enemies":"Fading Forest","floor":16,"turns":11},{"damage":19,"enemies":"Chosen","floor":18,"turns":4},{"damage":30,"enemies":"Shell Parasite","floor":19,"turns":4},{"damage":72,"enemies":"Book of Stabbing","floor":24,"turns":5},{"damage":41,"enemies":"Slavers","floor":28,"turns":4},{"damage":7,"enemies":"Snecko","floor":29,"turns":3},{"damage":19,"enemies":"Snake Plant","floor":32,"turns":1}],"seed_played":"-6550500511197654194","potions_obtained":[{"floor":4,"key":"Dexterity Potion"},{"floor":5,"key":"SteroidPotion"},{"floor":8,"key":"sneckomod:MuddlingPotion"},{"floor":18,"key":"Explosive Potion"},{"floor":29,"key":"BlessingOfTheForge"}],"is_trial":false,"path_per_floor":["M","?","?","M","M","R","E","M","T","?","M","R","?","M","R","B",null,"M","M","?","?","$","R","E","R","T","?","E","M","PTL","PTL","M"],"character_chosen":"IRONCLAD","items_purchased":["Thunderclap"],"campfire_rested":4,"item_purchase_floors":[22],"current_hp_per_floor":[80,69,69,75,80,80,46,34,34,14,14,38,38,44,68,72,78,65,41,41,49,49,73,7,31,38,38,13,12,12,12,0,0],"gold":462,"neow_bonus":"THREE_ENEMY_KILL","is_daily":false,"chose_seed":false,"campfire_upgraded":1,"win_rate":0.0,"timestamp":1609772816,"path_taken":["M","?","?","?","M","R","E","M","T","?","M","R","?","M","R","BOSS","M","?","?","?","$","R","E","R","T","?","E","?","PTL","PTL","M"],"items_purchased_type":["Card"],"build_version":"2020-12-22","purchased_purges":1,"victory":false,"max_hp_per_floor":[80,80,80,80,80,80,80,80,80,80,80,80,80,80,80,80,80,80,80,80,80,80,80,80,80,87,87,87,87,87,87,87,87],"relic_stats":{"Gremlin Horn":[12,12],"counters":[14,49],"Golden Idol":64,"obtain_stats":[{"infinitespire:BottledMercury":13,"NeowsBlessing":0,"Gremlin Horn":9,"Golden Idol":10,"Strawberry":26,"infinitespire:Satchel":24,"Grinning Jar":28,"Burning Blood":0,"Toy Ornithopter":7,"Runic Pyramid":17},{"infinitespire:BottledMercury":6,"NeowsBlessing":0,"Gremlin Horn":5,"Golden Idol":5,"Strawberry":11,"infinitespire:Satchel":11,"Grinning Jar":12,"Burning Blood":0,"Toy Ornithopter":4,"Runic Pyramid":8},{"infinitespire:BottledMercury":16,"NeowsBlessing":0,"Gremlin Horn":14,"Golden Idol":14,"Strawberry":41,"infinitespire:Satchel":41,"Grinning Jar":45,"Burning Blood":0,"Toy Ornithopter":10,"Runic Pyramid":28}],"Burning Blood":71,"Toy Ornithopter":15},"card_choices":[{"not_picked":["Pommel Strike","Flex"],"picked":"Anger","floor":1},{"not_picked":["Sword Boomerang","Iron Wave"],"picked":"Thunderclap","floor":4},{"not_picked":["Rupture","Havoc"],"picked":"Twin Strike","floor":5},{"not_picked":["Impervious","Warcry","ReplayTheSpireMod:LeadingStrike"],"picked":"SKIP","floor":7},{"not_picked":["Body Slam","Havoc","Sentinel"],"picked":"SKIP","floor":8},{"not_picked":["Rupture","Evolve"],"picked":"Thunderclap","floor":11},{"not_picked":["Rage","ReplayTheSpireMod:Stacked","Wild Strike"],"picked":"SKIP","floor":14},{"not_picked":["Hemogenesis","Reaper"],"picked":"Limit Break","floor":16},{"not_picked":["Headbutt","Havoc"],"picked":"Flex+1","floor":18},{"not_picked":["Sever Soul","Clash"],"picked":"Flex","floor":19},{"not_picked":["Exhume","Uppercut+1","Eclipse"],"picked":"SKIP","floor":24},{"not_picked":["ReplayTheSpireMod:Corrosion Curse","Massacre+1","Defy Death+1"],"picked":"SKIP","floor":28},{"not_picked":["Body Slam+1","Thunderclap"],"picked":"Flex","floor":29}],"player_experience":110050,"relics_obtained":[{"floor":7,"key":"Toy Ornithopter"},{"floor":9,"key":"Gremlin Horn"},{"floor":24,"key":"infinitespire:Satchel"},{"floor":26,"key":"Strawberry"},{"floor":28,"key":"Grinning Jar"}],"event_choices":[{"damage_healed":0,"gold_gain":75,"player_choice":"Gather Gold","damage_taken":11,"max_hp_gain":0,"max_hp_loss":0,"event_name":"World of Goop","floor":2,"gold_loss":0},{"cards_removed":["Strike_R"],"damage_healed":0,"gold_gain":0,"player_choice":"Purged","damage_taken":0,"max_hp_gain":0,"max_hp_loss":0,"event_name":"Purifier","floor":3,"gold_loss":0},{"damage_healed":0,"gold_gain":0,"player_choice":"Take Damage","damage_taken":20,"relics_obtained":["Golden Idol"],"max_hp_gain":0,"max_hp_loss":0,"event_name":"Golden Idol","floor":10,"gold_loss":0},{"damage_healed":0,"gold_gain":0,"player_choice":"Gave Potion","damage_taken":0,"relics_obtained":["infinitespire:BottledMercury"],"max_hp_gain":0,"max_hp_loss":0,"event_name":"WeMeetAgain","floor":13,"gold_loss":0}],"is_beta":false,"boss_relics":[{"not_picked":["Calling Bell","Replay:Wanted Poster"],"picked":"Runic Pyramid"}],"items_purged_floors":[22],"is_endless":false,"potions_floor_spawned":[4,5,8,18,29],"killed_by":"Snake Plant","ascension_level":5}}