{"host":"00yob6u0fiu7ehgs","time":1609789037,"event":{"mods":["Act Like it!","Arknights The Spire","Art Attack!","BaseMod","Chen","Colored Powertips","Elementarium","Gensokyo","GifTheSpireLib","Infinite Spire","Jorbs\u0027s Wanderer Trilogy","Koishi","Marisa????????","Minty Spire (QoL Compilation)","Rare Cards Sparkle","Reimu??????","Remilia??????","Replay The Spire","StSLib","The Alterego","The Animator","The Cursed","The Forsaken","The Servant 0.9.4","Wandering Minibosses","Yakumo Yukari mod"],"gold_per_floor":[115,65,65,75,94,121,135,10,10,27,27,27,27,39,39,144,144,101,101,101,77,12,12],"floor_reached":22,"playtime":856,"items_purged":["ats:Strike V"],"score":186,"play_id":"3bdfa3d7-3310-472c-b501-83d2c709ecf9","local_time":"20210104123717","is_ascension_mode":false,"campfire_choices":[{"floor":11,"key":"REST"},{"floor":13,"key":"REST"},{"data":"ats:Ambush","floor":15,"key":"SMITH"}],"circlet_count":0,"master_deck":["ats:Strike G","ats:Strike S","ats:Armor Crushing Shot","ats:Defend","ats:Defend","ats:Defend","ats:Defend","ats:Emotion Absorption","ats:Shadow Assault","ats:Assault Order","ats:Curse Doll","ats:Ambush+1","ats:Poison Spread","ats:Assault Order","ats:Powerful Strike","ats:Sword Rain","ats:Sword Rain","ats:Calcification","Shame","Writhe","Writhe","ats:Healing Strengthening+1","ats:Assault Order"],"relics":["ats:Sanity","Orichalcum","ats:Originium","Ginger","Quantum Egg","Replay:Ancient Bell","ats:Rhine Circuitry","Golden Egg","Ice Cream"],"acts_visited":["Exordium","TheCity"],"potions_floor_usage":[6,7,16,21,21,22],"damage_taken":[{"damage":7,"enemies":"Small Slimes","floor":1,"turns":2},{"damage":0,"enemies":"2 Louse","floor":4,"turns":1},{"damage":1,"enemies":"Jaw Worm","floor":5,"turns":3},{"damage":52,"enemies":"Gremlin Nob","floor":6,"turns":7},{"damage":6,"enemies":"Blue Slaver","floor":7,"turns":3},{"damage":6,"enemies":"2 Fungi Beasts","floor":10,"turns":3},{"damage":0,"enemies":"Looter","floor":14,"turns":3},{"damage":26,"enemies":"Hexaghost","floor":16,"turns":11},{"damage":23,"enemies":"Shell Parasite","floor":18,"turns":7},{"damage":27,"enemies":"2 Thieves","floor":21,"turns":6},{"damage":40,"enemies":"Snecko","floor":22,"turns":5}],"seed_played":"379277440746527205","potions_obtained":[{"floor":1,"key":"SkillPotion"},{"floor":6,"key":"PowerPotion"},{"floor":10,"key":"Explosive Potion"},{"floor":16,"key":"GamblersBrew"},{"floor":18,"key":"BlessingOfTheForge"},{"floor":21,"key":"Fire Potion"}],"is_trial":false,"path_per_floor":["M","?","?","M","M","E","M","$","T","M","R","$","R","M","R","B",null,"M","?","?","M","M"],"character_chosen":"DOCTOR_CLASS","items_purchased":["ats:Powerful Strike"],"campfire_rested":2,"item_purchase_floors":[8],"current_hp_per_floor":[65,65,62,62,61,13,7,7,7,1,22,22,43,43,43,17,72,51,51,51,30,0,0],"gold":12,"neow_bonus":"ONE_RANDOM_RARE_CARD","is_daily":false,"chose_seed":false,"campfire_upgraded":1,"win_rate":0.0,"timestamp":1609789037,"path_taken":["M","?","?","M","M","E","M","?","T","M","R","$","R","?","R","BOSS","M","?","?","M","M"],"items_purchased_type":["Card"],"build_version":"2020-12-22","purchased_purges":1,"victory":false,"max_hp_per_floor":[72,72,72,72,72,72,72,72,72,72,72,72,72,72,72,72,72,72,72,72,72,72,72],"card_choices":[{"not_picked":["ats:Childhood Dance","ats:Revitalization"],"picked":"ats:Assault Order","floor":1},{"not_picked":["ats:Leaping Hammer","ats:Shell Defense"],"picked":"ats:Curse Doll","floor":4},{"not_picked":["ats:Childhood Dance","ats:Assault Order"],"picked":"ats:Ambush","floor":5},{"not_picked":["ats:Disruption Kick","ats:Composite Medical Shells"],"picked":"ats:Poison Spread","floor":6},{"not_picked":["ats:Curse Doll","ats:Thorns"],"picked":"ats:Assault Order","floor":7},{"not_picked":["ats:Flexible Camouflage","ats:Apocalypse"],"picked":"ats:Sword Rain","floor":10},{"not_picked":["ats:Sunburst","ats:Leaping Hammer"],"picked":"ats:Sword Rain","floor":14},{"not_picked":["ats:Echo Reverb","ats:Soul Rend"],"picked":"ats:Calcification","floor":16},{"not_picked":["Sloth_TH","Voices"],"picked":"Shame","floor":17},{"not_picked":["Shame","stsjorbsmod:Amnesia"],"picked":"Writhe","floor":17},{"not_picked":["animator:Curse_Dizziness","Spreading Infection"],"picked":"Writhe","floor":17},{"not_picked":["ats:Apocalypse","ats:Healing Drone"],"picked":"ats:Healing Strengthening+1","floor":18},{"not_picked":["ats:Powerful Strike+1","ats:Childhood Dance"],"picked":"ats:Assault Order","floor":21}],"player_experience":345489,"relics_obtained":[{"floor":6,"key":"ats:Originium"},{"floor":6,"key":"Ginger"},{"floor":9,"key":"Quantum Egg"}],"event_choices":[{"cards_removed":["ats:Strike C"],"damage_healed":0,"gold_gain":0,"player_choice":"Card Removal","damage_taken":0,"max_hp_gain":0,"max_hp_loss":0,"event_name":"The Cleric","floor":2,"gold_loss":50},{"damage_healed":0,"gold_gain":0,"player_choice":"Success","damage_taken":3,"relics_obtained":["Orichalcum"],"max_hp_gain":0,"max_hp_loss":0,"event_name":"Scrap Ooze","floor":3,"gold_loss":0}],"is_beta":false,"boss_relics":[{"not_picked":["Abe\u0027s Treasure","Snecko Eye"],"picked":"Replay:Ancient Bell"},{"not_picked":["ReplayTheSpireMod:TigerMarble","theForsaken:Gavel"],"picked":"ats:Rhine Circuitry"},{"not_picked":["ReplayTheSpireMod:Shallot","Eternal Feather"],"picked":"Golden Egg"},{"not_picked":["WingedGreaves","ats:Emergency Defibrillator"],"picked":"Ice Cream"}],"items_purged_floors":[8],"is_endless":false,"potions_floor_spawned":[1,6,10,16,18,21],"killed_by":"Snecko","ascension_level":0}}