{"host":"7pe9xwx78c6nlay8","time":1609757375,"event":{"mods":["BaseMod","Minty Spire (QoL Compilation)"],"gold_per_floor":[114,164,178,178,192,227,227,260,260,260,281,321,337,337,337,433,433,453,503,526,526,526],"floor_reached":21,"playtime":771,"items_purged":[],"score":392,"play_id":"5670a5a4-50a7-43e9-8c4c-77384c048a3d","local_time":"20210104184935","is_ascension_mode":true,"campfire_choices":[{"floor":7,"key":"REST"},{"data":"Ragnarok","floor":10,"key":"SMITH"},{"floor":15,"key":"REST"}],"circlet_count":0,"master_deck":["AscendersBane","Strike_P","Strike_P","Strike_P","Strike_P","Defend_P","Defend_P","Defend_P","Eruption","Vigilance","Nirvana","WaveOfTheHand","Collect","Ragnarok+1","Prostrate","Judgement","JustLucky","DeusExMachina","PathToVictory+1","JustLucky"],"relics":["PureWater","NeowsBlessing","Golden Idol","CaptainsWheel","Gambling Chip","Ginger","Art of War","Sozu"],"acts_visited":["Exordium","TheCity"],"potions_floor_usage":[6,16,16],"damage_taken":[{"damage":0.0,"enemies":"Jaw Worm","floor":1.0,"turns":1.0},{"damage":0,"enemies":"Cultist","floor":3,"turns":1},{"damage":0,"enemies":"2 Louse","floor":5,"turns":2},{"damage":29,"enemies":"3 Sentries","floor":6,"turns":10},{"damage":7,"enemies":"Lagavulin","floor":8,"turns":5},{"damage":22,"enemies":"2 Fungi Beasts","floor":11,"turns":3},{"damage":0,"enemies":"Gremlin Nob","floor":12,"turns":2},{"damage":1,"enemies":"Blue Slaver","floor":13,"turns":3},{"damage":18,"enemies":"Slime Boss","floor":16,"turns":7},{"damage":0,"enemies":"Spheric Guardian","floor":18,"turns":3},{"damage":26,"enemies":"Shell Parasite","floor":20,"turns":7},{"damage":8,"enemies":"3 Cultists","floor":21,"turns":3}],"seed_played":"-5879795214645793959","potions_obtained":[{"floor":1.0,"key":"EssenceOfSteel"},{"floor":11,"key":"EssenceOfSteel"},{"floor":13,"key":"AttackPotion"}],"is_trial":false,"path_per_floor":["M","?","M","?","M","E","R","E","T","R","M","E","M","?","R","B",null,"M","?","M","M"],"character_chosen":"WATCHER","items_purchased":[],"campfire_rested":2,"item_purchase_floors":[],"current_hp_per_floor":[61,55,55,55,55,26,44,37,37,37,15,15,14,7,25,7,48,48,48,22,14,14],"gold":526,"neow_bonus":"THREE_ENEMY_KILL","is_daily":false,"chose_seed":false,"campfire_upgraded":1,"win_rate":0.0,"timestamp":1609757375,"path_taken":["M","?","?","?","M","E","R","E","T","R","M","E","M","?","R","BOSS","M","?","M","M"],"items_purchased_type":[],"build_version":"2020-12-22","purchased_purges":0,"victory":false,"max_hp_per_floor":[68,68,68,62,62,62,62,62,62,62,62,62,62,62,62,62,62,62,62,62,62,62],"card_choices":[{"not_picked":["Pray","Consecrate"],"picked":"Nirvana","floor":1.0},{"not_picked":["Halt","EmptyMind"],"picked":"WaveOfTheHand","floor":3},{"not_picked":["CrushJoints","EmptyFist"],"picked":"Collect","floor":5},{"not_picked":["CrushJoints","DeceiveReality"],"picked":"Ragnarok","floor":6},{"not_picked":["Evaluate","CrushJoints"],"picked":"Prostrate","floor":8},{"not_picked":["EmptyFist","SandsOfTime"],"picked":"Judgement","floor":11},{"not_picked":["Vengeance","Omniscience"],"picked":"JustLucky","floor":12},{"not_picked":["SandsOfTime","Adaptation","CarveReality"],"picked":"SKIP","floor":13},{"not_picked":["SpiritShield","Judgement"],"picked":"DeusExMachina","floor":16},{"not_picked":["Crescendo","Halt+1"],"picked":"PathToVictory+1","floor":18},{"not_picked":["FlyingSleeves","SashWhip+1"],"picked":"JustLucky","floor":20}],"player_experience":1600464,"relics_obtained":[{"floor":6,"key":"CaptainsWheel"},{"floor":8,"key":"Gambling Chip"},{"floor":9,"key":"Ginger"},{"floor":12,"key":"Art of War"}],"event_choices":[{"damage_healed":0,"gold_gain":50,"player_choice":"Touch","damage_taken":6,"max_hp_gain":0,"max_hp_loss":0,"event_name":"FaceTrader","floor":2,"gold_loss":0},{"damage_healed":0,"gold_gain":0,"player_choice":"Lose Max HP","damage_taken":0,"relics_obtained":["Golden Idol"],"max_hp_gain":0,"max_hp_loss":6,"event_name":"Golden Idol","floor":4,"gold_loss":0},{"cards_removed":["Defend_P"],"damage_healed":0,"gold_gain":0,"player_choice":"Card Removal","damage_taken":7,"max_hp_gain":0,"max_hp_loss":0,"event_name":"Golden Wing","floor":14,"gold_loss":0},{"damage_healed":0,"gold_gain":50,"player_choice":"Stole From Cult","damage_taken":0,"max_hp_gain":0,"max_hp_loss":0,"event_name":"Nest","floor":19,"gold_loss":0}],"is_beta":false,"boss_relics":[{"not_picked":["SlaversCollar","Snecko Eye"],"picked":"Sozu"}],"items_purged_floors":[],"is_endless":false,"potions_floor_spawned":[1,11,13,18],"killed_by":"3 Cultists","ascension_level":15}}