{"host":"ylxam20yo7j5dy26","time":1609758976,"event":{"mods":["ATMod(°¢èªMod)","Act Like it!","BaseMod","Conspire","Downfall","Gensokyo","Infinite Spire","Minty Spire (QoL Compilation)","Quick Restart","Replay The Spire","StSLib","UnlockEverythingMod","vexMod","¡¾ÒÅÎï¿¨ÅÆ¡¿REMEMod"],"gold_per_floor":[113,123,123,137,155,188,207,220,220,220,253,269,269,283,283,385,385,403,419,220,470,470,470,501,501,501,451,461,461,461,471,471,572,572,589,624,639,261,277,277,295,295,320,330,330,330,346,359,359,359,359],"floor_reached":50,"playtime":3605,"items_purged":["Strike_G"],"score":528,"play_id":"b4a748fa-74b4-4d9f-891f-fcd7c47acd12","local_time":"20210104191616","is_ascension_mode":false,"campfire_choices":[{"floor":10.0,"key":"REST"},{"floor":13.0,"key":"RECALL"},{"floor":15.0,"key":"REST"},{"data":"Envenom","floor":23,"key":"SMITH"},{"floor":25,"key":"REST"},{"floor":32,"key":"REST"},{"floor":40,"key":"REST"},{"floor":42,"key":"REST"},{"floor":45,"key":"REST"},{"floor":49,"key":"REST"}],"circlet_count":0,"master_deck":["Strike_G","Strike_G","Strike_G","Defend_G","Defend_G","Defend_G","Defend_G","Defend_G","Survivor","Neutralize","AT_FocusSwordFire","SandsOfTime","Dagger Spray","Hidden Blade","Outmaneuver","ReplayTheSpireMod:Tripwire","Poisoned Stab","Cloak And Dagger","Replay:Poison Smokescreen","Backflip","Deadly Poison","Heel Hook","REME_GreenPollution","Envenom+1","Slice","Gensokyo:SevenSchoolMysteries","Outmaneuver+1","Hidden Blade","Blade Dance+1","infinitespire:Neurotoxin","Blur+1","conspire:PoisonWeapons","Poisoned Stab+1","Heel Hook+1","Hidden Blade+1","Dash"],"relics":["AT_ATBox","REME_ComplimentaryCards","SacredBark","White Beast Statue","AT_RedTearstoneRing","ChewingGum","conspire:BottledYoYo","PreservedInsect","vexMod:TanglingVine","infinitespire:CheckeredPen","Membership Card","vexMod:InvisibilityCloak","Blood Vial","Replay:Mystery Machine","infinitespire:Bottled Soul"],"acts_visited":["Exordium","Gensokyo:Gensokyoer","TheBeyond"],"potions_floor_usage":[16,24,24,24,28,31,35,37,39,39,44,50,50],"damage_taken":[{"damage":0.0,"enemies":"Small Slimes","floor":1.0,"turns":4.0},{"damage":9.0,"enemies":"Cultist","floor":2.0,"turns":4.0},{"damage":4.0,"enemies":"2 Louse","floor":4.0,"turns":3.0},{"damage":19.0,"enemies":"Exordium Thugs","floor":5.0,"turns":5.0},{"damage":14.0,"enemies":"Lagavulin","floor":6.0,"turns":9.0},{"damage":0.0,"enemies":"2 Fungi Beasts","floor":7.0,"turns":3.0},{"damage":1.0,"enemies":"Blue Slaver","floor":8.0,"turns":4.0},{"damage":11.0,"enemies":"Gremlin Nob","floor":11.0,"turns":4.0},{"damage":6.0,"enemies":"conspire:2 RoseBushes","floor":12.0,"turns":4.0},{"damage":0.0,"enemies":"2 Fungi Beasts","floor":14.0,"turns":4.0},{"damage":38,"enemies":"Slime Boss","floor":16,"turns":16},{"damage":22,"enemies":"Gensokyo:AngelMirror","floor":18,"turns":5},{"damage":17,"enemies":"Gensokyo:Chomper","floor":19,"turns":6},{"damage":31,"enemies":"Gensokyo:Tenshi","floor":24,"turns":6},{"damage":35,"enemies":"Gensokyo:Monolith_and_Dog","floor":28,"turns":4},{"damage":7,"enemies":"Gensokyo:Slime_Group","floor":31,"turns":4},{"damage":25,"enemies":"Gensokyo:Eternal_Rivals","floor":33,"turns":9},{"damage":17,"enemies":"3 Shapes","floor":35,"turns":5},{"damage":36,"enemies":"conspire:MimicChest","floor":36,"turns":7},{"damage":5,"enemies":"Orb Walker","floor":37,"turns":2},{"damage":15,"enemies":"Sphere and 2 Shapes","floor":39,"turns":3},{"damage":33,"enemies":"Jaw Worm Horde","floor":41,"turns":4},{"damage":16,"enemies":"4 Shapes","floor":44,"turns":8},{"damage":8,"enemies":"Transient","floor":47,"turns":5},{"damage":25,"enemies":"Jaw Worm Horde","floor":48,"turns":5},{"damage":40,"enemies":"Donu and Deca","floor":50,"turns":3}],"seed_played":"3942203920824649888","potions_obtained":[{"floor":2.0,"key":"BlessingOfTheForge"},{"floor":5.0,"key":"SpeedPotion"},{"floor":7.0,"key":"Explosive Potion"},{"floor":8.0,"key":"ColorlessPotion"},{"floor":11.0,"key":"Fruit Juice"},{"floor":12.0,"key":"Languid Potion"},{"floor":14.0,"key":"FearPotion"},{"floor":16,"key":"Guardian:BlockOnCardUsePotion"},{"floor":18,"key":"Weak Potion"},{"floor":24,"key":"champ:CounterPotion"},{"floor":28,"key":"EssenceOfSteel"},{"floor":31,"key":"BlessingOfTheForge"},{"floor":33,"key":"LifebloodPotion"},{"floor":35,"key":"Strength Potion"},{"floor":36,"key":"Slimebound:ThreeZeroPotion"},{"floor":37,"key":"SteroidPotion"},{"floor":39,"key":"Strength Potion"},{"floor":41,"key":"Block Potion"},{"floor":44,"key":"Cursed Concoction"}],"is_trial":false,"path_per_floor":["M","M","?","M","M","E","M","M","T","R","E","M","R","M","R","B",null,"M","M","COS","?","?","R","E","R","T","?","M","?","?","M","R","B",null,"M","?","M","$","M","R","M","R","T","M","R","AVR","M","M","R","B"],"character_chosen":"THE_SILENT","items_purchased":["Membership Card","vexMod:InvisibilityCloak","Blood Vial"],"campfire_rested":8,"item_purchase_floors":[38,38,38],"current_hp_per_floor":[70,61,61,57,38,24,24,23,23,44,33,37,37,37,61,23,80,58,41,41,41,41,41,10,32,32,39,4,12,12,5,29,4,83,66,30,25,25,12,36,5,29,29,15,39,39,33,10,34,0,0],"gold":359,"neow_bonus":"BOSS_RELIC","is_daily":false,"chose_seed":false,"campfire_upgraded":1,"win_rate":0.0,"timestamp":1609758976,"path_taken":["M","M","?","M","M","E","?","M","T","R","E","M","R","M","R","BOSS","M","M","COS","?","?","R","E","R","T","?","?","?","?","M","R","BOSS","M","?","M","$","?","R","M","R","T","M","R","AVR","M","M","R","BOSS"],"items_purchased_type":["Relic","Relic","Relic"],"build_version":"2020-12-22","purchased_purges":1,"victory":false,"max_hp_per_floor":[70,70,70,70,70,70,70,70,70,70,70,80,80,80,80,80,80,80,80,80,76,76,76,76,76,76,83,83,83,83,83,83,83,83,83,83,83,83,83,83,83,83,83,83,83,83,83,83,83,83,83],"card_choices":[{"not_picked":["Outmaneuver","Acrobatics"],"picked":"Dagger Spray","floor":1.0},{"not_picked":["Quick Slash","Dodge and Roll"],"picked":"Hidden Blade","floor":2.0},{"not_picked":["Fluid Movement","Flechettes"],"picked":"ReplayTheSpireMod:Tripwire","floor":4.0},{"not_picked":["Dagger Spray","Bane"],"picked":"Poisoned Stab","floor":5.0},{"not_picked":["Doppelganger","Dagger Spray"],"picked":"Cloak And Dagger","floor":6.0},{"not_picked":["Poisoned Stab","Well Laid Plans"],"picked":"Replay:Poison Smokescreen","floor":7.0},{"not_picked":["Deflect","Bane"],"picked":"Backflip","floor":8.0},{"not_picked":["Masterful Stab","Crippling Poison"],"picked":"Deadly Poison","floor":11.0},{"not_picked":["Dagger Throw","Caltrops"],"picked":"Heel Hook","floor":12.0},{"not_picked":["Choke","AT_KingSlayer"],"picked":"REME_GreenPollution","floor":14.0},{"not_picked":["Night Terror","Doppelganger"],"picked":"Envenom","floor":16},{"not_picked":["Skewer","Quick Slash","Prepared"],"picked":"SKIP","floor":18},{"not_picked":["PiercingWail+1","Dodge and Roll"],"picked":"Slice","floor":19},{"not_picked":["Hidden Blade","ReplayTheSpireMod:The Works"],"picked":"Outmaneuver+1","floor":24},{"not_picked":["Dagger Spray","Underhanded Strike+1"],"picked":"Hidden Blade","floor":28},{"not_picked":["ReplayTheSpireMod:Exploit Weakness","Terror"],"picked":"Blade Dance+1","floor":31},{"not_picked":["Grand Finale","Envenom"],"picked":"infinitespire:Neurotoxin","floor":33},{"not_picked":["AT_WindFlip+1","Poisoned Stab+1"],"picked":"Blur+1","floor":35},{"not_picked":["AT_WindFlip+1","AT_WindRun+1"],"picked":"conspire:PoisonWeapons","floor":36},{"not_picked":["AT_TinkerSharpsword+1","Footwork+1"],"picked":"Poisoned Stab+1","floor":37},{"not_picked":["Outmaneuver","Underhanded Strike+1"],"picked":"Heel Hook+1","floor":39},{"not_picked":["Terror","Setup+1","REME_CopyPotion"],"picked":"SKIP","floor":41},{"not_picked":["Heel Hook","PiercingWail","AT_WindFlip"],"picked":"SKIP","floor":44},{"not_picked":["Backflip","Dagger Spray"],"picked":"Hidden Blade+1","floor":47},{"not_picked":["Dagger Spray","Slice"],"picked":"Dash","floor":48}],"player_experience":24181,"relics_obtained":[{"floor":6.0,"key":"White Beast Statue"},{"floor":11.0,"key":"AT_RedTearstoneRing"},{"floor":24,"key":"conspire:BottledYoYo"},{"floor":26,"key":"PreservedInsect"},{"floor":36,"key":"infinitespire:CheckeredPen"},{"floor":43,"key":"Replay:Mystery Machine"}],"event_choices":[{"damage_healed":0.0,"max_hp_gain":0.0,"max_hp_loss":0.0,"gold_gain":0.0,"cards_transformed":["Strike_G"],"event_name":"Transmorgrifier","player_choice":"Transformed","floor":3.0,"gold_loss":0.0,"damage_taken":0.0,"cards_obtained":["Outmaneuver"]}],"is_beta":false,"boss_relics":[{"not_picked":["Busted Crown","vexMod:CursedCompass"],"picked":"ChewingGum"},{"not_picked":["Tiny House","Empty Cage"],"picked":"vexMod:TanglingVine"}],"items_purged_floors":[38],"is_endless":false,"potions_floor_spawned":[2,5,6,7,8,11,12,14,16,18,19,24,28,31,33,35,36,37,39,41,44,47,48],"killed_by":"Donu and Deca","ascension_level":0}}