{"host":"vmugobr08l5sawtn","time":1609794236,"event":{"mods":["BaseMod","Colored Map","Colored Powertips","Minty Spire (QoL Compilation)"],"gold_per_floor":[117,192,15,15,31,64,64,64,64,64,13,26,44,44,44,163,163,146,160,160,50,50,50,50],"floor_reached":23,"playtime":972,"items_purged":["Strike_G"],"score":271,"play_id":"5fcf2cb6-d065-40a4-bb2e-15b2251b3977","local_time":"20210104220356","is_ascension_mode":true,"campfire_choices":[{"floor":7,"key":"REST"},{"data":"Footwork","floor":10,"key":"SMITH"},{"data":"Deadly Poison","floor":15,"key":"SMITH"}],"circlet_count":0,"master_deck":["Strike_G","Strike_G","Strike_G","Defend_G","Defend_G","Defend_G","Defend_G","Survivor","Neutralize","Catalyst+1","Footwork+1","Blade Dance","Deadly Poison+1","Acrobatics","Catalyst","PiercingWail","Footwork","Blade Dance"],"relics":["Ring of the Snake","Lee\u0027s Waffle","Bloody Idol","Kunai","Boot","Runic Pyramid"],"acts_visited":["Exordium","TheCity"],"potions_floor_usage":[6,23],"damage_taken":[{"damage":7,"enemies":"Small Slimes","floor":1,"turns":4},{"damage":0,"enemies":"2 Louse","floor":5,"turns":3},{"damage":55,"enemies":"Gremlin Nob","floor":6,"turns":7},{"damage":0,"enemies":"Cultist","floor":12,"turns":3},{"damage":10,"enemies":"Large Slime","floor":13,"turns":6},{"damage":21,"enemies":"Slime Boss","floor":16,"turns":13},{"damage":17,"enemies":"2 Thieves","floor":18,"turns":4},{"damage":4,"enemies":"Chosen","floor":19,"turns":3},{"damage":44,"enemies":"Slavers","floor":23,"turns":3}],"seed_played":"-7016554968071636377","potions_obtained":[{"floor":5,"key":"Energy Potion"},{"floor":16,"key":"Fire Potion"},{"floor":19,"key":"EssenceOfSteel"}],"is_trial":false,"path_per_floor":["M","?","$","?","M","E","R","?","T","R","?","M","M","?","R","B",null,"M","M","?","$","?","E"],"character_chosen":"THE_SILENT","items_purchased":["Footwork","Lee\u0027s Waffle","Footwork"],"campfire_rested":1,"item_purchase_floors":[3,3,21],"current_hp_per_floor":[38,27,77,58,58,3,26,51,51,51,51,51,41,41,41,20,63,46,42,42,42,42,0,0],"gold":50,"neow_bonus":"REMOVE_TWO","is_daily":false,"chose_seed":false,"campfire_upgraded":2,"win_rate":0.0,"timestamp":1609794236,"path_taken":["M","?","$","?","M","E","R","?","T","R","?","?","M","?","R","BOSS","M","M","?","$","?","E"],"items_purchased_type":["Card","Relic","Card"],"build_version":"2020-12-22","purchased_purges":1,"victory":false,"max_hp_per_floor":[70,70,77,77,77,77,77,77,77,77,77,77,77,77,77,77,77,77,77,77,77,77,77,77],"card_choices":[{"not_picked":["Underhanded Strike","Slice"],"picked":"Catalyst","floor":1},{"not_picked":["Slice","Dodge and Roll","Calculated Gamble"],"picked":"SKIP","floor":5},{"not_picked":["Setup","PiercingWail"],"picked":"Blade Dance","floor":6},{"not_picked":["PiercingWail","Dagger Throw"],"picked":"Deadly Poison","floor":12},{"not_picked":["Skewer","Tactician"],"picked":"Acrobatics","floor":13},{"not_picked":["Deadly Poison","Endless Agony"],"picked":"Catalyst","floor":18},{"not_picked":["Dodge and Roll","Dagger Spray"],"picked":"PiercingWail","floor":19}],"player_experience":366643,"relics_obtained":[{"floor":6,"key":"Kunai"}],"event_choices":[{"damage_healed":0,"gold_gain":75,"player_choice":"Gather Gold","damage_taken":11,"max_hp_gain":0,"max_hp_loss":0,"event_name":"World of Goop","floor":2,"gold_loss":0},{"damage_healed":0,"gold_gain":0,"player_choice":"Take Damage","damage_taken":19,"relics_obtained":["Golden Idol"],"max_hp_gain":0,"max_hp_loss":0,"event_name":"Golden Idol","floor":4,"gold_loss":0},{"damage_healed":25,"gold_gain":0,"player_choice":"Banana","damage_taken":0,"max_hp_gain":0,"max_hp_loss":0,"event_name":"Big Fish","floor":8,"gold_loss":0},{"damage_healed":0,"gold_gain":0,"player_choice":"Paid Gold","damage_taken":0,"relics_obtained":["Boot"],"max_hp_gain":0,"max_hp_loss":0,"event_name":"WeMeetAgain","floor":11,"gold_loss":51},{"damage_healed":0,"gold_gain":0,"player_choice":"Grow","damage_taken":0,"max_hp_gain":0,"max_hp_loss":0,"event_name":"Living Wall","floor":14,"gold_loss":0,"cards_upgraded":["Catalyst"]},{"damage_healed":0,"gold_gain":0,"player_choice":"Gave Idol","damage_taken":0,"relics_obtained":["Bloody Idol"],"max_hp_gain":0,"max_hp_loss":0,"event_name":"Forgotten Altar","floor":20,"relics_lost":["Golden Idol"],"gold_loss":0},{"damage_healed":0,"gold_gain":0,"player_choice":"Read","damage_taken":0,"max_hp_gain":0,"max_hp_loss":0,"event_name":"The Library","floor":22,"gold_loss":0,"cards_obtained":["Blade Dance"]}],"is_beta":false,"boss_relics":[{"not_picked":["Pandora\u0027s Box","Coffee Dripper"],"picked":"Runic Pyramid"}],"items_purged_floors":[21],"is_endless":false,"potions_floor_spawned":[5,16,19],"killed_by":"Slavers","ascension_level":9}}