{"host":"6bsan6hkua32tfq7","time":1609730883,"event":{"mods":["BaseMod","Better Third Choice","Colored Map","Highlight Path","Minty Spire (QoL Compilation)","StSLib"],"gold_per_floor":[109,109,175,188,238,269,319,319,319,319,294,314,364,429,429,506,506,522,604,362,362,362],"floor_reached":21,"playtime":557,"items_purged":["Strike_B"],"score":354,"play_id":"e02343c8-b637-4536-b8a5-c1aaea72789d","local_time":"20210104042803","is_ascension_mode":true,"campfire_choices":[{"data":"Sunder","floor":8,"key":"SMITH"},{"data":"Dualcast","floor":10,"key":"SMITH"},{"data":"Hologram","floor":15,"key":"SMITH"}],"circlet_count":0,"master_deck":["AscendersBane","Strike_B","Strike_B","Defend_B","Defend_B","Defend_B","Zap","Dualcast+1","Melter","Sunder+1","Gash","Hologram+1","Thunder Strike","Recycle+1"],"relics":["Cracked Core","NeowsBlessing","SsserpentHead","White Beast Statue","Ancient Tea Set","Cables","Inserter","Red Mask","Juzu Bracelet"],"acts_visited":["Exordium","TheCity"],"potions_floor_usage":[6,14,19,19,21],"damage_taken":[{"damage":0,"enemies":"Small Slimes","floor":1,"turns":1},{"damage":0,"enemies":"Cultist","floor":3,"turns":1},{"damage":0,"enemies":"2 Louse","floor":4,"turns":1},{"damage":30,"enemies":"Lagavulin","floor":6,"turns":7},{"damage":0,"enemies":"Looter","floor":12,"turns":2},{"damage":5,"enemies":"Exordium Wildlife","floor":14,"turns":2},{"damage":32,"enemies":"The Guardian","floor":16,"turns":12},{"damage":0,"enemies":"Spheric Guardian","floor":18,"turns":1},{"damage":30,"enemies":"Masked Bandits","floor":19,"turns":5},{"damage":31,"enemies":"Shell Parasite","floor":21,"turns":4}],"seed_played":"1841174970205094386","potions_obtained":[{"floor":1,"key":"PowerPotion"},{"floor":3,"key":"Energy Potion"},{"floor":4,"key":"LiquidMemories"},{"floor":12,"key":"Explosive Potion"},{"floor":14,"key":"Explosive Potion"},{"floor":16,"key":"FearPotion"},{"floor":19,"key":"ColorlessPotion"}],"is_trial":false,"path_per_floor":["M","?","M","M","?","E","?","R","T","R","?","M","T","M","R","B",null,"M","?","$","M"],"character_chosen":"DEFECT","items_purchased":["Juzu Bracelet"],"campfire_rested":0,"item_purchase_floors":[20],"current_hp_per_floor":[64,64,64,64,64,34,57,57,57,57,57,57,57,52,52,20,58,58,28,28,0,0],"gold":362,"neow_bonus":"THREE_ENEMY_KILL","is_daily":false,"chose_seed":false,"campfire_upgraded":3,"win_rate":0.0,"timestamp":1609730883,"path_taken":["M","?","?","M","?","E","?","R","T","R","?","M","?","?","R","BOSS","M","?","$","M"],"items_purchased_type":["Relic"],"build_version":"2020-12-22","purchased_purges":1,"victory":false,"max_hp_per_floor":[71,71,71,71,71,71,71,71,71,71,71,71,71,71,71,71,71,71,71,71,71,71],"card_choices":[{"not_picked":["Hello World","Barrage","Force Field"],"picked":"SKIP","floor":1},{"not_picked":["Go for the Eyes","Ball Lightning"],"picked":"Melter","floor":3},{"not_picked":["Storm","Fusion","Recycle"],"picked":"SKIP","floor":4},{"not_picked":["Rip and Tear","Turbo"],"picked":"Sunder","floor":6},{"not_picked":["Streamline","Chill"],"picked":"Gash","floor":12},{"not_picked":["Doom and Gloom","Aggregate"],"picked":"Hologram","floor":14},{"not_picked":["Rainbow","Seek"],"picked":"Thunder Strike","floor":16},{"not_picked":["Rebound+1","Redo"],"picked":"Recycle+1","floor":18}],"player_experience":5238534,"relics_obtained":[{"floor":6,"key":"White Beast Statue"},{"floor":9,"key":"Ancient Tea Set"},{"floor":13,"key":"Cables"},{"floor":19,"key":"Red Mask"}],"event_choices":[{"damage_healed":0,"gold_gain":0,"player_choice":"Trade","damage_taken":0,"relics_obtained":["SsserpentHead"],"max_hp_gain":0,"max_hp_loss":0,"event_name":"FaceTrader","floor":2,"gold_loss":0},{"cards_removed":["Defend_B"],"damage_healed":0,"gold_gain":0,"player_choice":"Forget","damage_taken":0,"max_hp_gain":0,"max_hp_loss":0,"event_name":"Living Wall","floor":5,"gold_loss":0},{"damage_healed":23,"gold_gain":0,"player_choice":"Banana","damage_taken":0,"max_hp_gain":0,"max_hp_loss":0,"event_name":"Big Fish","floor":7,"gold_loss":0},{"cards_removed":["Strike_B"],"damage_healed":0,"gold_gain":0,"player_choice":"Card Removal","damage_taken":0,"max_hp_gain":0,"max_hp_loss":0,"event_name":"The Cleric","floor":11,"gold_loss":75},{"damage_healed":0,"gold_gain":0,"player_choice":"Fought Bandits","damage_taken":0,"max_hp_gain":0,"max_hp_loss":0,"event_name":"Masked Bandits","floor":19,"gold_loss":0}],"is_beta":false,"boss_relics":[{"not_picked":["Calling Bell","Cursed Key"],"picked":"Inserter"}],"items_purged_floors":[20],"is_endless":false,"potions_floor_spawned":[1,3,4,12,14,16,18,19],"killed_by":"Shell Parasite","ascension_level":20}}