{"host":"d2y4rmbezebiv8aj","time":1609758077,"event":{"mods":["AchievementEnabler","BaseMod","Bestiary","BetterRewards","Colored Map","Colored Powertips","Custom Start","Highlight Path","Minty Spire (QoL Compilation)","Quick Restart","Rare Cards Sparkle","Relic Sorter","Relic Stats","Shop Mod","Slay-I","StSLib","SuperFastMode"],"gold_per_floor":[112,129,148,164,24,24,51,51,51,51,51,71,71,7,7,112,112,129,142,142,161,172,172,172,172],"floor_reached":24,"playtime":804,"items_purged":[],"score":248,"play_id":"75de20f3-1c0b-4103-8d59-ae2b331e73a8","local_time":"20210104120117","is_ascension_mode":true,"campfire_choices":[{"data":"Die Die Die","floor":6.0,"key":"SMITH"},{"data":"Backstab","floor":8.0,"key":"SMITH"},{"floor":10.0,"key":"REST"},{"data":"Sucker Punch","floor":13.0,"key":"SMITH"},{"floor":15.0,"key":"REST"},{"floor":23.0,"key":"REST"}],"circlet_count":0,"master_deck":["Strike_G","Strike_G","Strike_G","Strike_G","Strike_G","Defend_G","Defend_G","Defend_G","Defend_G","Defend_G","Survivor","Neutralize","Deadly Poison","Sucker Punch+1","Quick Slash","PiercingWail","Die Die Die+1","Backstab+1","Dash","Heel Hook","Noxious Fumes","A Thousand Cuts","Quick Slash+1","Dodge and Roll+1","Blade Dance","Quick Slash"],"relics":["Ring of the Serpent","NeowsBlessing","HornCleat","The Courier","Mercury Hourglass"],"acts_visited":["Exordium","TheCity"],"potions_floor_usage":[],"damage_taken":[{"damage":0.0,"enemies":"Cultist","floor":1.0,"turns":1.0},{"damage":0.0,"enemies":"Jaw Worm","floor":2.0,"turns":1.0},{"damage":0.0,"enemies":"2 Louse","floor":3.0,"turns":1.0},{"damage":40.0,"enemies":"Gremlin Gang","floor":4.0,"turns":10.0},{"damage":14.0,"enemies":"3 Sentries","floor":7.0,"turns":8.0},{"damage":2.0,"enemies":"Exordium Thugs","floor":12.0,"turns":4.0},{"damage":30.0,"enemies":"The Guardian","floor":16.0,"turns":9.0},{"damage":13.0,"enemies":"Spheric Guardian","floor":18.0,"turns":5.0},{"damage":11.0,"enemies":"Shell Parasite","floor":19.0,"turns":4.0},{"damage":4.0,"enemies":"Shelled Parasite and Fungi","floor":21.0,"turns":3.0},{"damage":27.0,"enemies":"Sentry and Sphere","floor":22.0,"turns":6.0},{"damage":24,"enemies":"Slavers","floor":24,"turns":1}],"seed_played":"-8084508320541785686","potions_obtained":[{"floor":4.0,"key":"Fire Potion"},{"floor":7.0,"key":"PowerPotion"},{"floor":16.0,"key":"DuplicationPotion"},{"floor":18.0,"key":"Swift Potion"},{"floor":21.0,"key":"Energy Potion"}],"is_trial":false,"path_per_floor":["M","M","M","M","$","R","E","R","T","R","?","M","R","$","R","B",null,"M","M","$","M","M","R","E"],"character_chosen":"THE_SILENT","items_purchased":["Die Die Die","Backstab","Noxious Fumes"],"campfire_rested":3,"item_purchase_floors":[5,5,14],"current_hp_per_floor":[70,70,70,30,30,30,16,16,16,37,25,23,23,23,44,14,56,43,32,32,28,1,22,0,0],"gold":172,"neow_bonus":"THREE_ENEMY_KILL","is_daily":false,"chose_seed":false,"campfire_upgraded":3,"win_rate":0.0,"timestamp":1609758077,"path_taken":["M","M","M","M","$","R","E","R","T","R","?","M","R","$","R","BOSS","M","M","$","M","M","R","E"],"items_purchased_type":["Card","Card","Card"],"build_version":"2020-12-22","purchased_purges":0,"victory":false,"max_hp_per_floor":[70,70,70,70,70,70,70,70,70,70,70,70,70,70,70,70,70,70,70,70,70,70,70,70,70],"relic_stats":{"counters":[12,52],"obtain_stats":[{"HornCleat":7,"NeowsBlessing":0,"The Courier":9,"Ring of the Serpent":17,"Ring of the Snake":0,"Mercury Hourglass":11},{"HornCleat":5,"NeowsBlessing":0,"The Courier":5,"Ring of the Serpent":7,"Ring of the Snake":0,"Mercury Hourglass":5},{"HornCleat":21,"NeowsBlessing":0,"The Courier":21,"Ring of the Serpent":33,"Ring of the Snake":0,"Mercury Hourglass":21}],"Mercury Hourglass":[71]},"card_choices":[{"not_picked":["Deflect","Blur"],"picked":"Deadly Poison","floor":1.0},{"not_picked":["Acrobatics","Quick Slash"],"picked":"Sucker Punch","floor":2.0},{"not_picked":["Dodge and Roll","Choke"],"picked":"Quick Slash","floor":3.0},{"not_picked":["Backflip","Cloak And Dagger"],"picked":"PiercingWail","floor":4.0},{"not_picked":["Venomology","Skewer"],"picked":"Dash","floor":7.0},{"not_picked":["Crippling Poison","Dagger Throw"],"picked":"Heel Hook","floor":12.0},{"not_picked":["Night Terror","Malaise"],"picked":"A Thousand Cuts","floor":16.0},{"not_picked":["Bane","Flying Knee"],"picked":"Quick Slash+1","floor":18.0},{"not_picked":["Bane","All Out Attack"],"picked":"Dodge and Roll+1","floor":19.0},{"not_picked":["Noxious Fumes","Heel Hook"],"picked":"Blade Dance","floor":21.0},{"not_picked":["Underhanded Strike","Dodge and Roll"],"picked":"Quick Slash","floor":22.0}],"player_experience":343988,"relics_obtained":[{"floor":7.0,"key":"HornCleat"},{"floor":9.0,"key":"The Courier"}],"event_choices":[{"damage_healed":0.0,"max_hp_gain":0.0,"max_hp_loss":0.0,"gold_gain":0.0,"event_name":"Scrap Ooze","player_choice":"Success","floor":11.0,"gold_loss":0.0,"damage_taken":12.0,"relics_obtained":["Mercury Hourglass"]}],"is_beta":false,"boss_relics":[{"not_picked":["Busted Crown","Astrolabe"],"picked":"Ring of the Serpent"}],"items_purged_floors":[],"is_endless":false,"potions_floor_spawned":[4,7,16,18,21],"killed_by":"Slavers","ascension_level":5}}