{"host":"pletss163z7s8pvv","time":1609732496,"event":{"mods":["AchievementEnabler","BaseMod","Colored Map","Colored Powertips","Minty Spire (QoL Compilation)"],"gold_per_floor":[144,94,169,444,489,489,489,534,534,579,579,579,628,726,726,1051,1051,1100,318,367,367,22,112,112,62,137,137,182,227,227,272,272,572,872,917,423,423,423],"floor_reached":37,"playtime":1339,"items_purged":["Regret"],"score":462,"play_id":"5a3ae206-afd6-4285-af92-9c00bb83c837","local_time":"20210103215456","daily_mods":["Chimera","Diverse","Midas"],"is_ascension_mode":false,"campfire_choices":[{"floor":6,"key":"REST"},{"floor":12,"key":"REST"},{"floor":15,"key":"REST"},{"floor":24,"key":"REST"},{"floor":27,"key":"REST"},{"floor":30,"key":"REST"},{"floor":32,"key":"REST"}],"circlet_count":0,"master_deck":["Bash","Survivor","Zap","Strike_R","Strike_G","Strike_B","Defend_R","Defend_G","Defend_P","EmptyFist","Flying Knee","PathToVictory","Acrobatics+1","Consecrate","SandsOfTime","Judgement+1","Coolheaded+1","TalkToTheHand","Dropkick","Steam+1","Footwork","Cleave","Dark Shackles+1","Venomology+1","Caltrops+1","Metallicize","EmptyFist","Adrenaline+1","CurseOfTheBell","Defragment+1","Flex+1","Dramatic Entrance","ReachHeaven"],"relics":["Cracked Core","Toxic Egg 2","Bloody Idol","Happy Flower","Black Star","Runic Capacitor","Strawberry","Art of War","Membership Card","Orichalcum","Blood Vial","Thread and Needle","Oddly Smooth Stone","Darkstone Periapt","Calling Bell","Dream Catcher","Matryoshka","Old Coin","Toolbox","Ornamental Fan","Singing Bowl"],"acts_visited":["Exordium","TheCity","TheBeyond"],"potions_floor_usage":[16,16,28,28,31,33,33,33,33],"damage_taken":[{"damage":0,"enemies":"Cultist","floor":1,"turns":2},{"damage":11,"enemies":"Small Slimes","floor":5,"turns":3},{"damage":11,"enemies":"2 Louse","floor":8,"turns":2},{"damage":21,"enemies":"2 Fungi Beasts","floor":10,"turns":3},{"damage":11,"enemies":"Blue Slaver","floor":13,"turns":3},{"damage":28,"enemies":"Gremlin Nob","floor":14,"turns":4},{"damage":15,"enemies":"The Guardian","floor":16,"turns":8},{"damage":0,"enemies":"Spheric Guardian","floor":18,"turns":2},{"damage":17,"enemies":"2 Thieves","floor":20,"turns":3},{"damage":35,"enemies":"Slavers","floor":23,"turns":5},{"damage":1,"enemies":"Snecko","floor":28,"turns":5},{"damage":12,"enemies":"Cultist and Chosen","floor":29,"turns":6},{"damage":4,"enemies":"Shelled Parasite and Fungi","floor":31,"turns":5},{"damage":60,"enemies":"Collector","floor":33,"turns":14},{"damage":40,"enemies":"3 Darklings","floor":35,"turns":5},{"damage":71,"enemies":"2 Orb Walkers","floor":37,"turns":4}],"seed_played":"-6631355389535803282","potions_obtained":[{"floor":10,"key":"Energy Potion"},{"floor":13,"key":"BlessingOfTheForge"},{"floor":14,"key":"Energy Potion"},{"floor":16,"key":"Energy Potion"},{"floor":23,"key":"EssenceOfSteel"},{"floor":28,"key":"Dexterity Potion"},{"floor":35,"key":"SmokeBomb"}],"is_trial":false,"path_per_floor":["M","?","?","?","M","R","?","M","T","M","?","R","M","E","R","B",null,"M","$","M","?","$","E","R","?","T","R","M","M","R","M","R","B",null,"M","$","?"],"character_chosen":"DEFECT","items_purchased":["Runic Capacitor","Strawberry","Art of War","TalkToTheHand","Dropkick","Steam+1","Footwork","Membership Card","Orichalcum","Blood Vial","Dark Shackles+1","Toolbox","Ornamental Fan","Singing Bowl","Flex+1","Dramatic Entrance","ReachHeaven","PowerPotion","Ancient Potion"],"campfire_rested":7,"item_purchase_floors":[19,19,19,19,19,19,19,22,22,22,22,36,36,36,36,36,36,36,36],"current_hp_per_floor":[75,75,64,64,53,75,80,69,69,48,28,52,41,13,37,22,80,80,87,70,70,70,42,68,68,73,87,87,80,87,87,87,47,93,58,58,0,0],"gold":423,"neow_bonus":"","is_daily":true,"chose_seed":false,"campfire_upgraded":0,"win_rate":0.0,"timestamp":1609732496,"path_taken":["M","?","?","?","?","R","?","M","T","M","?","R","M","E","R","BOSS","M","$","M","?","$","E","R","?","T","R","M","M","R","M","R","BOSS","M","$","?"],"items_purchased_type":["Relic","Relic","Relic","Card","Card","Card","Card","Relic","Relic","Relic","Card","Relic","Relic","Relic","Card","Card","Card","Potion","Potion"],"build_version":"2020-12-22","purchased_purges":1,"victory":false,"max_hp_per_floor":[75,75,75,75,75,75,80,80,80,80,80,80,80,80,80,80,80,80,87,87,87,87,87,87,87,87,87,87,87,87,87,87,87,93,93,93,93,93],"card_choices":[{"not_picked":["Halt","Feel No Pain"],"picked":"EmptyFist","floor":1},{"not_picked":["Cloak And Dagger","Disarm"],"picked":"Flying Knee","floor":5},{"not_picked":["Rupture","CutThroughFate"],"picked":"PathToVictory","floor":8},{"not_picked":["Dagger Throw","Iron Wave"],"picked":"Acrobatics+1","floor":10},{"not_picked":["Steam+1","Evaluate+1"],"picked":"Consecrate","floor":13},{"not_picked":["Ghostly Armor+1","Flying Knee"],"picked":"SandsOfTime","floor":14},{"not_picked":["LessonLearned","Bullet Time+1"],"picked":"Judgement+1","floor":16},{"not_picked":["Rupture","Metallicize"],"picked":"Coolheaded+1","floor":18},{"not_picked":["Pray+1","Sweeping Beam"],"picked":"Cleave","floor":20},{"not_picked":["Distraction+1","Perfected Strike"],"picked":"Venomology+1","floor":23},{"not_picked":["JustLucky","Beam Cell+1"],"picked":"Caltrops+1","floor":28},{"not_picked":["Deflect+1","Halt+1"],"picked":"Metallicize","floor":29},{"not_picked":["Blood for Blood","Vengeance+1"],"picked":"EmptyFist","floor":31},{"not_picked":["Exhume+1","Blasphemy+1"],"picked":"Adrenaline+1","floor":33},{"not_picked":["Calculated Gamble+1","Cloak And Dagger+1"],"picked":"Defragment+1","floor":35}],"player_experience":406543,"relics_obtained":[{"floor":9,"key":"Toxic Egg 2"},{"floor":14,"key":"Happy Flower"},{"floor":23,"key":"Thread and Needle"},{"floor":23,"key":"Oddly Smooth Stone"},{"floor":26,"key":"Darkstone Periapt"},{"floor":34,"key":"Dream Catcher"},{"floor":34,"key":"Matryoshka"},{"floor":34,"key":"Old Coin"}],"event_choices":[{"cards_removed":["Eruption"],"damage_healed":0,"gold_gain":0,"player_choice":"Card Removal","damage_taken":0,"max_hp_gain":0,"max_hp_loss":0,"event_name":"The Cleric","floor":2,"gold_loss":50},{"damage_healed":0,"gold_gain":75,"player_choice":"Gather Gold","damage_taken":11,"max_hp_gain":0,"max_hp_loss":0,"event_name":"World of Goop","floor":3,"gold_loss":0},{"damage_healed":0,"gold_gain":275,"player_choice":"Desecrate","damage_taken":0,"max_hp_gain":0,"max_hp_loss":0,"event_name":"Golden Shrine","floor":4,"gold_loss":0,"cards_obtained":["Regret"]},{"damage_healed":0,"gold_gain":0,"player_choice":"Donut","damage_taken":0,"max_hp_gain":5,"max_hp_loss":0,"event_name":"Big Fish","floor":7,"gold_loss":0},{"damage_healed":0,"gold_gain":0,"player_choice":"Take Damage","damage_taken":20,"relics_obtained":["Golden Idol"],"max_hp_gain":0,"max_hp_loss":0,"event_name":"Golden Idol","floor":11,"gold_loss":0},{"damage_healed":0,"gold_gain":0,"player_choice":"Gave Idol","damage_taken":0,"relics_obtained":["Bloody Idol"],"max_hp_gain":0,"max_hp_loss":0,"event_name":"Forgotten Altar","floor":21,"relics_lost":["Golden Idol"],"gold_loss":0},{"damage_healed":0,"gold_gain":0,"player_choice":"Bet on Murderer","damage_taken":0,"max_hp_gain":0,"max_hp_loss":0,"event_name":"The Joust","floor":25,"gold_loss":50},{"damage_healed":0,"gold_gain":0,"player_choice":"Fight","damage_taken":0,"max_hp_gain":0,"max_hp_loss":0,"event_name":"Mysterious Sphere","floor":37,"gold_loss":0}],"is_beta":false,"boss_relics":[{"not_picked":["Cursed Key","Inserter"],"picked":"Black Star"},{"not_picked":["Tiny House","Velvet Choker"],"picked":"Calling Bell"}],"items_purged_floors":[19],"is_endless":false,"potions_floor_spawned":[10,13,14,16,23,28,35],"killed_by":"2 Orb Walkers","ascension_level":0}}