{"host":"dn6kke80v5f7isus","time":1609797673,"event":{"mods":["AchievementEnabler","Act Like it!","BaseMod","Colored Powertips","Custom Start","Defuse TimeMaze Blight","Downfall","Duelist Mod","Gremlin Skip","Highlight Path","Hubris","Infinite Spire","Minty Spire (QoL Compilation)","Rare Cards Sparkle","Replay The Spire","StSLib","The Cursed","Uncapped"],"gold_per_floor":[136,155,201,201,221,221,239,239,266,279,308,308,341,357,357,456,456,467,483,483,483,157,157,196,196,196,220,266,266,304,339,339,460,460,472,507,507,568,612,624,675,736,748,56,56,96],"floor_reached":51,"playtime":2766,"items_purged":["theDuelist:Sparks","theDuelist:Sparks"],"score":1106,"play_id":"195d86db-6d4d-4b43-aa68-e709ae61b3f1","local_time":"20210104170113","is_ascension_mode":true,"campfire_choices":[{"data":"theDuelist:BigFire","floor":6,"key":"SMITH"},{"data":"theDuelist:IcyCrevasse","floor":8,"key":"SMITH"},{"data":"hubris:DuctTapeCard","floor":12,"key":"SMITH"},{"floor":15,"key":"DIG"},{"data":"theDuelist:Nameless:Greed:GracefulCharity","floor":23,"key":"SMITH"},{"data":"theDuelist:SilentDoom","floor":29,"key":"SMITH"},{"data":"theDuelist:BadReaction","floor":32,"key":"SMITH"},{"data":"theDuelist:DiffusionWaveMotion","floor":46,"key":"SMITH"},{"data":"theDuelist:ApprenticeIllusionMagician+1","floor":49,"key":"SMITH"}],"circlet_count":0,"master_deck":["theDuelist:CastleWalls","theDuelist:CastleWalls","theDuelist:DarkMagician","theDuelist:MysticalElf","theDuelist:MysticalElf","theDuelist:NeoMagic","theDuelist:NeoMagic","theDuelist:Sparks","theDuelist:BlizzardPrincess","theDuelist:StatueAnguishPattern","theDuelist:IcyCrevasse+1","theDuelist:DoomShaman","hubris:DuctTapeCard+2","theDuelist:BlizzardPrincess","theDuelist:FrontierWiseman","theDuelist:WingedKuriboh","theDuelist:DiffusionWaveMotion+1","theDuelist:Nameless:Greed:GracefulCharity+1","theDuelist:PowerKaishin","theDuelist:SilentDoom+1","theDuelist:BadReaction+1","theDuelist:Relinquished+1","theDuelist:RainbowKuriboh","theDuelist:VoidVanishment+1","theDuelist:BookSecret","Master of Strategy+1","theDuelist:RainbowDarkDragon+1","theDuelist:ApprenticeIllusionMagician+2","theDuelist:SilentDoom","theDuelist:Sparks","hubris:DuctTapeCard+2","theDuelist:DiffusionWaveMotion+1","theDuelist:Nameless:Greed:GracefulCharity+1","theDuelist:PowerKaishin+1","theDuelist:SilentDoom+1","theDuelist:VoidVanishment+1","theDuelist:BookSecret+1","theDuelist:SilentDoom","theDuelist:Graverobber+1"],"relics":["theDuelist:MillenniumPuzzle","theDuelist:CardPoolRelic","theDuelist:CardPoolBasicRelic","theDuelist:BoosterPackPoolRelic","theDuelist:CardPoolAddRelic","theDuelist:CardPoolMinusRelic","theDuelist:CardPoolSaveRelic","theDuelist:CardPoolOptionsRelic","NeowsBlessing","theDuelist:DuelistUrn","Replay:PocketPolymizer","Lizard Tail","theDuelist:StoneExxod","hubris:DuctTape","infinitespire:ShieldingShard","Art of War","Coffee Dripper","Paper Crane","Iron Hammer","ReplayTheSpireMod:Lightbulb","hubris:Teleporter","Runic Pyramid","MawBank","Toxic Egg 2","hubris:TenFootPole","Byrd Skull","theDuelist:MerchantTalisman","MealTicket","Pen Nib"],"acts_visited":["Exordium","TheCity","TheBeyond"],"potions_floor_usage":[3,11,11,11,11,14,14,28,30,40,45,50,50],"damage_taken":[{"damage":0,"enemies":"2 Louse","floor":1,"turns":1},{"damage":0,"enemies":"Cultist","floor":2,"turns":1},{"damage":0,"enemies":"Cultist","floor":3,"turns":1},{"damage":0,"enemies":"Small Slimes","floor":5,"turns":3},{"damage":0,"enemies":"3 Louse","floor":7,"turns":1},{"damage":0,"enemies":"Blue Slaver","floor":10,"turns":1},{"damage":0,"enemies":"Gremlin Nob","floor":11,"turns":4},{"damage":0,"enemies":"3 Sentries","floor":13,"turns":5},{"damage":4,"enemies":"Exordium Wildlife","floor":14,"turns":4},{"damage":0,"enemies":"The Guardian","floor":16,"turns":10},{"damage":0,"enemies":"Spheric Guardian","floor":18,"turns":3},{"damage":0,"enemies":"3 Byrds","floor":19,"turns":3},{"damage":0,"enemies":"Cultist and Chosen","floor":24,"turns":5},{"damage":0,"enemies":"Gremlin Leader","floor":28,"turns":7},{"damage":0,"enemies":"Centurion and Healer","floor":30,"turns":4},{"damage":0,"enemies":"Snake Plant","floor":31,"turns":4},{"damage":15,"enemies":"hubris:MusketHawk","floor":33,"turns":6},{"damage":9,"enemies":"3 Darklings","floor":35,"turns":3},{"damage":3,"enemies":"3 Shapes","floor":37,"turns":5},{"damage":0,"enemies":"Giant Head","floor":40,"turns":10},{"damage":0,"enemies":"Spire Growth","floor":41,"turns":5},{"damage":9,"enemies":"Jaw Worm Horde","floor":44,"turns":4},{"damage":0,"enemies":"Nemesis","floor":45,"turns":9},{"damage":21,"enemies":"infinitespire:MassOfShapes","floor":50,"turns":10}],"seed_played":"6537572321515010202","potions_obtained":[{"floor":2,"key":"AttackPotion"},{"floor":4,"key":"EntropicBrew"},{"floor":4,"key":"Flashbang"},{"floor":4,"key":"theDuelist:BurningPotionB"},{"floor":11,"key":"theDuelist:ElectricPotion"},{"floor":14,"key":"theDuelist:MayhemPotion"},{"floor":19,"key":"Explosive Potion"},{"floor":35,"key":"Adrenaline Potion"},{"floor":41,"key":"DistilledChaos"},{"floor":45,"key":"Swift Potion"}],"is_trial":false,"path_per_floor":["M","M","?","?","M","R","M","R","T","M","E","R","E","M","R","B",null,"M","M","?","?","$","R","M","?","T","T","E","R","M","M","R","B",null,"M","M","AVR","E","M","T","M","E","R","$","R","B",null],"character_chosen":"THE_DUELIST","items_purchased":["Paper Crane","theDuelist:MerchantTalisman","MealTicket","Pen Nib","theDuelist:Graverobber+1","theDuelist:BottledKuriboh"],"campfire_rested":0,"item_purchase_floors":[22,47,47,47,47,47],"current_hp_per_floor":[80,80,80,80,80,80,80,80,80,80,80,80,80,76,76,80,80,80,80,90,90,90,90,90,90,90,90,90,90,90,90,90,79,90,83,90,90,90,90,90,89,90,90,90,90,81],"gold":96,"neow_bonus":"THREE_ENEMY_KILL","is_daily":false,"chose_seed":false,"campfire_upgraded":8,"win_rate":0.0,"timestamp":1609797673,"path_taken":["M","M","?","?","M","R","M","R","T","?","E","R","E","M","R","BOSS","M","M","?","?","?","R","?","?","T","?","E","R","M","M","R","BOSS","M","M","AVR","E","M","T","?","E","R","$","R","BOSS"],"items_purchased_type":["Relic","Relic","Relic","Relic","Card","Potion"],"build_version":"2020-12-22","purchased_purges":2,"victory":true,"max_hp_per_floor":[80,80,80,80,80,80,80,80,80,80,80,80,80,80,80,80,80,80,80,90,90,90,90,90,90,90,90,90,90,90,90,90,90,90,90,90,90,90,90,90,90,90,90,90,90,90],"card_choices":[{"not_picked":["theDuelist:FogKing","theDuelist:GiantTrunade","theDuelist:MythicalBeast","theDuelist:Relinquished"],"picked":"theDuelist:BlizzardPrincess","floor":1},{"not_picked":["theDuelist:MagiciansRod","theDuelist:VoidExpansion","theDuelist:TimeWizard"],"picked":"theDuelist:StatueAnguishPattern","floor":2},{"not_picked":["theDuelist:GemElephant","theDuelist:Jinzo","theDuelist:Hinotama","theDuelist:HaneHane"],"picked":"theDuelist:BigFire","floor":3},{"not_picked":[],"picked":"theDuelist:BigFire","floor":5},{"not_picked":["theDuelist:WhiteHowling","theDuelist:StatueAnguishPattern","theDuelist:DarkHorizon","theDuelist:BadReaction"],"picked":"theDuelist:IcyCrevasse","floor":7},{"not_picked":["theDuelist:BlizzardWarrior","theDuelist:SangaThunder","theDuelist:ExodiaLL","theDuelist:ThousandEyesIdol"],"picked":"theDuelist:DoomShaman","floor":10},{"not_picked":["theDuelist:SkilledDarkMagician","theDuelist:ExodiaRL","theDuelist:VoidExpansion","theDuelist:LegendaryExodia"],"picked":"theDuelist:BlizzardPrincess","floor":11},{"not_picked":["theDuelist:GilfordLegend","theDuelist:PotDichotomy","theDuelist:PreventRat","theDuelist:BlackPendant"],"picked":"theDuelist:FrontierWiseman","floor":13},{"not_picked":["theDuelist:AttackTheMoon","theDuelist:MillenniumGolem","theDuelist:WormWarlord","theDuelist:DarklordSuperbia"],"picked":"theDuelist:WingedKuriboh","floor":14},{"not_picked":["theDuelist:CrystalWingDragon","theDuelist:Mudballman","theDuelist:WhiteMagicalHat+1","theDuelist:PowerKaishin","theDuelist:ContractExodia"],"picked":"SKIP","floor":18},{"not_picked":["theDuelist:NeoMagic","theDuelist:FlyingSaucer","theDuelist:LegendaryExodia+1","theDuelist:MagiciansRobe"],"picked":"theDuelist:DiffusionWaveMotion","floor":19},{"not_picked":["theDuelist:SpellShatteringArrow","theDuelist:CallAtlanteans","theDuelist:GeminiElf","theDuelist:ExodiaLL+1"],"picked":"theDuelist:PowerKaishin","floor":24},{"not_picked":["theDuelist:InfernoFireBlast","theDuelist:CallAtlanteans+1","theDuelist:GoblinSecret+1","theDuelist:WonderWand"],"picked":"theDuelist:SilentDoom","floor":28},{"not_picked":["theDuelist:MagiciansRobe+1","theDuelist:InariFire","theDuelist:VoidExpansion","theDuelist:GoblinSecret+1"],"picked":"theDuelist:BadReaction","floor":30},{"not_picked":["theDuelist:ExodiaRA","theDuelist:SangaEarth+1","theDuelist:ThousandEyesIdol+1","theDuelist:Mudballman"],"picked":"theDuelist:Relinquished+1","floor":31},{"not_picked":["theDuelist:RainbowDarkDragon","theDuelist:IrisEarthMother","theDuelist:RainbowMagician+1","theDuelist:RainbowOverdragon"],"picked":"theDuelist:RainbowKuriboh","floor":33},{"not_picked":["theDuelist:MagiciansRobe","theDuelist:InariFire","theDuelist:VoidExpansion+1","theDuelist:Yami+1"],"picked":"theDuelist:VoidVanishment+1","floor":35},{"not_picked":["theDuelist:MythicalBeast+1","theDuelist:ExodiaRL+1","theDuelist:StatueAnguishPattern","theDuelist:Yami"],"picked":"theDuelist:BookSecret","floor":37},{"not_picked":["Apotheosis+1","Sadistic Nature","Secret Technique+1"],"picked":"Master of Strategy+1","floor":40},{"not_picked":["theDuelist:CrystalWingDragon+1","theDuelist:RainbowMagician","theDuelist:QueenDragunDjinn+1","theDuelist:IrisEarthMother+1"],"picked":"theDuelist:RainbowDarkDragon+1","floor":41},{"not_picked":["theDuelist:GateGuardian+1","theDuelist:SangaWater+1"],"picked":"theDuelist:ApprenticeIllusionMagician+1","floor":44},{"not_picked":["theDuelist:BlizzardWarrior+1","theDuelist:SangaThunder+1","theDuelist:InjectionFairy+1","theDuelist:DarkMagician"],"picked":"theDuelist:SilentDoom","floor":45}],"player_experience":521761,"relics_obtained":[{"floor":3,"key":"theDuelist:DuelistUrn"},{"floor":3,"key":"Replay:PocketPolymizer"},{"floor":3,"key":"Lizard Tail"},{"floor":9,"key":"theDuelist:StoneExxod"},{"floor":11,"key":"hubris:DuctTape"},{"floor":13,"key":"infinitespire:ShieldingShard"},{"floor":15,"key":"Art of War"},{"floor":26,"key":"Iron Hammer"},{"floor":27,"key":"ReplayTheSpireMod:Lightbulb"},{"floor":28,"key":"hubris:Teleporter"},{"floor":40,"key":"Toxic Egg 2"},{"floor":43,"key":"hubris:TenFootPole"},{"floor":45,"key":"Byrd Skull"}],"event_choices":[{"damage_healed":0,"gold_gain":0,"player_choice":"Fight","duelist":true,"damage_taken":0,"max_hp_gain":0,"max_hp_loss":0,"event_name":"Battle City","floor":3,"gold_loss":0},{"damage_healed":0,"gold_gain":0,"player_choice":"Got Potions","damage_taken":0,"max_hp_gain":0,"max_hp_loss":0,"event_name":"Lab","floor":4,"gold_loss":0},{"total_magic_score":32,"gold_gain":0,"greed_reward":4,"duelist":true,"damage_taken":0,"relics_obtained":[],"points":17,"max_hp_gain":10,"max_hp_loss":0,"spent_points":{"magic":0,"greed":4,"war":0,"power":4,"hunger":4},"event_name":"Nameless Tomb","hunger_reward":4,"floor":20,"gold_loss":0,"cards_obtained":["theDuelist:Nameless:Greed:GracefulCharity"]},{"damage_healed":0,"gold_gain":0,"player_choice":"Ignored","damage_taken":0,"max_hp_gain":0,"max_hp_loss":0,"event_name":"Ghosts","floor":21,"gold_loss":0}],"is_beta":false,"boss_relics":[{"not_picked":["Kintsugi","Ectoplasm"],"picked":"Coffee Dripper"},{"not_picked":["Busted Crown","ChewingGum"],"picked":"Runic Pyramid"}],"items_purged_floors":[22,39],"is_endless":false,"potions_floor_spawned":[2,10,11,14,19,35,41,45],"ascension_level":1}}