{"host":"esx1hwjnbftf3eqj","time":1609724073,"event":{"mods":["BaseMod","Colored Map","Minty Spire (QoL Compilation)","StSLib","The Jungle"],"gold_per_floor":[114,127,202,218,13,13,42,42,93,41,41,84,84,108,108,239,239,263,281,305,320,345,345,345,345],"floor_reached":24,"playtime":2012,"items_purged":["Strike_R"],"score":312,"play_id":"ec219a2e-4dd1-4b2e-9a43-3bc922892ea0","local_time":"20210103173433","is_ascension_mode":true,"campfire_choices":[{"data":"Armaments","floor":6,"key":"SMITH"},{"floor":11,"key":"REST"},{"data":"Armaments","floor":13,"key":"SMITH"},{"data":"Searing Blow+1","floor":15,"key":"SMITH"},{"data":"Searing Blow+2","floor":23,"key":"SMITH"}],"circlet_count":0,"master_deck":["AscendersBane","Strike_R","Strike_R","Strike_R","Strike_R","Defend_R","Defend_R","Defend_R","Defend_R","Bash","Twin Strike","Armaments+1","Disarm","Searing Blow+3","Armaments+1","Iron Wave+1","Iron Wave","Inflame","Double Tap","Iron Wave+1","Intimidate"],"relics":["Burning Blood","Bag of Preparation","Dream Catcher","Golden Idol","Whetstone","Pear","Philosopher\u0027s Stone"],"acts_visited":["Exordium","TheCity"],"potions_floor_usage":[7,20,20,20,21,24],"damage_taken":[{"damage":5,"enemies":"2 Louse","floor":1,"turns":4},{"damage":5,"enemies":"Small Slimes","floor":2,"turns":4},{"damage":7,"enemies":"Jaw Worm","floor":4,"turns":3},{"damage":13,"enemies":"Gremlin Nob","floor":7,"turns":4},{"damage":24,"enemies":"Lagavulin","floor":12,"turns":12},{"damage":6,"enemies":"Looter","floor":14,"turns":4},{"damage":28,"enemies":"The Guardian","floor":16,"turns":14},{"damage":19,"enemies":"3 Byrds","floor":18,"turns":8},{"damage":8,"enemies":"Chosen","floor":19,"turns":5},{"damage":6,"enemies":"3 Cultists","floor":20,"turns":6},{"damage":16,"enemies":"Chosen and Byrds","floor":21,"turns":7},{"damage":46,"enemies":"Snecko","floor":22,"turns":6},{"damage":27,"enemies":"Book of Stabbing","floor":24,"turns":5}],"seed_played":"-8358872059344315494","potions_obtained":[{"floor":4,"key":"AttackPotion"},{"floor":12,"key":"Regen Potion"},{"floor":16,"key":"Weak Potion"},{"floor":18,"key":"SkillPotion"},{"floor":19,"key":"EntropicBrew"},{"floor":20,"key":"Block Potion"}],"is_trial":false,"path_per_floor":["M","M","?","M","$","R","E","?","T","$","R","E","R","M","R","B",null,"M","M","M","M","M","R","E"],"character_chosen":"IRONCLAD","items_purchased":["Searing Blow","Armaments","Iron Wave"],"campfire_rested":1,"item_purchase_floors":[5,5,10],"current_hp_per_floor":[73,74,63,62,62,62,55,35,35,35,59,51,51,51,51,29,75,62,60,75,65,25,25,0,0],"gold":345,"neow_bonus":"RANDOM_COMMON_RELIC","is_daily":false,"chose_seed":false,"campfire_upgraded":4,"win_rate":0.0,"timestamp":1609724073,"path_taken":["M","M","?","M","$","R","E","?","T","?","R","E","R","M","R","BOSS","M","M","M","M","M","R","E"],"items_purchased_type":["Card","Card","Card"],"build_version":"2020-12-22","purchased_purges":1,"victory":false,"max_hp_per_floor":[80,80,80,80,80,80,80,80,80,80,80,90,90,90,90,90,90,90,90,90,90,90,90,90,90],"card_choices":[{"not_picked":["Bloodletting","Flex"],"picked":"Twin Strike","floor":1},{"not_picked":["Hemokinesis","Dark Embrace"],"picked":"Armaments","floor":2},{"not_picked":["Headbutt","Armaments"],"picked":"Disarm","floor":4},{"not_picked":["Clash","Twin Strike"],"picked":"Iron Wave","floor":7},{"not_picked":["Body Slam","True Grit"],"picked":"Inflame","floor":12},{"not_picked":["Armaments","Thunderclap","Pommel Strike"],"picked":"SKIP","floor":14},{"not_picked":["Fiend Fire","Juggernaut"],"picked":"Double Tap","floor":16},{"not_picked":["Warcry","Rage+1"],"picked":"Iron Wave+1","floor":18},{"not_picked":["Spot Weakness+1","Havoc"],"picked":"Intimidate","floor":19},{"not_picked":["Shrug It Off","Heavy Blade","Clothesline"],"picked":"SKIP","floor":20},{"not_picked":["Flex+1","Second Wind+1","Immolate"],"picked":"SKIP","floor":21},{"not_picked":["Spot Weakness","Clothesline","Perfected Strike+1"],"picked":"SKIP","floor":22}],"player_experience":632655,"relics_obtained":[{"floor":7,"key":"Dream Catcher"},{"floor":9,"key":"Whetstone"},{"floor":12,"key":"Pear"}],"event_choices":[{"damage_healed":0,"gold_gain":75,"player_choice":"Gather Gold","damage_taken":11,"max_hp_gain":0,"max_hp_loss":0,"event_name":"World of Goop","floor":3,"gold_loss":0},{"damage_healed":0,"gold_gain":0,"player_choice":"Take Damage","damage_taken":20,"relics_obtained":["Golden Idol"],"max_hp_gain":0,"max_hp_loss":0,"event_name":"Golden Idol","floor":8,"gold_loss":0}],"is_beta":false,"boss_relics":[{"not_picked":["Calling Bell","Fusion Hammer"],"picked":"Philosopher\u0027s Stone"}],"items_purged_floors":[5],"is_endless":false,"potions_floor_spawned":[4,12,16,18,19,20],"killed_by":"Book of Stabbing","ascension_level":10}}