{"host":"m77rrhbqzv44va4v","time":1609791152,"event":{"mods":["AchievementEnabler","BaseMod","Colored Map","DeckTracker","Keyboard Shortcuts","Minty Spire (QoL Compilation)","StSLib","SuperFastMode","everything is the same but u backflip on backflip"],"gold_per_floor":[110,123,133,133,147,187,187,187,187,220,54,76,94,116,116,203,284,272,281,299,299,309,309,348,76,76,76,76,96,19,119,119,203,203,220,240,107,125,105,105,140,140,140,140,172,172,183,199,199,199,199,199],"floor_reached":51,"playtime":1892,"items_purged":["Strike_G","Choke+1"],"score":1570,"play_id":"44c5986b-f103-4cb3-9e66-a5a0283fd2bb","local_time":"20210105051232","is_ascension_mode":true,"campfire_choices":[{"floor":8.0,"key":"REST"},{"floor":15.0,"key":"REST"},{"floor":23,"key":"REST"},{"data":"Reflex","floor":27,"key":"SMITH"},{"floor":32,"key":"REST"},{"data":"Malaise","floor":40,"key":"SMITH"},{"data":"Concentrate","floor":42,"key":"SMITH"},{"data":"Well Laid Plans","floor":44,"key":"SMITH"},{"data":"After Image","floor":46,"key":"SMITH"},{"data":"Prepared","floor":49,"key":"SMITH"}],"circlet_count":0,"master_deck":["AscendersBane","Survivor","Neutralize","Blade Dance","Flying Knee+1","Backstab","Escape Plan","Underhanded Strike+1","Prepared+1","Acrobatics","Leg Sweep","Grand Finale+1","Reflex+1","Well Laid Plans+1","Slice+1","Backflip","Cloak And Dagger","Phantasmal Killer","Malaise+1","Dagger Throw+1","Cloak And Dagger","Acrobatics+1","Footwork","After Image+1","Concentrate+1","Reflex","Madness","Madness"],"relics":["Ring of the Serpent","Bag of Preparation","CeramicFish","CultistMask","Molten Egg 2","Incense Burner","Pandora\u0027s Box","Lantern","Juzu Bracelet","Ornamental Fan","Letter Opener","Gambling Chip","Bottled Lightning","Boot","Centennial Puzzle","Bronze Scales"],"acts_visited":["Exordium","TheCity","TheBeyond"],"potions_floor_usage":[24,31,33,51],"damage_taken":[{"damage":2.0,"enemies":"Jaw Worm","floor":1.0,"turns":6.0},{"damage":3.0,"enemies":"Small Slimes","floor":2.0,"turns":5.0},{"damage":1.0,"enemies":"Cultist","floor":3.0,"turns":3.0},{"damage":0.0,"enemies":"Red Slaver","floor":5.0,"turns":4.0},{"damage":36.0,"enemies":"Gremlin Nob","floor":6.0,"turns":4.0},{"damage":15.0,"enemies":"3 Sentries","floor":10.0,"turns":6.0},{"damage":1.0,"enemies":"Exordium Thugs","floor":12.0,"turns":3.0},{"damage":0.0,"enemies":"3 Louse","floor":13.0,"turns":2.0},{"damage":0.0,"enemies":"Large Slime","floor":14.0,"turns":4.0},{"damage":30.0,"enemies":"The Guardian","floor":16.0,"turns":14.0},{"damage":6.0,"enemies":"2 Thieves","floor":18.0,"turns":4.0},{"damage":0,"enemies":"Chosen","floor":20,"turns":2},{"damage":21,"enemies":"Snecko","floor":22,"turns":5},{"damage":1,"enemies":"Slavers","floor":24,"turns":2},{"damage":17,"enemies":"Cultist and Chosen","floor":29,"turns":4},{"damage":0,"enemies":"Colosseum Slavers","floor":31,"turns":4},{"damage":0,"enemies":"Colosseum Nobs","floor":31,"turns":2},{"damage":19,"enemies":"Automaton","floor":33,"turns":5},{"damage":0,"enemies":"Orb Walker","floor":35,"turns":3},{"damage":0,"enemies":"3 Darklings","floor":36,"turns":1},{"damage":0,"enemies":"Reptomancer","floor":41,"turns":2},{"damage":0,"enemies":"Nemesis","floor":45,"turns":3},{"damage":0,"enemies":"Maw","floor":47,"turns":6},{"damage":3,"enemies":"Sphere and 2 Shapes","floor":48,"turns":3},{"damage":14,"enemies":"Donu and Deca","floor":50,"turns":4},{"damage":56,"enemies":"Time Eater","floor":51,"turns":10}],"seed_played":"-6002491827081046743","potions_obtained":[{"floor":2.0,"key":"Explosive Potion"},{"floor":3.0,"key":"Regen Potion"},{"floor":13.0,"key":"SpeedPotion"},{"floor":16.0,"key":"Energy Potion"},{"floor":29,"key":"CultistPotion"},{"floor":31,"key":"Block Potion"},{"floor":35,"key":"Poison Potion"},{"floor":39,"key":"FairyPotion"}],"is_trial":false,"path_per_floor":["M","M","M","?","M","E","?","R","T","E","$","M","M","M","R","B",null,"M","?","M","T","M","R","E","$","T","R","$","M","$","?","R","B",null,"M","M","$","?","?","R","E","R","T","R","E","R","M","M","R","B","B"],"character_chosen":"THE_SILENT","items_purchased":["Underhanded Strike+1","Prepared","Ornamental Fan","Footwork","Reflex"],"campfire_rested":4,"item_purchase_floors":[11,11,25,30,37],"current_hp_per_floor":[57,54,53,33,45,9,9,28,28,13,13,12,12,12,31,1,50,44,44,44,44,23,42,41,41,41,41,41,24,24,24,43,24,56,56,56,56,44,44,44,44,44,44,44,44,44,44,41,41,27,0,0],"gold":199,"neow_bonus":"RANDOM_COMMON_RELIC","is_daily":false,"chose_seed":false,"campfire_upgraded":6,"win_rate":0.0,"timestamp":1609791152,"path_taken":["M","M","M","?","M","E","?","R","T","E","$","M","M","M","R","BOSS","M","?","?","?","M","R","E","$","T","R","$","M","$","?","R","BOSS","M","M","$","?","?","R","E","R","T","R","E","R","M","M","R","BOSS","BOSS"],"items_purchased_type":["Card","Card","Relic","Card","Card"],"build_version":"2020-12-22","purchased_purges":2,"victory":false,"max_hp_per_floor":[66,66,66,66,66,66,66,66,66,66,66,66,66,66,66,66,66,66,66,66,66,66,66,66,66,66,66,66,66,66,66,66,66,66,66,66,66,66,66,66,66,66,66,66,66,66,66,66,66,66,66,66],"card_choices":[{"not_picked":["Flechettes","Slice"],"picked":"Blade Dance","floor":1.0},{"not_picked":["Sucker Punch","Blade Dance"],"picked":"Flying Knee","floor":2.0},{"not_picked":["PiercingWail","Bane"],"picked":"Backstab","floor":3.0},{"not_picked":["Dagger Throw","Slice","Expertise"],"picked":"SKIP","floor":5.0},{"not_picked":["Storm of Steel","Deflect"],"picked":"Escape Plan","floor":6.0},{"not_picked":["Catalyst","Eviscerate+1","Bane+1"],"picked":"SKIP","floor":10.0},{"not_picked":["Well Laid Plans","Quick Slash+1"],"picked":"Acrobatics","floor":12.0},{"not_picked":["All Out Attack+1","Dagger Spray+1","Outmaneuver"],"picked":"SKIP","floor":13.0},{"not_picked":["Leg Sweep","Choke+1","Cloak And Dagger"],"picked":"SKIP","floor":14.0},{"not_picked":["Choke+1","Cloak And Dagger"],"picked":"Leg Sweep","floor":14.0},{"not_picked":["After Image","Bullet Time"],"picked":"Grand Finale+1","floor":16.0},{"not_picked":["Infinite Blades","Underhanded Strike+1"],"picked":"Dagger Throw+1","floor":18.0},{"not_picked":["Deflect","Noxious Fumes","Poisoned Stab+1"],"picked":"SKIP","floor":20},{"not_picked":["Prepared","Dagger Spray+1","Outmaneuver"],"picked":"SKIP","floor":22},{"not_picked":["Quick Slash+1","Unload+1"],"picked":"Acrobatics+1","floor":24},{"not_picked":["Deadly Poison","Sucker Punch+1","Endless Agony+1"],"picked":"SKIP","floor":29},{"not_picked":["Envenom","A Thousand Cuts"],"picked":"After Image","floor":33},{"not_picked":["Dodge and Roll","Poisoned Stab+1","Caltrops"],"picked":"SKIP","floor":35},{"not_picked":["Noxious Fumes","Catalyst"],"picked":"Concentrate","floor":36},{"not_picked":["Concentrate","PiercingWail","Accuracy+1"],"picked":"SKIP","floor":41},{"not_picked":["Setup","Venomology","Reflex"],"picked":"SKIP","floor":45},{"not_picked":["PiercingWail","Underhanded Strike+1","Dagger Spray+1"],"picked":"SKIP","floor":47},{"not_picked":["Prepared","Bane+1","Acrobatics"],"picked":"SKIP","floor":48}],"player_experience":890247,"relics_obtained":[{"floor":6.0,"key":"CeramicFish"},{"floor":9.0,"key":"Molten Egg 2"},{"floor":10.0,"key":"Incense Burner"},{"floor":21,"key":"Lantern"},{"floor":24,"key":"Juzu Bracelet"},{"floor":26,"key":"Letter Opener"},{"floor":31,"key":"Gambling Chip"},{"floor":31,"key":"Bottled Lightning"},{"floor":41,"key":"Boot"},{"floor":43,"key":"Centennial Puzzle"},{"floor":45,"key":"Bronze Scales"}],"event_choices":[{"damage_healed":0.0,"max_hp_gain":0.0,"max_hp_loss":0.0,"gold_gain":0.0,"event_name":"Shining Light","player_choice":"Entered Light","floor":4.0,"gold_loss":0.0,"damage_taken":20.0,"cards_upgraded":["Strike_G","Flying Knee"]},{"damage_healed":0.0,"max_hp_gain":0.0,"max_hp_loss":0.0,"gold_gain":0.0,"event_name":"FaceTrader","player_choice":"Trade","floor":7.0,"gold_loss":0.0,"damage_taken":0.0,"relics_obtained":["CultistMask"]},{"damage_healed":0.0,"max_hp_gain":0.0,"max_hp_loss":0.0,"gold_gain":0.0,"cards_transformed":["Night Terror"],"event_name":"Transmorgrifier","player_choice":"Transformed","floor":19.0,"gold_loss":0.0,"damage_taken":0.0,"cards_obtained":["Cloak And Dagger"]},{"damage_healed":0,"gold_gain":0,"player_choice":"Fight","damage_taken":0,"max_hp_gain":0,"max_hp_loss":0,"event_name":"Colosseum","floor":31,"gold_loss":0},{"damage_healed":0,"gold_gain":0,"player_choice":"Fled From Nobs","damage_taken":0,"max_hp_gain":0,"max_hp_loss":0,"event_name":"Colosseum","floor":31,"gold_loss":0},{"damage_healed":0,"gold_gain":0,"player_choice":"Fought Nobs","damage_taken":0,"max_hp_gain":0,"max_hp_loss":0,"event_name":"Colosseum","floor":31,"gold_loss":0},{"damage_healed":0,"gold_gain":0,"player_choice":"Embrace Madness","damage_taken":12,"max_hp_gain":0,"max_hp_loss":0,"event_name":"Winding Halls","floor":38,"gold_loss":0,"cards_obtained":["Madness","Madness"]},{"damage_healed":0,"gold_gain":0,"player_choice":"Bought 1 Potion","damage_taken":0,"max_hp_gain":0,"max_hp_loss":0,"event_name":"The Woman in Blue","floor":39,"gold_loss":0}],"is_beta":false,"boss_relics":[{"not_picked":["Astrolabe","WristBlade"],"picked":"Pandora\u0027s Box"},{"not_picked":["SlaversCollar","Snecko Eye"],"picked":"Ring of the Serpent"}],"items_purged_floors":[11,37],"is_endless":false,"potions_floor_spawned":[2,3,13,16,18,22,29,31,35,48],"killed_by":"Time Eater","ascension_level":20}}