{"host":"28p8ce41sjwa6lzf","time":1609789246,"event":{"mods":["BaseMod","Colored Map","Colored Powertips","Highlight Path","Minty Spire (QoL Compilation)","Permanent Neow","Quick Restart","Random Character Button","Rare Cards Sparkle","Relic Stats","StSLib","Unceasing Turn Reminder"],"gold_per_floor":[20,20,70,80,5,40,40,40,40,58,86,86,115,126,126,201,201,175,175,175,175,186,186,186,186,240,240,240,266,286,311,311,388,438,456,476,476,476],"floor_reached":37,"playtime":5081,"items_purged":[],"score":876,"play_id":"6cf4e836-a090-430f-8f47-97b541445974","local_time":"20210104134046","is_ascension_mode":true,"campfire_choices":[{"data":"Self Repair","floor":7.0,"key":"SMITH"},{"data":"Coolheaded","floor":12.0,"key":"SMITH"},{"data":"Hologram","floor":15.0,"key":"SMITH"},{"data":"Zap","floor":23.0,"key":"SMITH"},{"data":"Recycle","floor":25.0,"key":"SMITH"},{"floor":28.0,"key":"REST"},{"floor":32.0,"key":"REST"}],"circlet_count":0,"master_deck":["AscendersBane","Defend_B","Defend_B","Defend_B","Zap+1","Dualcast","Ball Lightning","Self Repair+1","Recycle+1","Coolheaded+1","Loop","Hologram+1","Amplify+1","Leap+1","Machine Learning","Defragment"],"relics":["Cracked Core","Symbiotic Virus","Potion Belt","StrikeDummy","Odd Mushroom","Busted Crown","Nilry\u0027s Codex","DataDisk","Lantern","Sundial","Tiny House"],"acts_visited":["Exordium","TheCity","TheBeyond"],"potions_floor_usage":[37,37,37],"damage_taken":[{"damage":4.0,"enemies":"Small Slimes","floor":1.0,"turns":3.0},{"damage":2.0,"enemies":"Jaw Worm","floor":4.0,"turns":3.0},{"damage":44.0,"enemies":"Gremlin Nob","floor":6.0,"turns":4.0},{"damage":0.0,"enemies":"Cultist","floor":10.0,"turns":2.0},{"damage":18.0,"enemies":"Lagavulin","floor":11.0,"turns":7.0},{"damage":12.0,"enemies":"The Mushroom Lair","floor":13.0,"turns":4.0},{"damage":9.0,"enemies":"Blue Slaver","floor":14.0,"turns":4.0},{"damage":11.0,"enemies":"Hexaghost","floor":16.0,"turns":7.0},{"damage":21.0,"enemies":"2 Thieves","floor":18.0,"turns":4.0},{"damage":7.0,"enemies":"Chosen","floor":22.0,"turns":5.0},{"damage":28.0,"enemies":"Book of Stabbing","floor":29.0,"turns":3.0},{"damage":15.0,"enemies":"Centurion and Healer","floor":30.0,"turns":5.0},{"damage":38.0,"enemies":"Gremlin Leader","floor":31.0,"turns":6.0},{"damage":15.0,"enemies":"Automaton","floor":33.0,"turns":12.0},{"damage":57.0,"enemies":"3 Darklings","floor":35.0,"turns":5.0},{"damage":34.0,"enemies":"Orb Walker","floor":36.0,"turns":4.0},{"damage":18,"enemies":"Sphere and 2 Shapes","floor":37,"turns":3}],"seed_played":"-7631243968495382206","potions_obtained":[{"floor":1.0,"key":"PotionOfCapacity"},{"floor":10.0,"key":"FocusPotion"},{"floor":11.0,"key":"DistilledChaos"},{"floor":14.0,"key":"SteroidPotion"},{"floor":22.0,"key":"ColorlessPotion"},{"floor":29.0,"key":"Block Potion"},{"floor":34.0,"key":"DuplicationPotion"},{"floor":36.0,"key":"Ancient Potion"}],"is_trial":false,"path_per_floor":["M","?","?","M","?","E","R","$","T","M","E","R","?","M","R","B",null,"M","?","?","?","M","R","?","R","T","?","R","E","M","E","R","B",null,"M","M","M"],"character_chosen":"DEFECT","items_purchased":[],"campfire_rested":2,"item_purchase_floors":[],"current_hp_per_floor":[60,60,60,58,58,21,21,21,21,31,23,23,21,22,22,21,59,58,37,17,17,30,30,30,30,30,30,52,44,49,21,43,38,72,35,11,0,0],"gold":476,"neow_bonus":"REMOVE_TWO","is_daily":false,"chose_seed":false,"campfire_upgraded":5,"win_rate":0.0,"timestamp":1609789246,"path_taken":["M","?","?","?","?","E","R","$","T","M","E","R","?","M","R","BOSS","M","?","?","?","M","R","?","R","T","?","R","E","M","E","R","BOSS","M","M","M"],"items_purchased_type":[],"build_version":"2020-12-22","purchased_purges":0,"victory":false,"max_hp_per_floor":[71,71,71,71,71,71,71,71,71,71,71,71,71,71,71,71,71,71,71,76,76,76,76,76,76,76,76,76,76,76,76,76,76,81,81,81,81,81],"relic_stats":{"Busted Crown":18,"counters":[17,81],"Sundial":[38],"obtain_stats":[{"Potion Belt":9,"DataDisk":26,"Lantern":29,"Busted Crown":17,"Tiny House":34,"Nilry\u0027s Codex":19,"Sundial":31,"Odd Mushroom":13,"Cracked Core":0,"Symbiotic Virus":6,"StrikeDummy":11},{"Potion Belt":3,"DataDisk":10,"Lantern":11,"Busted Crown":8,"Tiny House":14,"Nilry\u0027s Codex":9,"Sundial":13,"Odd Mushroom":6,"Cracked Core":0,"Symbiotic Virus":3,"StrikeDummy":5},{"Potion Belt":10,"DataDisk":43,"Lantern":46,"Busted Crown":34,"Tiny House":69,"Nilry\u0027s Codex":38,"Sundial":57,"Odd Mushroom":23,"Cracked Core":0,"Symbiotic Virus":10,"StrikeDummy":19}]},"card_choices":[{"not_picked":["Lockon","Leap"],"picked":"Ball Lightning","floor":1.0},{"not_picked":["Aggregate","Conserve Battery"],"picked":"Self Repair","floor":4.0},{"not_picked":["Consume","Scrape"],"picked":"Recycle","floor":6.0},{"not_picked":["Stack","Chill"],"picked":"Coolheaded","floor":10.0},{"not_picked":["Ball Lightning","Reprogram"],"picked":"Loop","floor":11.0},{"not_picked":["Rainbow","Chill"],"picked":"Hologram","floor":13.0},{"not_picked":["Turbo","BootSequence","Consume"],"picked":"SKIP","floor":14.0},{"not_picked":["Electrodynamics","Multi-Cast"],"picked":"Amplify","floor":16.0},{"not_picked":["Rip and Tear+1"],"picked":"SKIP","floor":18.0},{"not_picked":["Sweeping Beam"],"picked":"SKIP","floor":22.0},{"not_picked":["Reprogram"],"picked":"SKIP","floor":29.0},{"not_picked":[],"picked":"Leap+1","floor":30.0},{"not_picked":["Undo"],"picked":"SKIP","floor":31.0},{"not_picked":[],"picked":"Machine Learning","floor":33.0},{"not_picked":[],"picked":"Defragment","floor":34.0},{"not_picked":["Loop"],"picked":"SKIP","floor":35.0},{"not_picked":["Steam"],"picked":"SKIP","floor":36.0}],"player_experience":1069294,"relics_obtained":[{"floor":6.0,"key":"Symbiotic Virus"},{"floor":9.0,"key":"Potion Belt"},{"floor":11.0,"key":"StrikeDummy"},{"floor":13.0,"key":"Odd Mushroom"},{"floor":19.0,"key":"Nilry\u0027s Codex"},{"floor":26.0,"key":"DataDisk"},{"floor":29.0,"key":"Lantern"},{"floor":31.0,"key":"Sundial"}],"event_choices":[{"damage_healed":0.0,"max_hp_gain":0.0,"max_hp_loss":0.0,"gold_gain":0.0,"event_name":"Golden Idol","player_choice":"Ignored","floor":2.0,"gold_loss":0.0,"damage_taken":0.0},{"damage_healed":0.0,"max_hp_gain":0.0,"max_hp_loss":0.0,"gold_gain":50.0,"event_name":"Golden Shrine","player_choice":"Pray","floor":3.0,"gold_loss":0.0,"damage_taken":0.0},{"cards_removed":["Strike_B"],"damage_healed":0.0,"max_hp_gain":0.0,"max_hp_loss":0.0,"gold_gain":0.0,"event_name":"The Cleric","player_choice":"Card Removal","floor":5.0,"gold_loss":75.0,"damage_taken":0.0},{"damage_healed":0.0,"max_hp_gain":0.0,"max_hp_loss":0.0,"gold_gain":0.0,"event_name":"Mushrooms","player_choice":"Fought Mushrooms","floor":13.0,"gold_loss":0.0,"damage_taken":0.0},{"damage_healed":0.0,"max_hp_gain":0.0,"max_hp_loss":0.0,"gold_gain":0.0,"event_name":"Cursed Tome","player_choice":"Obtained Book","floor":19.0,"gold_loss":0.0,"damage_taken":21.0},{"damage_healed":0.0,"max_hp_gain":5.0,"max_hp_loss":0.0,"gold_gain":0.0,"event_name":"Forgotten Altar","player_choice":"Shed Blood","floor":20.0,"gold_loss":0.0,"damage_taken":25.0},{"cards_removed":["Strike_B"],"damage_healed":0.0,"max_hp_gain":0.0,"max_hp_loss":0.0,"gold_gain":0.0,"event_name":"Back to Basics","player_choice":"Elegance","floor":21.0,"gold_loss":0.0,"damage_taken":0.0},{"damage_healed":0.0,"max_hp_gain":0.0,"max_hp_loss":0.0,"gold_gain":0.0,"event_name":"Vampires","player_choice":"Ignored","floor":24.0,"gold_loss":0.0,"damage_taken":0.0},{"cards_removed":["Strike_B"],"damage_healed":0.0,"max_hp_gain":0.0,"max_hp_loss":0.0,"gold_gain":0.0,"event_name":"Bonfire Elementals","player_choice":"Offered Basic","floor":27.0,"gold_loss":0.0,"damage_taken":0.0}],"is_beta":false,"boss_relics":[{"not_picked":["Runic Dome","Ectoplasm"],"picked":"Busted Crown"},{"not_picked":["Snecko Eye","Sozu"],"picked":"Tiny House"}],"items_purged_floors":[],"is_endless":false,"potions_floor_spawned":[1,10,11,14,22,29,36],"killed_by":"Sphere and 2 Shapes","ascension_level":20}}