{"host":"zjxcc3u4aqpoowwq","time":1609793171,"event":{"mods":["100% Spire Juice","2.2 Compatiblity","AchievementEnabler","BaseMod","Better Third Choice","CapriCore","Colored Map","Keyboard Shortcuts","Minty Spire (QoL Compilation)","StSLib"],"gold_per_floor":[116,116,126,61,75,91,103,129,129,129,28,56,56,67,67,171,51,67,67,67,67,84,110,130,130,130,130,130],"floor_reached":27,"playtime":1454,"items_purged":[],"score":235,"play_id":"e0bca6c3-31af-420e-a16f-9b152a2ed7f0","local_time":"20210105054611","is_ascension_mode":false,"campfire_choices":[{"data":"Moonworks:BigBangBell","floor":10,"key":"SMITH"},{"floor":15,"key":"REST"},{"floor":25,"key":"REST"}],"circlet_count":0,"master_deck":["Moonworks:Strike+1","Moonworks:Strike","Moonworks:Strike","Moonworks:Strike","Moonworks:Defend","Moonworks:Defend","Moonworks:Defend","Moonworks:Defend+1","Moonworks:Ambush","Moonworks:LongDistanceShot","Moonworks:IntelligenceOfficer","Moonworks:StiffCrystal","Doubt","Moonworks:RedAndBlue","Moonworks:BigBangBell+1","Moonworks:ReflectiveShell","Moonworks:AngelHand","Moonworks:MiracleRedBeanIceCream","Moonworks:OutOfAmmo","Moonworks:BackdoorTrade","Writhe","Moonworks:Dash+1","Moonworks:UnpaidWork+1","Moonworks:MeltingMemories"],"relics":["Moonworks:BrokenBomb","Moonworks:Homemark","NeowsBlessing","Odd Mushroom","Lantern","Vajra","Sozu","Toxic Egg 2","Darkstone Periapt","Strawberry"],"acts_visited":["Exordium","TheCity"],"potions_floor_usage":[12,18,23,24],"damage_taken":[{"damage":0.0,"enemies":"Jaw Worm","floor":1.0,"turns":1.0},{"damage":0,"enemies":"Small Slimes","floor":3,"turns":1},{"damage":0,"enemies":"2 Louse","floor":5,"turns":2},{"damage":8,"enemies":"Large Slime","floor":6,"turns":7},{"damage":0,"enemies":"Looter","floor":7,"turns":3},{"damage":9,"enemies":"The Mushroom Lair","floor":8,"turns":4},{"damage":0,"enemies":"3 Louse","floor":11,"turns":2},{"damage":18,"enemies":"Lagavulin","floor":12,"turns":6},{"damage":0,"enemies":"Large Slime","floor":14,"turns":3},{"damage":22,"enemies":"The Guardian","floor":16,"turns":9},{"damage":8,"enemies":"3 Byrds","floor":18,"turns":5},{"damage":3,"enemies":"Chosen","floor":22,"turns":5},{"damage":44,"enemies":"Gremlin Leader","floor":23,"turns":7},{"damage":1,"enemies":"Snake Plant","floor":24,"turns":4},{"damage":46,"enemies":"3 Cultists","floor":27,"turns":6}],"seed_played":"-5029385659032849631","potions_obtained":[{"floor":1.0,"key":"PowerPotion"},{"floor":7,"key":"BlessingOfTheForge"},{"floor":8,"key":"DistilledChaos"},{"floor":16,"key":"EssenceOfSteel"}],"is_trial":false,"path_per_floor":["M","?","M","?","M","M","M","?","T","R","M","E","$","M","R","B",null,"M","?","$","?","M","E","M","R","T","M"],"character_chosen":"THE_STARBREAKER","items_purchased":[],"campfire_rested":2,"item_purchase_floors":[],"current_hp_per_floor":[60,48,48,48,48,40,40,31,31,31,31,13,13,13,31,9,60,52,52,52,52,49,5,4,22,29,0,0],"gold":130,"neow_bonus":"THREE_ENEMY_KILL","is_daily":false,"chose_seed":false,"campfire_upgraded":1,"win_rate":0.0,"timestamp":1609793171,"path_taken":["M","?","M","?","?","M","M","?","T","R","M","E","$","M","R","BOSS","M","?","$","?","M","E","M","R","T","M"],"items_purchased_type":[],"build_version":"2020-12-22","purchased_purges":0,"victory":false,"max_hp_per_floor":[60,60,60,60,60,60,60,60,60,60,60,60,60,60,60,60,60,60,60,60,60,60,60,60,60,67,67,67],"card_choices":[{"not_picked":["Moonworks:Dash","Moonworks:NicePresent"],"picked":"Moonworks:IntelligenceOfficer","floor":1.0},{"not_picked":["Moonworks:IntelligenceOfficer","Moonworks:IndiscriminateFireSupport"],"picked":"Moonworks:StiffCrystal","floor":3},{"not_picked":["Moonworks:NicePresent","Moonworks:SakisCookie","Moonworks:IndiscriminateFireSupport"],"picked":"SKIP","floor":5},{"not_picked":["Moonworks:NicePresent","Moonworks:SakisCookie"],"picked":"Moonworks:RedAndBlue","floor":6},{"not_picked":["Moonworks:RedAndBlue","Moonworks:ReproductionOfRecords"],"picked":"Moonworks:BigBangBell","floor":7},{"not_picked":["Moonworks:Assault","Moonworks:NicePresent"],"picked":"Moonworks:ReflectiveShell","floor":8},{"not_picked":["Moonworks:CloudOfSeagulls","Moonworks:NicePresent"],"picked":"Moonworks:AngelHand","floor":11},{"not_picked":["Moonworks:Assault","Moonworks:IndiscriminateFireSupport","Moonworks:DeployBits"],"picked":"SKIP","floor":12},{"not_picked":["Moonworks:LulusLuckyEgg","Moonworks:BigMagnum"],"picked":"Moonworks:MiracleRedBeanIceCream","floor":14},{"not_picked":["Moonworks:Blazing","Moonworks:ReflectiveShell"],"picked":"Moonworks:OutOfAmmo","floor":16},{"not_picked":["Moonworks:BigMagnum+1","Moonworks:JonathanRush+1"],"picked":"Moonworks:BackdoorTrade","floor":18},{"not_picked":["Moonworks:LulusLuckyEgg+1","Moonworks:BindingChains+1"],"picked":"Moonworks:Dash+1","floor":22},{"not_picked":["Moonworks:NicePresent+1","Moonworks:DeployBits+1"],"picked":"Moonworks:UnpaidWork+1","floor":23},{"not_picked":["Moonworks:RedAndBlue+1","Moonworks:CloudOfSeagulls"],"picked":"Moonworks:MeltingMemories","floor":24}],"player_experience":812155,"relics_obtained":[{"floor":8,"key":"Odd Mushroom"},{"floor":9,"key":"Lantern"},{"floor":12,"key":"Vajra"},{"floor":23,"key":"Darkstone Periapt"},{"floor":26,"key":"Strawberry"}],"event_choices":[{"damage_healed":60,"gold_gain":0,"player_choice":"Upgrade","damage_taken":12,"max_hp_gain":0,"max_hp_loss":60,"event_name":"betterThird:BetterShining","floor":2,"gold_loss":0,"cards_upgraded":["Moonworks:Defend","Moonworks:Strike"]},{"damage_healed":0,"gold_gain":175,"player_choice":"AGREE","damage_taken":126,"max_hp_gain":0,"max_hp_loss":0,"event_name":"betterThird:BetterSerpent","floor":4,"gold_loss":0},{"damage_healed":0,"gold_gain":0,"player_choice":"Fought Mushrooms","damage_taken":0,"max_hp_gain":0,"max_hp_loss":0,"event_name":"Mushrooms","floor":8,"gold_loss":0},{"damage_healed":0,"gold_gain":0,"player_choice":"Opened","damage_taken":0,"relics_obtained":["Toxic Egg 2"],"max_hp_gain":0,"max_hp_loss":0,"event_name":"The Mausoleum","floor":21,"gold_loss":0,"cards_obtained":["Writhe"]}],"is_beta":false,"boss_relics":[{"not_picked":["Velvet Choker","Black Star"],"picked":"Sozu"}],"items_purged_floors":[],"is_endless":false,"potions_floor_spawned":[1,7,8,11,16],"killed_by":"3 Cultists","ascension_level":0}}