{"host":"40f49r155zsx8eqk","time":1609722924,"event":{"mods":["AchievementEnabler","Aspiration","BaseMod","Curses Come First","Dota2Spire","Evolution","Googly Eyes","Minty Spire (QoL Compilation)","Relic Sorter","Replay The Spire","StSLib","The Gatherer"],"gold_per_floor":[18,18,79,79,91,117,117,42,42,117,131,131,189,216,216,320,320,333,258,258,268,33,33,33],"floor_reached":23,"playtime":1213,"items_purged":["Regret","Sickly"],"score":261,"play_id":"67fcf1fb-803a-438a-8489-ea0ae8892cdb","local_time":"20210104041524","is_ascension_mode":true,"campfire_choices":[{"floor":7,"key":"DIG"},{"floor":12,"key":"REST"},{"floor":15,"key":"REST"}],"circlet_count":0,"master_deck":["Strike_P","Strike_P","Strike_P","Defend_P","Defend_P","Defend_P","Eruption","Vigilance","LikeWater","Hallucinations","Nirvana","JustLucky","JustLucky","WreathOfFlame","PathToVictory","PathToVictory","Replay:AtTheReady","DeceiveReality","Alpha","Clumsy","Doubt","Alpha","Crow Ritual+1","JustLucky","Blind"],"relics":["PureWater","EVO:Axolotl","Replay:Multitool","Ring of Fury","ReplayTheSpireMod:Ring of Challenge","Orichalcum","Replay:PocketPolymizer","Dota2Spire:CrimsonGuard","Ornamental Fan","Replay:Ancient Bell","Nunchaku","Frozen Egg 2","Ginger","BargainBundle"],"acts_visited":["Exordium","TheCity"],"potions_floor_usage":[16,16,23],"damage_taken":[{"damage":13,"enemies":"Jaw Worm","floor":1,"turns":4},{"damage":0,"enemies":"2 Louse","floor":3,"turns":2},{"damage":0,"enemies":"Cultist","floor":5,"turns":3},{"damage":29,"enemies":"Lagavulin","floor":6,"turns":10},{"damage":6,"enemies":"Blue Slaver","floor":11,"turns":4},{"damage":0,"enemies":"Looter","floor":13,"turns":4},{"damage":1,"enemies":"Replay:BlueRogue","floor":14,"turns":5},{"damage":0,"enemies":"Hexaghost","floor":16,"turns":10},{"damage":20,"enemies":"3 Byrds","floor":18,"turns":5},{"damage":35,"enemies":"2 Thieves","floor":19,"turns":5},{"damage":6,"enemies":"Centurion and Healer","floor":21,"turns":5},{"damage":71,"enemies":"Slavers","floor":23,"turns":5}],"seed_played":"2886638712043480409","potions_obtained":[{"floor":1,"key":"Languid Potion"},{"floor":6,"key":"LiquidBronze"},{"floor":16,"key":"SpeedPotion"},{"floor":18,"key":"SmokeBomb"}],"is_trial":false,"path_per_floor":["M","?","M","?","M","E","R","$","T","?","M","R","M","E","R","B",null,"M","M","?","M","$","E"],"character_chosen":"WATCHER","items_purchased":["BargainBundle","EssenceOfSteel","Crow Ritual+1","JustLucky","Blind","Elixir"],"campfire_rested":2,"item_purchase_floors":[22,22,22,22,22,22],"current_hp_per_floor":[59,59,59,59,59,30,30,30,30,19,13,34,34,33,54,54,72,52,17,72,66,66,0,0],"gold":33,"neow_bonus":"ONE_RARE_RELIC","is_daily":false,"chose_seed":false,"campfire_upgraded":0,"win_rate":0.0,"timestamp":1609722924,"path_taken":["M","?","M","?","M","E","R","?","T","?","?","R","M","E","R","BOSS","M","M","?","?","$","E"],"items_purchased_type":["Relic","Potion","Card","Card","Card","Potion"],"build_version":"2020-12-22","purchased_purges":2,"victory":false,"max_hp_per_floor":[72,72,72,72,72,72,72,72,72,72,72,72,72,72,72,72,72,72,72,72,72,72,72,72],"card_choices":[{"not_picked":["Protect","Indignation"],"picked":"LikeWater","floor":1},{"not_picked":["Halt","Crescendo"],"picked":"Nirvana","floor":3},{"not_picked":["ThirdEye","Crescendo"],"picked":"JustLucky","floor":5},{"not_picked":["Halt","Evaluate"],"picked":"JustLucky","floor":6},{"not_picked":["Crescendo","JustLucky"],"picked":"PathToVictory","floor":11},{"not_picked":["BowlingBash","CarveReality"],"picked":"PathToVictory","floor":13},{"not_picked":["Worship","Evaluate"],"picked":"Replay:AtTheReady","floor":14},{"not_picked":["Vault","Establishment"],"picked":"Alpha","floor":16},{"not_picked":["Looming Evil","Languid"],"picked":"Clumsy","floor":17},{"not_picked":["CurseOfTheBell","Spreading Infection"],"picked":"Sickly","floor":17},{"not_picked":["ReplayTheSpireMod:Doomed","Languid"],"picked":"Doubt","floor":17},{"not_picked":["BowlingBash","Adaptation+1","Protect"],"picked":"SKIP","floor":18},{"not_picked":["DeceiveReality","FollowUp","Replay:Anticipation"],"picked":"SKIP","floor":19},{"not_picked":["Vengeance","Pray"],"picked":"Alpha","floor":21}],"player_experience":137694,"relics_obtained":[{"floor":2,"key":"Ring of Fury"},{"floor":2,"key":"ReplayTheSpireMod:Ring of Challenge"},{"floor":6,"key":"Replay:PocketPolymizer"},{"floor":7,"key":"Dota2Spire:CrimsonGuard"},{"floor":14,"key":"Ornamental Fan"}],"event_choices":[{"damage_healed":0,"gold_gain":0,"player_choice":"Box","damage_taken":0,"relics_obtained":["Orichalcum"],"max_hp_gain":0,"max_hp_loss":0,"event_name":"Big Fish","floor":4,"gold_loss":0,"cards_obtained":["Regret"]},{"damage_healed":0,"gold_gain":75,"player_choice":"Gather Gold","damage_taken":11,"max_hp_gain":0,"max_hp_loss":0,"event_name":"World of Goop","floor":10,"gold_loss":0},{"damage_healed":55,"gold_gain":0,"player_choice":"Full Heal","damage_taken":0,"max_hp_gain":0,"max_hp_loss":0,"event_name":"Wheel of Change","floor":20,"gold_loss":0}],"is_beta":false,"boss_relics":[{"not_picked":["aspiration:SecretTechniqueScroll","Snecko Eye"],"picked":"Replay:Ancient Bell"},{"not_picked":["Replay:Mystery Machine","MawBank"],"picked":"Nunchaku"},{"not_picked":["InkBottle","Shuriken"],"picked":"Frozen Egg 2"},{"not_picked":["Girya","Lizard Tail"],"picked":"Ginger"}],"items_purged_floors":[8,22],"is_endless":false,"potions_floor_spawned":[1,6,16,18],"killed_by":"Slavers","ascension_level":1}}