{"host":"jtvcyvppbdbwzd00","time":1609766116,"event":{"mods":["BaseMod","Lobotomy","LobotomyExtend","Minty Spire (QoL Compilation)"],"gold_per_floor":[114,132,132,132,109,109,127,127,151,151,168,188,188,198,198,219,219,219,146,146,146,148,148,148,78,78,78,19,32,32,18,18,120,120,138,138,138,138,138,138,87,87,112,138,150,212,224,236,248,260,144],"floor_reached":52,"playtime":3635,"items_purged":[],"score":791,"play_id":"d25a702e-4cfc-4dcd-a7c9-b0820d65fd07","local_time":"20210104211516","is_ascension_mode":false,"campfire_choices":[],"circlet_count":0,"master_deck":["SpecialBullet","SpecialBullet","SpecialBullet","SpecialBullet","SpecialBullet","SpecialBullet","InformationCode","SecurityCode","DisciplinaryCode","BeautyBeast","GreenStem+1","MeatLantern","ShedSkin+1","VoidDream","Horn","Freischutz","Ecstasy","ShyLook","Lamp+2","SpiderBud","RapturousDream","CherryBlossoms","Adoration","LifeForTheDareDevil","Bloodbath","Ecstasy","Amita","TrainingCode","BigBird","Soda+1","SolemnVow+1","SpecialBullet","LongBird","Moonlight+1","BigBadWolf","RapturousDream","CENSORED_ego","Wellcheers","BloodyDesire+1","RedEyes","ControlCode","SingingMachine","Ecstasy","Secret Weapon","SpecialBullet","SpecialBullet","SpecialBullet","SpecialBullet","SpecialBullet","CENSORED","BearPaw","TT2Protocol"],"relics":["CogitoBucket","RabbitCall","LetterFromLob","Blood Vial","Theresia","SacredBark","Nloth\u0027s Gift","Molten Egg 2","Sozu","Omamori","MawBank","TungstenRod"],"acts_visited":["Exordium","TheCity","TheBeyond"],"potions_floor_usage":[52],"damage_taken":[{"damage":5.0,"enemies":"2 Louse","floor":1.0,"turns":2.0},{"damage":6.0,"enemies":"Cultist","floor":2.0,"turns":3.0},{"damage":6.0,"enemies":"Jaw Worm","floor":7.0,"turns":2.0},{"damage":0.0,"enemies":"Exordium Thugs","floor":11.0,"turns":7.0},{"damage":0.0,"enemies":"2 Fungi Beasts","floor":12.0,"turns":4.0},{"damage":42.0,"enemies":"Exordium Wildlife","floor":14.0,"turns":11.0},{"damage":0.0,"enemies":"Hexaghost","floor":16.0,"turns":9.0},{"damage":18.0,"enemies":"2 Thieves","floor":22.0,"turns":3.0},{"damage":16.0,"enemies":"Chosen","floor":24.0,"turns":5.0},{"damage":0.0,"enemies":"Centurion and Healer","floor":25.0,"turns":7.0},{"damage":43.0,"enemies":"Sentry and Sphere","floor":28.0,"turns":14.0},{"damage":41.0,"enemies":"Shelled Parasite and Fungi","floor":29.0,"turns":10.0},{"damage":13.0,"enemies":"Cultist and Chosen","floor":31.0,"turns":6.0},{"damage":14.0,"enemies":"Champ","floor":33.0,"turns":11.0},{"damage":7.0,"enemies":"3 Darklings","floor":35.0,"turns":4.0},{"damage":68.0,"enemies":"Giant Head","floor":44.0,"turns":13.0},{"damage":33.0,"enemies":"Mind Bloom Boss Battle","floor":46.0,"turns":5.0},{"damage":47.0,"enemies":"Donu and Deca","floor":50.0,"turns":9.0},{"damage":40.0,"enemies":"Malkuth","floor":51.0,"turns":9.0},{"damage":127.0,"enemies":"Hod","floor":51.0,"turns":23.0}],"seed_played":"-3198353779839774969","potions_obtained":[{"floor":1.0,"key":"BlessingOfTheForge"},{"floor":2.0,"key":"SteroidPotion"},{"floor":7.0,"key":"GamblersBrew"},{"floor":16.0,"key":"EssenceOfSteel"},{"floor":29.0,"key":"DistilledChaos"},{"floor":31.0,"key":"BlessingOfTheForge"},{"floor":33.0,"key":"DuplicationPotion"}],"is_trial":false,"path_per_floor":["M","M","?","?","$","R","M","R","T","R","M","M","R","M","R","B",null,"M","$","?","?","M","R","M","M","T","?","M","M","R","M","R","B",null,"M","$","?","?","$","R","$","R","T","E","?","?","?","?","R","B",null,null,null],"character_chosen":"Angela","items_purchased":["RapturousDream","LifeForTheDareDevil","RedEyes"],"campfire_rested":0,"item_purchase_floors":[5,19,41],"current_hp_per_floor":[70,70,56,56,56,56,58,58,58,58,72,78,78,48,48,66,86,86,86,69,69,57,57,68,99,99,99,79,94,94,107,107,111,111,115,115,115,115,115,115,115,115,115,99,99,96,123,123,123,123,123],"gold":156,"neow_bonus":"RANDOM_COMMON_RELIC","is_daily":false,"chose_seed":false,"campfire_upgraded":0,"win_rate":0.0,"timestamp":1609766116,"path_taken":["M","M","?","?","$","R","M","R","T","R","M","M","R","M","R","BOSS","M","?","?","?","M","R","M","?","T","?","M","M","R","M","R","BOSS","M","$","?","?","$","R","?","R","T","E","?","?","?","?","R","BOSS"],"items_purchased_type":["Card","Card","Card"],"build_version":"2020-12-22","purchased_purges":0,"victory":true,"max_hp_per_floor":[70,70,70,70,70,70,70,70,70,70,74,78,78,82,82,86,86,86,86,91,91,95,95,95,99,99,99,99,103,103,107,107,111,111,115,115,115,115,115,115,115,115,115,119,119,123,123,123,123,123,123],"card_choices":[{"not_picked":["PunishingBird","WallGazer"],"picked":"BeautyBeast","floor":1.0},{"not_picked":["RapturousDream"],"picked":"GreenStem","floor":1.0},{"not_picked":["Murderer","WallGazer"],"picked":"MeatLantern","floor":2.0},{"not_picked":["Tough"],"picked":"ShedSkin","floor":2.0},{"not_picked":["FairyFestival","Alriune"],"picked":"VoidDream","floor":7.0},{"not_picked":["CUTE"],"picked":"Horn","floor":7.0},{"not_picked":["WallGazer","SingingMachine"],"picked":"Freischutz","floor":11.0},{"not_picked":["Amita"],"picked":"Ecstasy","floor":11.0},{"not_picked":["SingingMachine","Rudolta"],"picked":"ShyLook","floor":12.0},{"not_picked":["Harmony"],"picked":"Lamp","floor":12.0},{"not_picked":["RedShoes","WallGazer"],"picked":"SpiderBud","floor":14.0},{"not_picked":["FourthMatchFlame"],"picked":"RapturousDream","floor":14.0},{"not_picked":["Alriune","WallGazer"],"picked":"CherryBlossoms","floor":16.0},{"not_picked":["Pinks"],"picked":"Adoration","floor":16.0},{"not_picked":["Scarecrow","PunishingBird"],"picked":"Bloodbath","floor":22.0},{"not_picked":["Tough"],"picked":"Ecstasy","floor":22.0},{"not_picked":["LifeForTheDareDevil"],"picked":"Amita","floor":24.0},{"not_picked":["Murderer","WhiteNight"],"picked":"BigBird","floor":25.0},{"not_picked":["Laetitia_ego"],"picked":"Soda+1","floor":25.0},{"not_picked":["MagicBullet+1"],"picked":"SolemnVow+1","floor":28.0},{"not_picked":["Variant","Funeral"],"picked":"LongBird","floor":29.0},{"not_picked":["DaCapo"],"picked":"Moonlight+1","floor":29.0},{"not_picked":["Variant","Porccubus"],"picked":"BigBadWolf","floor":31.0},{"not_picked":["Beak+1"],"picked":"RapturousDream","floor":31.0},{"not_picked":["GalaxyChild","HeroicMonk"],"picked":"MeltingLove","floor":33.0},{"not_picked":["Adoration"],"picked":"CENSORED_ego","floor":33.0},{"not_picked":["Alriune","LaLuna"],"picked":"Wellcheers","floor":35.0},{"not_picked":["ShedSkin+1"],"picked":"BloodyDesire+1","floor":35.0},{"not_picked":["CENSORED","GalaxyChild"],"picked":"SingingMachine","floor":44.0},{"not_picked":["Beak+1"],"picked":"Ecstasy","floor":44.0},{"not_picked":["PanicButton"],"picked":"Secret Weapon","floor":45.0},{"not_picked":["BlueStar","NothingThere"],"picked":"CENSORED","floor":46.0},{"not_picked":["FourthMatchFlame+1"],"picked":"BearPaw","floor":46.0}],"player_experience":81660,"relics_obtained":[{"floor":1.0,"key":"LetterFromLob"},{"floor":9.0,"key":"Blood Vial"},{"floor":26.0,"key":"Molten Egg 2"},{"floor":43.0,"key":"Omamori"},{"floor":44.0,"key":"MawBank"},{"floor":46.0,"key":"TungstenRod"}],"event_choices":[{"damage_healed":0.0,"max_hp_gain":0.0,"max_hp_loss":0.0,"gold_gain":0.0,"event_name":"Shining Light","player_choice":"Entered Light","floor":3.0,"gold_loss":0.0,"damage_taken":14.0,"cards_upgraded":["ShedSkin","GreenStem"]},{"damage_healed":0.0,"max_hp_gain":0.0,"max_hp_loss":0.0,"gold_gain":0.0,"event_name":"Upgrade Shrine","player_choice":"Ignored","floor":4.0,"gold_loss":0.0,"damage_taken":0.0},{"damage_healed":0.0,"max_hp_gain":5.0,"max_hp_loss":0.0,"gold_gain":0.0,"event_name":"Forgotten Altar","player_choice":"Shed Blood","floor":20.0,"gold_loss":0.0,"damage_taken":22.0},{"damage_healed":0.0,"max_hp_gain":0.0,"max_hp_loss":0.0,"gold_gain":0.0,"event_name":"N\u0027loth","player_choice":"Traded Relic","floor":21.0,"relics_lost":["Juzu Bracelet"],"gold_loss":0.0,"damage_taken":0.0,"relics_obtained":["Nloth\u0027s Gift"]},{"damage_healed":0.0,"max_hp_gain":0.0,"max_hp_loss":0.0,"gold_gain":0.0,"event_name":"Vampires","player_choice":"Ignored","floor":27.0,"gold_loss":0.0,"damage_taken":0.0},{"cards_removed":["MeltingLove"],"damage_healed":0.0,"max_hp_gain":0.0,"max_hp_loss":0.0,"gold_gain":0.0,"event_name":"Falling","player_choice":"Removed Skill","floor":37.0,"gold_loss":0.0,"damage_taken":0.0},{"damage_healed":0.0,"max_hp_gain":0.0,"max_hp_loss":0.0,"gold_gain":0.0,"event_name":"Tomb of Lord Red Mask","player_choice":"Ignored","floor":38.0,"gold_loss":0.0,"damage_taken":0.0},{"damage_healed":0.0,"max_hp_gain":0.0,"max_hp_loss":0.0,"gold_gain":0.0,"event_name":"SensoryStone","player_choice":"Memory 1","floor":45.0,"gold_loss":0.0,"damage_taken":0.0},{"damage_healed":0.0,"max_hp_gain":0.0,"max_hp_loss":0.0,"gold_gain":0.0,"event_name":"MindBloom","player_choice":"Fight","floor":46.0,"gold_loss":0.0,"damage_taken":0.0},{"damage_healed":31.0,"max_hp_gain":0.0,"max_hp_loss":0.0,"gold_gain":0.0,"event_name":"Winding Halls","player_choice":"Writhe","floor":47.0,"gold_loss":0.0,"damage_taken":0.0,"cards_obtained":["Writhe"]}],"is_beta":false,"boss_relics":[{"not_picked":["Busted Crown","Runic Pyramid"],"picked":"SacredBark"},{"not_picked":["Black Star","Calling Bell"],"picked":"Sozu"}],"items_purged_floors":[],"is_endless":false,"potions_floor_spawned":[1,2,7,16,29,31,33],"ascension_level":0}}