{"host":"Tuck","time":1609799105,"event":{"mods":["BaseMod","Minty Spire (QoL Compilation)","StSLib"],"gold_per_floor":[918,932,282,282,449,449,477,477,477,95,123,123,153,171,171,271,271,289,92,108,119,44,44,59,77,77,77,108,126,157,177,177,282,282,298,317,647,647,660,687,687,714,714,743,743,743,431,781,781,781,781,781,148,178,178],"floor_reached":56,"playtime":2874,"items_purged":["Normality","Strike_B","Strike_B","Strike_B"],"score":1652,"play_id":"8dd7ecb3-49e1-447a-b174-ddf5d7e48e1b","local_time":"20210104152505","is_ascension_mode":true,"campfire_choices":[{"data":"Apotheosis","floor":6.0,"key":"SMITH"},{"data":"Fission","floor":8.0,"key":"SMITH"},{"data":"Panache","floor":15.0,"key":"SMITH"},{"data":"Hologram","floor":23.0,"key":"SMITH"},{"data":"Defragment","floor":27.0,"key":"SMITH"},{"data":"White Noise","floor":32.0,"key":"SMITH"},{"floor":41.0,"key":"RECALL"},{"floor":46,"key":"REST"},{"floor":49,"key":"REST"},{"floor":52,"key":"REST"}],"circlet_count":0,"master_deck":["Defend_B","Defend_B","Defend_B","Defend_B","Dualcast+1","Apotheosis+1","Streamline","Hologram+1","Panache+1","Defragment+1","Go for the Eyes","Go for the Eyes","Defragment","Streamline","Fission+1","Gash","Ball Lightning","Seek+1","Gash","FTL","Heatsinks+1","Genetic Algorithm","Machine Learning+1","Recycle+1","Conserve Battery","Coolheaded+1","Cold Snap+1","Scrape+1","Defragment+1","Self Repair+1","All For One","White Noise+1","Echo Form+1","Glacier+1","Skim","Master of Strategy","Gash+1","White Noise+1","Beam Cell+1","Madness","Madness","FTL","Seek"],"relics":["Cracked Core","Medical Kit","Oddly Smooth Stone","Anchor","Du-Vu Doll","Frozen Egg 2","Bag of Marbles","Cables","Inserter","Strawberry","Potion Belt","Fusion Hammer","OrangePellets","Symbiotic Virus","Dream Catcher","War Paint","Boot","Gambling Chip","Shuriken","Kunai","Old Coin","Bottled Lightning","Ornamental Fan"],"acts_visited":["Exordium","TheCity","TheBeyond","TheEnding"],"potions_floor_usage":[55,55,55,55],"damage_taken":[{"damage":5.0,"enemies":"Small Slimes","floor":1.0,"turns":4.0},{"damage":6.0,"enemies":"2 Louse","floor":2.0,"turns":3.0},{"damage":4.0,"enemies":"Gremlin Nob","floor":7.0,"turns":3.0},{"damage":3.0,"enemies":"3 Sentries","floor":11.0,"turns":3.0},{"damage":0.0,"enemies":"Gremlin Nob","floor":13.0,"turns":1.0},{"damage":0.0,"enemies":"Cultist","floor":14.0,"turns":2.0},{"damage":17.0,"enemies":"Hexaghost","floor":16.0,"turns":6.0},{"damage":0.0,"enemies":"3 Byrds","floor":18.0,"turns":2.0},{"damage":0.0,"enemies":"Chosen","floor":20.0,"turns":4.0},{"damage":6.0,"enemies":"Snake Plant","floor":21.0,"turns":3.0},{"damage":0.0,"enemies":"Centurion and Healer","floor":24.0,"turns":5.0},{"damage":0.0,"enemies":"Sentry and Sphere","floor":25.0,"turns":5.0},{"damage":0.0,"enemies":"Gremlin Leader","floor":28.0,"turns":6.0},{"damage":4.0,"enemies":"Snake Plant","floor":29.0,"turns":4.0},{"damage":0.0,"enemies":"Slavers","floor":30.0,"turns":2.0},{"damage":0.0,"enemies":"Centurion and Healer","floor":31.0,"turns":3.0},{"damage":4.0,"enemies":"Collector","floor":33.0,"turns":7.0},{"damage":0.0,"enemies":"Orb Walker","floor":35.0,"turns":2.0},{"damage":0.0,"enemies":"3 Darklings","floor":36.0,"turns":3.0},{"damage":0.0,"enemies":"Jaw Worm Horde","floor":39.0,"turns":2.0},{"damage":0.0,"enemies":"Reptomancer","floor":40.0,"turns":5.0},{"damage":0.0,"enemies":"Giant Head","floor":42.0,"turns":5.0},{"damage":9.0,"enemies":"Reptomancer","floor":44.0,"turns":3.0},{"damage":0,"enemies":"Mind Bloom Boss Battle","floor":48,"turns":2},{"damage":0,"enemies":"Time Eater","floor":50,"turns":10},{"damage":0,"enemies":"Shield and Spear","floor":54,"turns":2},{"damage":41,"enemies":"The Heart","floor":55,"turns":6}],"seed_played":"-396283542952835367","potions_obtained":[{"floor":7.0,"key":"GamblersBrew"},{"floor":16.0,"key":"DuplicationPotion"},{"floor":18.0,"key":"Explosive Potion"},{"floor":31.0,"key":"Ancient Potion"},{"floor":35.0,"key":"Ancient Potion"},{"floor":36.0,"key":"Fruit Juice"}],"is_trial":false,"path_per_floor":["M","M","$","?","$","R","E","R","T","$","E","?","E","M","R","B",null,"M","$","M","M","?","R","M","M","T","R","E","M","E","M","R","B",null,"M","M","$","?","M","E","R","E","T","E","?","R","$","?","R","B",null,"R","$","E","B",null],"character_chosen":"DEFECT","items_purchased":["Panache","Defragment","Medical Kit","Oddly Smooth Stone","Go for the Eyes","Defragment","Streamline","Fission","Anchor","Gash","Seek","Gash","FTL","Conserve Battery","Master of Strategy","OrangePellets","Gambling Chip","Bottled Lightning","Seek","Ornamental Fan"],"campfire_rested":3,"item_purchase_floors":[3,3,3,3,3,5,5,5,5,5,10,10,10,19,37,37,47,53,53,53],"current_hp_per_floor":[70,64,64,64,64,64,60,60,60,60,57,57,57,57,57,40,75,75,75,75,69,69,69,69,69,69,69,76,82,82,82,82,82,82,82,82,82,82,82,82,82,82,82,82,82,82,82,82,82,82,82,82,82,82,56],"gold":178,"neow_bonus":"RANDOM_COLORLESS_2","is_daily":false,"chose_seed":false,"campfire_upgraded":6,"win_rate":0.0,"timestamp":1609799105,"path_taken":["M","M","$","?","$","R","E","R","T","$","E","?","E","M","R","BOSS","M","$","M","M","?","R","M","M","T","R","E","M","E","M","R","BOSS","M","M","$","?","?","E","R","E","T","E","?","R","?","?","R","BOSS","R","$","E","BOSS"],"items_purchased_type":["Card","Card","Relic","Relic","Card","Card","Card","Card","Relic","Card","Card","Card","Card","Card","Card","Relic","Relic","Relic","Card","Relic"],"build_version":"2020-12-18","purchased_purges":4,"victory":true,"max_hp_per_floor":[75,75,75,75,75,75,75,75,75,75,75,75,75,75,75,75,75,75,75,75,75,75,75,75,75,75,75,82,82,82,82,82,82,82,82,82,82,82,82,82,82,82,82,82,82,82,82,82,82,82,82,82,82,82,87],"card_choices":[{"not_picked":["The Bomb","Thinking Ahead"],"picked":"Apotheosis","floor":0.0},{"not_picked":["Beam Cell","Static Discharge"],"picked":"Streamline","floor":1.0},{"not_picked":["Stack","Redo"],"picked":"Hologram","floor":2.0},{"not_picked":["Heatsinks","Chaos"],"picked":"Ball Lightning","floor":7.0},{"not_picked":["Hyperbeam","Stack"],"picked":"Heatsinks+1","floor":11.0},{"not_picked":["BootSequence","Darkness"],"picked":"Genetic Algorithm","floor":13.0},{"not_picked":["Stack","Streamline","Leap"],"picked":"SKIP","floor":14.0},{"not_picked":["Fission","Hyperbeam"],"picked":"Machine Learning+1","floor":16.0},{"not_picked":["Turbo","Hologram+1"],"picked":"Recycle+1","floor":18.0},{"not_picked":["Rebound","Stack"],"picked":"Coolheaded+1","floor":20.0},{"not_picked":["Heatsinks+1","Gash"],"picked":"Cold Snap+1","floor":21.0},{"not_picked":["Go for the Eyes","Aggregate+1"],"picked":"Scrape+1","floor":24.0},{"not_picked":["Sweeping Beam","Compile Driver"],"picked":"Defragment+1","floor":25.0},{"not_picked":["Beam Cell","Ball Lightning"],"picked":"Self Repair+1","floor":28.0},{"not_picked":["Rip and Tear","BootSequence"],"picked":"All For One","floor":29.0},{"not_picked":["Beam Cell","Cold Snap"],"picked":"White Noise","floor":30.0},{"not_picked":["Compile Driver","Reinforced Body","Fusion"],"picked":"SKIP","floor":31.0},{"not_picked":["Biased Cognition+1","Multi-Cast"],"picked":"Echo Form+1","floor":33.0},{"not_picked":["Cold Snap","Gash"],"picked":"Glacier","floor":35.0},{"not_picked":["Cold Snap","Beam Cell"],"picked":"Skim","floor":36.0},{"not_picked":["Beam Cell+1","Stack+1","Barrage"],"picked":"SKIP","floor":39.0},{"not_picked":["Force Field","Rebound"],"picked":"Gash+1","floor":40.0},{"not_picked":["Conserve Battery+1","Streamline+1"],"picked":"White Noise+1","floor":42.0},{"not_picked":["Barrage","Static Discharge+1","Scrape+1"],"picked":"SKIP","floor":44.0},{"not_picked":["Thunder Strike","Gash"],"picked":"Beam Cell+1","floor":46},{"not_picked":["Go for the Eyes","Beam Cell+1"],"picked":"FTL","floor":52},{"not_picked":["Cold Snap+1","Steam","Hologram"],"picked":"SKIP","floor":54}],"player_experience":2239733,"relics_obtained":[{"floor":7.0,"key":"Du-Vu Doll"},{"floor":9.0,"key":"Frozen Egg 2"},{"floor":11.0,"key":"Bag of Marbles"},{"floor":13.0,"key":"Cables"},{"floor":28.0,"key":"Strawberry"},{"floor":30.0,"key":"Potion Belt"},{"floor":40.0,"key":"Symbiotic Virus"},{"floor":42.0,"key":"Dream Catcher"},{"floor":43.0,"key":"War Paint"},{"floor":44.0,"key":"Boot"},{"floor":48,"key":"Old Coin"}],"event_choices":[{"damage_healed":0.0,"max_hp_gain":0.0,"max_hp_loss":0.0,"gold_gain":0.0,"cards_transformed":["Strike_B"],"event_name":"Living Wall","player_choice":"Change","floor":4.0,"gold_loss":0.0,"damage_taken":0.0,"cards_obtained":["Go for the Eyes"]},{"damage_healed":0.0,"max_hp_gain":0.0,"max_hp_loss":0.0,"gold_gain":0.0,"event_name":"Accursed Blacksmith","player_choice":"Forge","floor":12.0,"gold_loss":0.0,"damage_taken":0.0,"cards_upgraded":["Seek"]},{"cards_removed":["Zap"],"damage_healed":0.0,"max_hp_gain":0.0,"max_hp_loss":0.0,"gold_gain":0.0,"event_name":"Beggar","player_choice":"Gave Gold","floor":22.0,"gold_loss":75.0,"damage_taken":0.0},{"damage_healed":0.0,"max_hp_gain":0.0,"max_hp_loss":0.0,"gold_gain":0.0,"event_name":"Wheel of Change","player_choice":"Cursed","floor":38.0,"gold_loss":0.0,"damage_taken":0.0,"cards_obtained":["Decay"]},{"damage_healed":0.0,"max_hp_gain":0.0,"max_hp_loss":0.0,"gold_gain":0.0,"event_name":"SecretPortal","player_choice":"Ignored","floor":45.0,"gold_loss":0.0,"damage_taken":0.0},{"damage_healed":0,"gold_gain":0,"player_choice":"Embrace Madness","damage_taken":10,"max_hp_gain":0,"max_hp_loss":0,"event_name":"Winding Halls","floor":48,"gold_loss":0,"cards_obtained":["Madness","Madness"]},{"damage_healed":0,"gold_gain":0,"player_choice":"Fight","damage_taken":0,"max_hp_gain":0,"max_hp_loss":0,"event_name":"MindBloom","floor":48,"gold_loss":0}],"is_beta":true,"boss_relics":[{"not_picked":["Sozu","Tiny House"],"picked":"Inserter"},{"not_picked":["SacredBark","Velvet Choker","Coffee Dripper"]}],"items_purged_floors":[3,5,10,19],"is_endless":false,"potions_floor_spawned":[7,16,18,24,28,31,35,36,39,48],"ascension_level":1}}