{"host":"a1u4jo6xlg3w0wsm","time":1609753243,"event":{"mods":["BaseMod","Better Third Choice","DeckTracker","Downfall","Hermit","Hubris","Minty Spire (QoL Compilation)","Replay The Spire","StSLib"],"gold_per_floor":[116,66,66,15,30,30,58,58,58,88,88,114,128,28,28,132,132,132,132],"floor_reached":18,"playtime":650,"items_purged":["Strike_G"],"score":248,"play_id":"0a6c15fa-0ae0-497a-8e4c-12299e976ba7","local_time":"20210104224043","is_ascension_mode":true,"campfire_choices":[{"data":"Deadly Poison","floor":6.0,"key":"SMITH"},{"data":"Sneak Up","floor":8.0,"key":"SMITH"},{"floor":15.0,"key":"REST"}],"circlet_count":0,"master_deck":["Strike_G","Strike_G","Strike_G","Defend_G","Defend_G","Defend_G","Defend_G","Defend_G","Survivor","Neutralize","Deadly Poison+1","Catalyst+1","Prepared","Sneak Up+1","Infinite Blades","Endless Agony","Bane","Bane","Storm of Steel","CurseOfTheBell"],"relics":["Ring of the Snake","NeowsBlessing","Replay:Ringing Soul","StoneCalendar","hubris:Metronome","Replay:Multitool","Calling Bell","hubris:SlimyHat","Question Card","Du-Vu Doll"],"acts_visited":["Exordium","TheCity"],"potions_floor_usage":[],"damage_taken":[{"damage":0.0,"enemies":"2 Louse","floor":1.0,"turns":1.0},{"damage":0.0,"enemies":"Cultist","floor":5.0,"turns":1.0},{"damage":0.0,"enemies":"Gremlin Nob","floor":7.0,"turns":1.0},{"damage":10.0,"enemies":"Lagavulin","floor":10.0,"turns":5.0},{"damage":0.0,"enemies":"Small Slimes","floor":11.0,"turns":1.0},{"damage":34.0,"enemies":"Gremlin Nob","floor":12.0,"turns":4.0},{"damage":4.0,"enemies":"Red Slaver","floor":13.0,"turns":3.0},{"damage":41.0,"enemies":"Hexaghost","floor":16.0,"turns":7.0},{"damage":10,"enemies":"3 Byrds","floor":18,"turns":2}],"seed_played":"-2813580220528497477","potions_obtained":[{"floor":10.0,"key":"SmokeBomb"},{"floor":13.0,"key":"DuplicationPotion"},{"floor":16.0,"key":"BlessingOfTheForge"}],"is_trial":false,"path_per_floor":["M","?","?","$","M","R","E","R","T","E","M","E","M","$","R","B",null,"M"],"character_chosen":"THE_SILENT","items_purchased":["Catalyst+1","Bane"],"campfire_rested":1,"item_purchase_floors":[4,14],"current_hp_per_floor":[70,70,70,70,70,70,73,73,73,66,66,35,34,37,62,24,91,81,81],"gold":132,"neow_bonus":"THREE_ENEMY_KILL","is_daily":false,"chose_seed":false,"campfire_upgraded":2,"win_rate":0.0,"timestamp":1609753243,"path_taken":["M","?","?","$","M","R","E","R","T","E","M","E","?","?","R","BOSS","M"],"items_purchased_type":["Card","Card"],"build_version":"2020-12-13","purchased_purges":1,"victory":false,"max_hp_per_floor":[70,70,70,70,70,70,73,73,73,76,76,79,82,85,85,88,91,91,91],"card_choices":[{"not_picked":["Blade Dance","Catalyst"],"picked":"Deadly Poison","floor":1.0},{"not_picked":["Acrobatics","Sucker Punch"],"picked":"Prepared","floor":5.0},{"not_picked":["Expertise","Glass Knife"],"picked":"Sneak Up","floor":7.0},{"not_picked":["Masterful Stab","hubris:Sniper"],"picked":"Infinite Blades","floor":10.0},{"not_picked":["Deadly Poison","Dagger Spray"],"picked":"Endless Agony","floor":12.0},{"not_picked":["Flying Knee","Prepared"],"picked":"Bane","floor":13.0},{"not_picked":["Malaise","Bullet Time"],"picked":"Storm of Steel","floor":16.0}],"player_experience":305362,"relics_obtained":[{"floor":7.0,"key":"Replay:Ringing Soul"},{"floor":9.0,"key":"StoneCalendar"},{"floor":10.0,"key":"hubris:Metronome"},{"floor":12.0,"key":"Replay:Multitool"},{"floor":17.0,"key":"hubris:SlimyHat"},{"floor":17.0,"key":"Question Card"},{"floor":17.0,"key":"Du-Vu Doll"}],"event_choices":[{"cards_removed":["Strike_G"],"damage_healed":0.0,"max_hp_gain":0.0,"max_hp_loss":0.0,"gold_gain":0.0,"event_name":"The Cleric","player_choice":"Card Removal","floor":2.0,"gold_loss":50.0,"damage_taken":0.0},{"damage_healed":0.0,"max_hp_gain":0.0,"max_hp_loss":0.0,"gold_gain":0.0,"event_name":"The Woman in Blue","player_choice":"Bought 0 Potions","floor":3.0,"gold_loss":0.0,"damage_taken":0.0}],"is_beta":false,"boss_relics":[{"not_picked":["SlaversCollar","Runic Pyramid"],"picked":"Calling Bell"}],"items_purged_floors":[14],"is_endless":false,"potions_floor_spawned":[10,11,13,16],"killed_by":"3 Byrds","ascension_level":2}}