{"host":"pdgvu626dlon98qh","time":1609784049,"event":{"mods":["AchievementEnabler","Aspiration","BaseMod","Better Third Choice","BetterRewards","Card Forge","Colored Map","Colored Powertips","Custom Start","Energized Spire","Gold Saver","Minty Spire (QoL Compilation)","Shop Mod","StSLib","Twitch Decklist","Waifu the Spire","slay the spire mod where everything is the same but ironclad has a cowboy hat"],"gold_per_floor":[3447,3462,3462,3462,3481,3481,3511,3511,3534,3567,3582,3582,3608,3625,3625,3721,3721,3741,3757,3775,3790,3790,3790,3809,3827,3827,3847,3873,3890,3920,3934,3934,3934,3934],"floor_reached":33,"playtime":1017,"items_purged":[],"score":545,"play_id":"6f5c027a-db74-4ebe-9739-db4c06c922b6","local_time":"20210104131409","is_ascension_mode":false,"campfire_choices":[{"data":"1","floor":6,"key":"LIFT"},{"data":"2","floor":8,"key":"LIFT"},{"data":"3","floor":12,"key":"LIFT"},{"floor":32,"key":"RECALL"}],"circlet_count":0,"master_deck":["Shrug It Off+1","Pommel Strike+1","Barricade+1","Pommel Strike+1","Shrug It Off+1"],"relics":["Burning Blood","Hammer of Thor","Seething Fire","Anvil of the Gods","MerchantsRug","aspiration:ArtOfWarUpgrade","Omamori","Frozen Eye","Girya","Thread and Needle","aspiration:Nostalgia","Ring of the Snake","Strawberry","CeramicFish","Nunchaku","CaptainsWheel","Oddly Smooth Stone","Sling","Paper Frog","Magic Flower","Lee\u0027s Waffle","Blood Vial","aspiration:Lifesprig","Matryoshka","Anchor","Darkstone Periapt","Champion Belt","Red Skull"],"acts_visited":["Exordium","TheCity"],"potions_floor_usage":[20],"damage_taken":[{"damage":0,"enemies":"Jaw Worm","floor":1,"turns":2},{"damage":0,"enemies":"Small Slimes","floor":2,"turns":4},{"damage":0,"enemies":"Cultist","floor":5,"turns":4},{"damage":0,"enemies":"Gremlin Nob","floor":7,"turns":5},{"damage":0,"enemies":"Exordium Thugs","floor":10,"turns":5},{"damage":2,"enemies":"Lots of Slimes","floor":11,"turns":5},{"damage":0,"enemies":"Large Slime","floor":14,"turns":3},{"damage":0,"enemies":"The Guardian","floor":16,"turns":7},{"damage":0,"enemies":"Shell Parasite","floor":18,"turns":3},{"damage":0,"enemies":"3 Byrds","floor":19,"turns":4},{"damage":0,"enemies":"Centurion and Healer","floor":20,"turns":4},{"damage":5,"enemies":"Snake Plant","floor":21,"turns":4},{"damage":0,"enemies":"Cultist and Chosen","floor":24,"turns":3},{"damage":0,"enemies":"Shelled Parasite and Fungi","floor":25,"turns":3},{"damage":0,"enemies":"Centurion and Healer","floor":27,"turns":4},{"damage":5,"enemies":"Slavers","floor":28,"turns":4},{"damage":0,"enemies":"3 Cultists","floor":29,"turns":4},{"damage":0,"enemies":"Book of Stabbing","floor":30,"turns":4},{"damage":0,"enemies":"Chosen and Byrds","floor":31,"turns":3},{"damage":0,"enemies":"Automaton","floor":33,"turns":3}],"seed_played":"2970692137160700997","potions_obtained":[{"floor":1,"key":"BloodPotion"},{"floor":2,"key":"BlessingOfTheForge"},{"floor":11,"key":"Energy Potion"},{"floor":20,"key":"Strength Potion"},{"floor":30,"key":"Strength Potion"},{"floor":31,"key":"DuplicationPotion"}],"is_trial":false,"path_per_floor":["M","M","?","?","M","R","E","R","T","M","M","R","T","M","R","B",null,"M","M","M","M","T","R","M","M","T","M","E","M","E","M","R","B"],"character_chosen":"IRONCLAD","items_purchased":["MerchantsRug","Art of War","Omamori","Frozen Eye","Girya","Shrug It Off","Thread and Needle","aspiration:Nostalgia","Strawberry","CeramicFish","Shrug It Off","Evolve","Nunchaku","CaptainsWheel","Oddly Smooth Stone","Sling","Paper Frog","Rage","Pommel Strike","Magic Flower","Metallicize","Lee\u0027s Waffle"],"campfire_rested":0,"item_purchase_floors":[0,0,0,0,0,0,0,0,0,0,0,0,0,0,0,0,0,0,0,0,0,0],"current_hp_per_floor":[94,94,94,94,94,94,94,94,94,94,94,94,94,94,94,94,94,94,94,94,94,94,94,94,94,94,94,94,94,94,94,94,94,94],"gold":3934,"neow_bonus":"","is_daily":false,"chose_seed":false,"campfire_upgraded":0,"win_rate":0.0,"timestamp":1609784049,"path_taken":["M","M","?","?","?","R","E","R","T","M","M","R","?","M","R","BOSS","M","M","?","?","?","R","M","M","T","M","E","M","E","M","R","BOSS"],"items_purchased_type":["Relic","Relic","Relic","Relic","Relic","Card","Relic","Relic","Relic","Relic","Card","Card","Relic","Relic","Relic","Relic","Relic","Card","Card","Relic","Card","Relic"],"build_version":"2020-12-22","purchased_purges":0,"victory":false,"max_hp_per_floor":[94,94,94,94,94,94,94,94,94,94,94,94,94,94,94,94,94,94,94,94,94,94,94,94,94,94,94,94,94,94,94,94,94,94],"card_choices":[{"not_picked":["Pommel Strike","Power Through","Perfected Strike"],"picked":"SKIP","floor":1},{"not_picked":["Heavy Blade","Anger","Hemokinesis"],"picked":"SKIP","floor":2},{"not_picked":["Sword Boomerang","Metallicize","Ghostly Armor"],"picked":"SKIP","floor":5},{"not_picked":["Flex","Corruption","Wild Strike"],"picked":"SKIP","floor":7},{"not_picked":["Sword Boomerang","Cleave","Heavy Blade"],"picked":"SKIP","floor":10},{"not_picked":["Feel No Pain","Power Through","Headbutt"],"picked":"SKIP","floor":11},{"not_picked":["Pummel","Wild Strike","Twin Strike"],"picked":"SKIP","floor":14},{"not_picked":["Infernal Blade","Evolve+1","Armaments+1"],"picked":"SKIP","floor":18},{"not_picked":["Metallicize","Wild Strike","Perfected Strike"],"picked":"SKIP","floor":19},{"not_picked":["Carnage","Power Through","Headbutt+1"],"picked":"SKIP","floor":20},{"not_picked":["Seeing Red+1","Pommel Strike+1","Reaper"],"picked":"SKIP","floor":21},{"not_picked":["Wild Strike","Havoc","Perfected Strike"],"picked":"SKIP","floor":24},{"not_picked":["Sword Boomerang","Iron Wave","Clash+1"],"picked":"SKIP","floor":25},{"not_picked":["Sentinel+1","Hemokinesis","Battle Trance"],"picked":"SKIP","floor":27},{"not_picked":["Brutality","Havoc","Flex"],"picked":"SKIP","floor":28},{"not_picked":["True Grit","Pommel Strike+1","Cleave"],"picked":"SKIP","floor":29},{"not_picked":["Searing Blow","Sword Boomerang","Thunderclap+1"],"picked":"SKIP","floor":30},{"not_picked":["Anger","Armaments+1","Second Wind"],"picked":"SKIP","floor":31}],"player_experience":819965,"relics_obtained":[{"floor":7,"key":"Blood Vial"},{"floor":13,"key":"aspiration:Lifesprig"},{"floor":22,"key":"Matryoshka"},{"floor":26,"key":"Anchor"},{"floor":26,"key":"Darkstone Periapt"},{"floor":28,"key":"Champion Belt"},{"floor":30,"key":"Red Skull"}],"event_choices":[{"damage_healed":0,"gold_gain":0,"player_choice":"Ignored","damage_taken":0,"max_hp_gain":0,"max_hp_loss":0,"event_name":"Purifier","floor":4,"gold_loss":0}],"is_beta":false,"boss_relics":[{"not_picked":["energizedSpire:SpiderWeb","Calling Bell","Velvet Choker"]}],"items_purged_floors":[],"is_endless":false,"potions_floor_spawned":[1,2,11,16,20,28,29,30,31],"killed_by":"Automaton","ascension_level":0}}