{"host":"56ghxnzsglgdq727","time":1609767546,"event":{"mods":["AchievementEnabler","BaseMod","Downfall","Minty Spire (QoL Compilation)","StSLib"],"gold_per_floor":[99,99,99,99,99,99,126,157,173,173,98,110,110,110,127,127,127,127],"floor_reached":16,"playtime":464,"items_purged":[],"score":146,"play_id":"e9e507ef-a211-4489-8b0f-ec2b9fc55d59","local_time":"20210104083906","is_ascension_mode":false,"campfire_choices":[{"data":"champ:Taunt","floor":1,"key":"SMITH"},{"data":"champ:Shatter","floor":11,"key":"SMITH"},{"data":"champ:BerserkerStyle","floor":13,"key":"SMITH"}],"circlet_count":0,"master_deck":["champ:Strike","champ:Strike","champ:Strike","champ:Strike","champ:Defend","champ:Defend","champ:Defend","champ:Defend","champ:Execute","champ:Taunt+1","champ:BerserkerStyle+1","champ:Shatter+1","champ:Backstep","champ:EnragedBash+1","champ:CrookedStrike"],"relics":["champ:ChampionCrown","downfall:HeartsMalice","downfall:BrokenWingStatue","Regal Pillow","Pear","Meat on the Bone","downfall:HeartBlessingGreen"],"acts_visited":["Exordium"],"potions_floor_usage":[16,16,16],"damage_taken":[{"damage":0,"enemies":"Small Slimes","floor":2,"turns":1},{"damage":0,"enemies":"Cultist","floor":5,"turns":1},{"damage":0,"enemies":"Gremlin Nob","floor":8,"turns":1},{"damage":4,"enemies":"2 Louse","floor":9,"turns":3},{"damage":24,"enemies":"Blue Slaver","floor":12,"turns":5},{"damage":16,"enemies":"3 Louse","floor":15,"turns":4},{"damage":106,"enemies":"downfall:Ironclad","floor":16,"turns":10}],"seed_played":"9138361383254239340","potions_obtained":[{"floor":6,"key":"LiquidBronze"},{"floor":6,"key":"champ:OpenerPotion"},{"floor":6,"key":"champ:OpenerPotion"}],"is_trial":false,"path_per_floor":["R","M","?","?","M","?","T","E","M","?","R","M","R","?","M","B"],"character_chosen":"THE_CHAMP","items_purchased":[],"campfire_rested":0,"item_purchase_floors":[],"current_hp_per_floor":[90,90,95,95,95,95,95,105,101,98,98,86,86,86,79,1,1,1],"gold":127,"neow_bonus":"THREE_ENEMY_KILL","is_daily":false,"chose_seed":false,"campfire_upgraded":3,"win_rate":0.0,"timestamp":1609767546,"path_taken":["R","M","?","?","M","?","T","E","?","?","R","M","R","?","M","BOSS"],"items_purchased_type":[],"build_version":"2020-12-22","purchased_purges":0,"victory":false,"max_hp_per_floor":[90,90,95,95,95,95,95,105,105,105,105,105,105,105,105,105,105,105],"card_choices":[{"not_picked":["champ:EnragedBash","champ:PerfectedStrike"],"picked":"champ:BerserkerStyle","floor":2},{"not_picked":["champ:BladeFlurry","champ:GladiatorsShout"],"picked":"champ:Shatter","floor":5},{"not_picked":["champ:FaceSlap","champ:DefensiveStyle"],"picked":"champ:Backstep","floor":8},{"not_picked":["champ:Backstep","champ:FanOfKnives"],"picked":"champ:EnragedBash","floor":9},{"not_picked":["champ:FanOfKnives","champ:BladeFlurry","champ:Backstep"],"picked":"SKIP","floor":12},{"not_picked":["champ:GutPunch","champ:ViciousMockery"],"picked":"champ:CrookedStrike","floor":15}],"player_experience":139691,"relics_obtained":[{"floor":7,"key":"Regal Pillow"},{"floor":8,"key":"Pear"}],"event_choices":[{"damage_healed":0,"gold_gain":0,"player_choice":"Donut","damage_taken":0,"max_hp_gain":5,"max_hp_loss":0,"event_name":"Big Fish","floor":3,"gold_loss":0},{"damage_healed":0,"gold_gain":0,"player_choice":"Got Potions","damage_taken":0,"max_hp_gain":0,"max_hp_loss":0,"event_name":"Lab","floor":6,"gold_loss":0},{"damage_healed":0,"gold_gain":0,"player_choice":"Success","damage_taken":3,"relics_obtained":["Meat on the Bone"],"max_hp_gain":0,"max_hp_loss":0,"event_name":"Scrap Ooze","floor":10,"gold_loss":0},{"damage_healed":0,"gold_gain":0,"player_choice":"Grow","damage_taken":0,"max_hp_gain":0,"max_hp_loss":0,"event_name":"Living Wall","floor":14,"gold_loss":0,"cards_upgraded":["champ:EnragedBash"]}],"is_beta":false,"boss_relics":[],"items_purged_floors":[],"is_endless":false,"potions_floor_spawned":[12],"killed_by":"downfall:Ironclad","ascension_level":0}}