{"host":"y89x8uui45kcjy42","time":1609762910,"event":{"mods":["2.2 Compatiblity","BaseMod","CapriCore","Colored Map","Colored Powertips","Custom Start","Friendly Minions","Keyboard Shortcuts","Lobotomy","Minty Spire (QoL Compilation)","Relic Stats","Slay the Relics Exporter","StSLib","SuperFastMode","Uncapped"],"gold_per_floor":[116,116,130,140,159,159,188,188,188,188,220,249,106,139,139,237,237,251,261,116,116,270,270,270,270,294,319,329,364,378,378,378],"floor_reached":31,"playtime":1376,"items_purged":[],"score":677,"play_id":"c1e36bd2-4371-4efd-ba23-2bf18ae389a0","local_time":"20210104212150","is_ascension_mode":true,"campfire_choices":[{"data":"Eruption","floor":6,"key":"SMITH"},{"floor":8,"key":"RECALL"},{"data":"MentalFortress","floor":10,"key":"SMITH"},{"data":"Fasting2","floor":15,"key":"SMITH"},{"data":"Scrawl","floor":23,"key":"SMITH"},{"data":"Adaptation","floor":25,"key":"SMITH"}],"circlet_count":0,"master_deck":["Eruption+1","Vigilance+1","GalaxyChild","FearNoEvil+1","InnerPeace+1","MentalFortress+1","MentalFortress+1","TalkToTheHand+1","TalkToTheHand+1","TalkToTheHand+1","Tantrum+1","Vault+1","Vault+1","Vault+1","VoidDream","MentalFortress+1","LongBird","DespairKnight","MentalFortress","Fasting2+1","Scrawl+1","Vault+1","Adaptation+1","TalkToTheHand","Yin"],"relics":["PureWater","CogitoBucket","Coffee Dripper","Coffee Dripper","Coffee Dripper","Calipers","TeardropLocket","Bag of Marbles","Bag of Preparation","Ring of the Serpent","TheAbacus","Sundial","Question Card","Prayer Wheel","Shuriken","Kunai","Mummified Hand","War Paint","White Beast Statue","Akabeko","OrangePellets","Shuriken","Pocketwatch","Potion Belt","SacredBark","VioletLotus","AdjustmentMirror","Omamori","Orrery","Coffee Dripper","Coffee Dripper","CeramicFish","WingedGreaves","Mercury Hourglass","Bottled Tornado"],"acts_visited":["Exordium","TheCity"],"potions_floor_usage":[],"damage_taken":[{"damage":12,"enemies":"2 Louse","floor":1,"turns":2},{"damage":0,"enemies":"Cultist","floor":3,"turns":1},{"damage":0,"enemies":"Jaw Worm","floor":4,"turns":1},{"damage":0,"enemies":"Lots of Slimes","floor":5,"turns":3},{"damage":0,"enemies":"3 Sentries","floor":7,"turns":3},{"damage":0,"enemies":"Lagavulin","floor":11,"turns":2},{"damage":0,"enemies":"Gremlin Nob","floor":12,"turns":2},{"damage":0,"enemies":"Lagavulin","floor":14,"turns":2},{"damage":0,"enemies":"The Guardian","floor":16,"turns":4},{"damage":0,"enemies":"Spheric Guardian","floor":18,"turns":1},{"damage":0,"enemies":"Chosen","floor":19,"turns":1},{"damage":0,"enemies":"Gremlin Leader","floor":27,"turns":2},{"damage":0,"enemies":"Snake Plant","floor":28,"turns":2},{"damage":0,"enemies":"Book of Stabbing","floor":29,"turns":2},{"damage":0,"enemies":"Centurion and Healer","floor":30,"turns":3},{"damage":0,"enemies":"3 Cultists","floor":31,"turns":1}],"seed_played":"4244719044634794438","potions_obtained":[{"floor":1,"key":"FearPotion"},{"floor":5,"key":"LiquidMemories"},{"floor":12,"key":"Explosive Potion"},{"floor":14,"key":"Strength Potion"},{"floor":16,"key":"Ambrosia"},{"floor":18,"key":"FairyPotion"},{"floor":29,"key":"Weak Potion"}],"is_trial":false,"path_per_floor":["M","?","M","M","M","R","E","R","T","R","E","E","$","E","R","B",null,"M","M","$","?","$","R","$","R","T","E","M","E","M","M"],"character_chosen":"WATCHER","items_purchased":["OrangePellets","Omamori","Orrery"],"campfire_rested":0,"item_purchase_floors":[13,20,22],"current_hp_per_floor":[60,60,60,60,60,60,60,60,60,60,60,60,60,60,60,60,72,72,72,72,72,72,72,72,72,72,72,72,72,72,0,0],"gold":378,"neow_bonus":"","is_daily":false,"chose_seed":false,"campfire_upgraded":5,"win_rate":0.0,"timestamp":1609762910,"path_taken":["M","?","M","?","M","R","E","R","T","R","E","E","$","E","R","BOSS","M","M","$","?","$","R","$","R","T","E","?","E","?","M"],"items_purchased_type":["Relic","Relic","Relic"],"build_version":"2020-12-22","purchased_purges":0,"victory":false,"max_hp_per_floor":[72,72,72,72,72,72,72,72,72,72,72,72,72,72,72,72,72,72,72,72,72,72,72,72,72,72,72,72,72,72,72,72],"relic_stats":{"counters":[18,34],"CeramicFish":9,"Bag of Preparation":[30],"War Paint":["Vigilance"],"Question Card":42,"Mercury Hourglass":[39],"OrangePellets":[6],"TheAbacus":[48],"Sundial":[4],"Shuriken":[31],"Mummified Hand":[68],"Prayer Wheel":7,"VioletLotus":[12],"Kunai":[20],"obtain_stats":[{"Calipers":1,"SacredBark":14,"CeramicFish":26,"Bag of Preparation":1,"TeardropLocket":1,"AdjustmentMirror":18,"Bottled Tornado":29,"Yang_Lob":30,"CogitoBucket":0,"TheAbacus":1,"Sundial":1,"Mummified Hand":4,"Prayer Wheel":1,"WingedGreaves":4,"VioletLotus":17,"Kunai":1,"Potion Belt":14,"Omamori":20,"War Paint":7,"Question Card":1,"White Beast Statue":11,"Akabeko":12,"Mercury Hourglass":27,"OrangePellets":13,"Shuriken":1,"Orrery":22,"Coffee Dripper":1,"Bag of Marbles":1,"PureWater":0,"Ring of the Serpent":1,"Pocketwatch":14},{"Calipers":1,"SacredBark":8,"CeramicFish":12,"Bag of Preparation":1,"TeardropLocket":1,"AdjustmentMirror":11,"Bottled Tornado":15,"Yang_Lob":17,"CogitoBucket":0,"TheAbacus":1,"Sundial":1,"Mummified Hand":3,"Prayer Wheel":1,"WingedGreaves":3,"VioletLotus":9,"Kunai":1,"Potion Belt":8,"Omamori":12,"War Paint":5,"Question Card":1,"White Beast Statue":6,"Akabeko":7,"Mercury Hourglass":13,"OrangePellets":7,"Shuriken":1,"Orrery":12,"Coffee Dripper":1,"Bag of Marbles":1,"PureWater":0,"Ring of the Serpent":1,"Pocketwatch":8},{"Calipers":2,"SacredBark":16,"CeramicFish":23,"Bag of Preparation":2,"TeardropLocket":2,"AdjustmentMirror":22,"Bottled Tornado":29,"Yang_Lob":33,"CogitoBucket":0,"TheAbacus":2,"Sundial":2,"Mummified Hand":4,"Prayer Wheel":2,"WingedGreaves":4,"VioletLotus":20,"Kunai":2,"Potion Belt":16,"Omamori":23,"War Paint":10,"Question Card":2,"White Beast Statue":12,"Akabeko":14,"Mercury Hourglass":25,"OrangePellets":14,"Shuriken":2,"Orrery":23,"Coffee Dripper":2,"Bag of Marbles":2,"PureWater":0,"Ring of the Serpent":2,"Pocketwatch":16}],"Pocketwatch":[3]},"card_choices":[{"not_picked":["CherryBlossoms","MeatLantern"],"picked":"GalaxyChild","floor":1},{"not_picked":["EmptyFist","Pray","Conclude"],"picked":"SKIP","floor":1},{"not_picked":["EmptyFist","Pray","Conclude"],"picked":"SKIP","floor":1},{"not_picked":["OldLady","UniverseFragment"],"picked":"VoidDream","floor":3},{"not_picked":["PathToVictory","EmptyFist","CrushJoints","FlurryOfBlows"],"picked":"SKIP","floor":3},{"not_picked":["SashWhip","Evaluate","Wallop","SandsOfTime"],"picked":"SKIP","floor":3},{"not_picked":["Prostrate","Consecrate","Protect"],"picked":"MentalFortress","floor":4},{"not_picked":["FlyingSleeves","DevaForm","FollowUp","EmptyBody"],"picked":"SKIP","floor":4},{"not_picked":["MHz","OldLady"],"picked":"LongBird","floor":5},{"not_picked":["ThirdEye","EmptyFist","Evaluate","FearNoEvil"],"picked":"SKIP","floor":5},{"not_picked":["BowlingBash","SpiritShield","ClearTheMind","CrushJoints"],"picked":"SKIP","floor":5},{"not_picked":["UniverseFragment","MHz"],"picked":"DespairKnight","floor":7},{"not_picked":["CutThroughFate","Study","Nirvana","ThirdEye"],"picked":"SKIP","floor":7},{"not_picked":["MasterReality","Weave","ClearTheMind"],"picked":"MentalFortress","floor":11},{"not_picked":["ReachHeaven","EmptyBody","Weave"],"picked":"Fasting2","floor":12},{"not_picked":["FlyingSleeves","Conclude","FearNoEvil","WheelKick"],"picked":"SKIP","floor":14},{"not_picked":["DevaForm","SpiritShield","Ragnarok"],"picked":"Scrawl","floor":16},{"not_picked":["CutThroughFate","Crescendo+1","Study","Protect+1"],"picked":"SKIP","floor":18},{"not_picked":["ThirdEye","Wish","FollowUp","Protect+1"],"picked":"SKIP","floor":18},{"not_picked":["BowlingBash+1","ForeignInfluence","Prostrate+1","FearNoEvil"],"picked":"SKIP","floor":19},{"not_picked":["SignatureMove","PathToVictory","Perseverance","CarveReality"],"picked":"SKIP","floor":19},{"not_picked":["SashWhip+1","Crescendo","WaveOfTheHand"],"picked":"Adaptation","floor":22},{"not_picked":["Prostrate","CutThroughFate","Evaluate"],"picked":"TalkToTheHand","floor":22},{"not_picked":["Meditate","Judgement","ForeignInfluence","Worship"],"picked":"SKIP","floor":27},{"not_picked":["Consecrate","SashWhip","EmptyFist","BattleHymn+1"],"picked":"SKIP","floor":28},{"not_picked":["Fasting2","ClearTheMind","Evaluate","CarveReality+1"],"picked":"SKIP","floor":28},{"not_picked":["Murderer","BodiesMountain"],"picked":"Yin","floor":29},{"not_picked":["Prostrate","LessonLearned","Halt","ForeignInfluence"],"picked":"SKIP","floor":29},{"not_picked":["Wallop","PathToVictory","JustLucky","Consecrate"],"picked":"SKIP","floor":30},{"not_picked":["CrushJoints","PathToVictory","CutThroughFate","ClearTheMind"],"picked":"SKIP","floor":30}],"player_experience":563591,"relics_obtained":[{"floor":7,"key":"War Paint"},{"floor":11,"key":"White Beast Statue"},{"floor":12,"key":"Akabeko"},{"floor":14,"key":"Shuriken"},{"floor":26,"key":"CeramicFish"},{"floor":27,"key":"Mercury Hourglass"},{"floor":29,"key":"Bottled Tornado"}],"event_choices":[{"damage_healed":0,"gold_gain":0,"player_choice":"Ignored","damage_taken":0,"max_hp_gain":0,"max_hp_loss":0,"event_name":"Transmorgrifier","floor":2,"gold_loss":0},{"damage_healed":0,"gold_gain":0,"player_choice":"Copied","damage_taken":0,"max_hp_gain":0,"max_hp_loss":0,"event_name":"Duplicator","floor":21,"gold_loss":0,"cards_obtained":["Vault"]}],"is_beta":false,"boss_relics":[{"not_picked":["Ectoplasm","Fusion Hammer"],"picked":"VioletLotus"}],"items_purged_floors":[],"is_endless":false,"potions_floor_spawned":[1,5,12,14,16,18,19,27,28,29,30],"killed_by":"3 Cultists","ascension_level":1}}