{"host":"ylxam20yo7j5dy26","time":1609744551,"event":{"mods":["ATMod(°¢èªMod)","Act Like it!","BaseMod","Conspire","Downfall","Gensokyo","Infinite Spire","Minty Spire (QoL Compilation)","Quick Restart","Replay The Spire","StSLib","UnlockEverythingMod","vexMod","¡¾ÒÅÎï¿¨ÅÆ¡¿REMEMod"],"gold_per_floor":[99,114,132,147,162,162,162,177,192,161,191,191,191,191,126,144,144],"floor_reached":16,"playtime":1016,"items_purged":[],"score":327,"play_id":"777aabac-9eb5-493f-9da2-25aa6d268f66","local_time":"20210104151551","daily_mods":["Insanity","ControlledChaos","Binary"],"is_ascension_mode":false,"campfire_choices":[{"floor":1,"key":"DIG"},{"floor":12,"key":"REST"}],"circlet_count":0,"master_deck":["ReplayTheSpireMod:Strike From Hell","Wild Strike","Clash","Twin Strike","Massacre","Defy Death","Pommel Strike","AT_IchimonjiDouble","Abandon","Clothesline","Thunderclap","AT_BodySlamDance","Bloodletting","Hemokinesis","Run Through","Warcry","AT_BodySlamDance","conspire:Charge","Sentinel","Havoc","Anger","Iron Wave","Ghostly Armor","Pommel Strike","Body Slam","Pommel Strike","AT_IchimonjiDouble","Run Through","Clothesline","Iron Wave","Anger","Havoc","Flex","Heavy Blade","Body Slam","Clothesline","Flex","Sword Boomerang","Anger","ReplayTheSpireMod:Strike From Hell","Flame Barrier","Pommel Strike","Pommel Strike","Replay:Undeath\u0027s Touch","Clothesline","Bloodletting","Evolve","Clash","Havoc","REME_BuildACard","Iron Wave","Pommel Strike","Armaments","AT_IchimonjiDouble","ReplayTheSpireMod:IOU","ReplayTheSpireMod:IOU","ReplayTheSpireMod:IOU","ReplayTheSpireMod:IOU","ReplayTheSpireMod:IOU","AT_ShrugMaster","ReplayUltimateDefense","AT_ShrugMaster"],"relics":["Burning Blood","Frozen Eye","AT_ATBox","REME_ComplimentaryCards","Art of War","AT_GoldPhoenixTree","conspire:Flyswatter","Replay:Wax Seal","AT_ChloranthyRing","DollysMirror","Replay:Bandana","infinitespire:Beetle Shell"],"acts_visited":["Exordium"],"potions_floor_usage":[10,11,11],"damage_taken":[{"damage":4,"enemies":"Cultist","floor":2,"turns":3},{"damage":20,"enemies":"conspire:MimicChest","floor":3,"turns":5},{"damage":12,"enemies":"conspire:RoseBush","floor":4,"turns":3},{"damage":30,"enemies":"Small Slimes","floor":5,"turns":3},{"damage":0,"enemies":"Gremlin Gang","floor":8,"turns":3},{"damage":0,"enemies":"3 Louse","floor":9,"turns":2},{"damage":4,"enemies":"downfall:FleeingMerchant","floor":10,"turns":4},{"damage":17,"enemies":"Lagavulin","floor":11,"turns":5},{"damage":21,"enemies":"Blue Slaver","floor":15,"turns":3},{"damage":49,"enemies":"downfall:Defect","floor":16,"turns":4}],"seed_played":"-6631355389535803282","potions_obtained":[{"floor":5,"key":"ColorlessPotion"},{"floor":8,"key":"REME_GoldPotion"},{"floor":15,"key":"ElixirPotion"}],"is_trial":false,"path_per_floor":["R","M","?","M","M","?","T","M","M","$","E","R","?","?","M","B"],"character_chosen":"IRONCLAD","items_purchased":["Replay:Wax Seal","AT_ChloranthyRing","AT_ShrugMaster","ReplayUltimateDefense","EssenceOfSteel","DollysMirror"],"campfire_rested":1,"item_purchase_floors":[10,10,10,10,10,10],"current_hp_per_floor":[80,80,66,60,36,36,36,42,48,50,39,63,63,63,48,0,0],"gold":144,"neow_bonus":"","is_daily":true,"chose_seed":false,"campfire_upgraded":0,"win_rate":0.0,"timestamp":1609744551,"path_taken":["R","M","?","M","M","?","T","M","?","$","E","R","?","?","M","BOSS"],"items_purchased_type":["Relic","Relic","Card","Card","Potion","Relic"],"build_version":"2020-12-22","purchased_purges":0,"victory":false,"max_hp_per_floor":[80,80,80,80,80,80,80,80,80,80,80,80,80,80,80,80,80],"card_choices":[{"not_picked":["Evolve","Battle Trance"],"picked":"SKIP","floor":2},{"not_picked":["Twin Strike"],"picked":"Iron Wave","floor":3},{"not_picked":["Cleave"],"picked":"Pommel Strike","floor":4},{"not_picked":["Twin Strike"],"picked":"Armaments","floor":5},{"not_picked":["Iron Wave","Thunderclap"],"picked":"SKIP","floor":8},{"not_picked":["AT_DiedThrough","Twin Strike"],"picked":"SKIP","floor":9},{"not_picked":["Fiend Fire","AT_BodySlamDance"],"picked":"SKIP","floor":10},{"not_picked":["Clash","AT_DiedThrough"],"picked":"SKIP","floor":11},{"not_picked":["Iron Wave","Anger"],"picked":"SKIP","floor":15}],"player_experience":17510,"relics_obtained":[{"floor":1,"key":"Art of War"},{"floor":3,"key":"AT_GoldPhoenixTree"},{"floor":7,"key":"conspire:Flyswatter"},{"floor":11,"key":"Replay:Bandana"},{"floor":14,"key":"infinitespire:Beetle Shell"}],"event_choices":[{"damage_healed":0,"gold_gain":0,"cards_transformed":["Combust"],"player_choice":"Transformed","damage_taken":0,"max_hp_gain":0,"max_hp_loss":0,"event_name":"Transmorgrifier","floor":6,"gold_loss":0,"cards_obtained":["AT_IchimonjiDouble"]}],"is_beta":false,"boss_relics":[],"items_purged_floors":[],"is_endless":false,"potions_floor_spawned":[5,8,15],"killed_by":"downfall:Defect","ascension_level":0}}