{"host":"dn6kke80v5f7isus","time":1609789411,"event":{"mods":["AchievementEnabler","Act Like it!","BaseMod","Colored Powertips","Custom Start","Defuse TimeMaze Blight","Downfall","Duelist Mod","Gremlin Skip","Highlight Path","Hubris","Infinite Spire","Minty Spire (QoL Compilation)","Rare Cards Sparkle","Replay The Spire","StSLib","The Cursed","Uncapped"],"gold_per_floor":[141,161,161,161,161,186,186,186,186,186,225,225,225,246,246,369,369,388,388,556,671,743,743,787,248,248,286,405,405,405],"floor_reached":29,"playtime":1393,"items_purged":["theDuelist:CastleWalls"],"score":383,"play_id":"2ed15b9d-b141-44ea-bbc1-1233ace18fbd","local_time":"20210104144331","is_ascension_mode":true,"campfire_choices":[{"data":"theDuelist:ToonMaskedSorcerer","floor":7.0,"key":"SMITH"},{"floor":12.0,"key":"REST"},{"floor":15.0,"key":"REST"},{"floor":23,"key":"REST"}],"circlet_count":0,"master_deck":["theDuelist:CastleWalls","theDuelist:MangaRyuRan","theDuelist:Sparks","theDuelist:ToonAncientGear","theDuelist:ToonMermaid","theDuelist:ToonSummonedSkull","theDuelist:ToonWorld","theDuelist:ToonAncientGear","theDuelist:ToonMermaid","infinitespire:NeuralNetwork","theDuelist:ToonMaskedSorcerer+1","theDuelist:ToonDarkMagicianGirl","theDuelist:MillenniumGolem","theDuelist:PotGenerosity","theDuelist:ToonMaskedSorcerer","theDuelist:SwordsConcealing","theDuelist:BlueEyesToon","theDuelist:ToonAncientGear","theDuelist:ToonKingdom"],"relics":["theDuelist:MillenniumPuzzle","theDuelist:CardPoolRelic","theDuelist:CardPoolBasicRelic","theDuelist:BoosterPackPoolRelic","theDuelist:CardPoolAddRelic","theDuelist:CardPoolMinusRelic","theDuelist:CardPoolSaveRelic","theDuelist:CardPoolOptionsRelic","NeowsBlessing","hubris:Towel","theDuelist:SolderToken","Juzu Bracelet","infinitespire:SolderingIron","Golden Idol","MealTicket","hubris:Icosahedron","Empty Cage","hubris:Potato","theDuelist:BoosterExtraAllRaresRelic","Tough Bandages","hubris:RGBLights","hubris:GlazedTorus","theDuelist:ShopToken","theDuelist:ElectricBurst","Dead Branch","theDuelist:SummonAnchor"],"acts_visited":["Exordium","TheCity"],"potions_floor_usage":[20,27],"damage_taken":[{"damage":0.0,"enemies":"2 Louse","floor":1.0,"turns":2.0},{"damage":0.0,"enemies":"Jaw Worm","floor":2.0,"turns":1.0},{"damage":1.0,"enemies":"Lagavulin","floor":6.0,"turns":1.0},{"damage":16.0,"enemies":"3 Sentries","floor":11.0,"turns":5.0},{"damage":5.0,"enemies":"Small Slimes","floor":14.0,"turns":2.0},{"damage":50.0,"enemies":"Hexaghost","floor":16.0,"turns":7.0},{"damage":19.0,"enemies":"Chosen","floor":18.0,"turns":6.0},{"damage":27,"enemies":"Chosen","floor":20,"turns":5},{"damage":25,"enemies":"2 Thieves","floor":21,"turns":4},{"damage":34,"enemies":"Replay:Snechameleon","floor":24,"turns":6},{"damage":20,"enemies":"Slavers","floor":27,"turns":3},{"damage":11,"enemies":"Snecko","floor":28,"turns":5},{"damage":6,"enemies":"Nightmare","floor":29,"turns":3}],"seed_played":"-6195549312120050103","potions_obtained":[{"floor":2.0,"key":"theDuelist:VampireVial"},{"floor":11.0,"key":"theDuelist:WhiteBottle"},{"floor":16.0,"key":"AttackPotion"},{"floor":18.0,"key":"FearPotion"},{"floor":24,"key":"theDuelist:TributeBottle"}],"is_trial":false,"path_per_floor":["M","M","?","?","?","E","R","T","T","?","E","R","?","M","R","B",null,"M","?","?","M","T","R","E","$","T","E","M","NM"],"character_chosen":"THE_DUELIST","items_purchased":["theDuelist:ShopToken","theDuelist:ElectricBurst","theDuelist:TributeBottle","FearPotion"],"campfire_rested":3,"item_purchase_floors":[25,25,25,25],"current_hp_per_floor":[80,80,80,80,59,58,58,58,58,38,22,46,46,41,65,15,80,61,80,53,28,28,52,18,33,33,13,2,0,0],"gold":405,"neow_bonus":"THREE_ENEMY_KILL","is_daily":false,"chose_seed":false,"campfire_upgraded":1,"win_rate":0.0,"timestamp":1609789411,"path_taken":["M","M","?","?","?","E","R","?","T","?","E","R","?","M","R","BOSS","M","?","?","M","?","R","E","$","T","E","M","NM"],"items_purchased_type":["Relic","Relic","Potion","Potion"],"build_version":"2020-12-22","purchased_purges":1,"victory":false,"max_hp_per_floor":[80,80,80,80,80,80,80,80,80,80,80,80,80,80,80,80,80,80,80,80,80,80,80,80,80,80,80,80,80,80],"card_choices":[{"not_picked":["theDuelist:MangaRyuRan","theDuelist:ToonBarrelDragon","theDuelist:CheerfulCoffin","theDuelist:ToonSummonedSkull"],"picked":"theDuelist:ToonAncientGear","floor":1.0},{"not_picked":["theDuelist:SpellShatteringArrow","theDuelist:MangaRyuRan","theDuelist:ToonBarrelDragon","theDuelist:ToonDarkMagician"],"picked":"theDuelist:ToonMermaid","floor":2.0},{"not_picked":["infinitespire:SealOfDarkness+","infinitespire:SevenWalls"],"picked":"infinitespire:NeuralNetwork","floor":5.0},{"not_picked":["theDuelist:SpellShatteringArrow","theDuelist:RedEyesToon","theDuelist:ToonMermaid","theDuelist:ToonBarrelDragon"],"picked":"theDuelist:ToonMaskedSorcerer","floor":6.0},{"not_picked":["theDuelist:RedEyesToon","theDuelist:FlyingSaucer","theDuelist:ToonAncientGear","theDuelist:SpellShatteringArrow"],"picked":"theDuelist:ToonDarkMagicianGirl","floor":11.0},{"not_picked":["theDuelist:ForbiddenLance","theDuelist:HammerShot","theDuelist:Hinotama","theDuelist:Mathematician"],"picked":"theDuelist:MillenniumGolem","floor":14.0},{"not_picked":["theDuelist:FeatherShot","theDuelist:Blockman","theDuelist:ForbiddenLance","theDuelist:MillenniumShield"],"picked":"theDuelist:PotGenerosity","floor":16.0},{"not_picked":["theDuelist:MangaRyuRan","theDuelist:RedEyesToon","theDuelist:FlyingSaucer","theDuelist:ToonAncientGear+1","theDuelist:ToonBarrelDragon"],"picked":"SKIP","floor":18.0},{"not_picked":["theDuelist:ToonDarkMagician","theDuelist:ToonDarkMagicianGirl","theDuelist:RainbowKuriboh","theDuelist:RainbowOverdragon"],"picked":"theDuelist:ToonMaskedSorcerer","floor":20},{"not_picked":["theDuelist:FeatherShot","theDuelist:HeartUnderdog+1"],"picked":"theDuelist:SwordsConcealing","floor":21},{"not_picked":["theDuelist:ToonSummonedSkull+1","theDuelist:FlyingSaucer","theDuelist:ToonAncientGear","theDuelist:ToonMaskedSorcerer+1"],"picked":"theDuelist:BlueEyesToon","floor":24},{"not_picked":["theDuelist:ToonMermaid+1","theDuelist:ToonSummonedSkull","theDuelist:BlueEyesToon","theDuelist:MangaRyuRan"],"picked":"theDuelist:ToonAncientGear","floor":27},{"not_picked":["theDuelist:ToonMermaid","theDuelist:ToonAncientGear","theDuelist:ToonBarrelDragon","theDuelist:SpellShatteringArrow"],"picked":"theDuelist:ToonKingdom","floor":28}],"player_experience":515461,"relics_obtained":[{"floor":6.0,"key":"theDuelist:SolderToken"},{"floor":8.0,"key":"Juzu Bracelet"},{"floor":9.0,"key":"infinitespire:SolderingIron"},{"floor":11.0,"key":"MealTicket"},{"floor":20,"key":"hubris:Potato"},{"floor":20,"key":"theDuelist:BoosterExtraAllRaresRelic"},{"floor":20,"key":"Tough Bandages"},{"floor":22,"key":"hubris:RGBLights"},{"floor":24,"key":"hubris:GlazedTorus"},{"floor":26,"key":"Dead Branch"},{"floor":27,"key":"theDuelist:SummonAnchor"}],"event_choices":[{"damage_healed":0.0,"max_hp_gain":0.0,"max_hp_loss":0.0,"gold_gain":0.0,"event_name":"Golden Idol","player_choice":"Take Damage","floor":10.0,"gold_loss":0.0,"damage_taken":20.0,"relics_obtained":["Golden Idol"]},{"damage_healed":26.0,"max_hp_gain":0.0,"max_hp_loss":0.0,"gold_gain":0.0,"event_name":"The Library","player_choice":"Heal","floor":19.0,"gold_loss":0.0,"damage_taken":0.0},{"damage_healed":0,"gold_gain":0,"player_choice":"Fight","duelist":true,"damage_taken":0,"max_hp_gain":0,"max_hp_loss":0,"event_name":"Battle City","floor":20,"gold_loss":0}],"is_beta":false,"boss_relics":[{"not_picked":["hubris:BlackHole","hubris:GrandSneckoEye"],"picked":"Empty Cage"}],"items_purged_floors":[25],"is_endless":false,"potions_floor_spawned":[2,11,16,18,24],"killed_by":"Nightmare","ascension_level":1}}