{"host":"55yei7x27djrlaep","time":1609765897,"event":{"mods":["Act Like it!","Aspiration","BaseMod","Better Altar","Better Match","Better Note","Better Sensory Stone","Better Skull","Better Third Choice","BetterRewards","Colored Map","Conspire","Friendly Minions","GifTheSpireLib","Gremlin Mod","Halation","Hubris","Marisa????????","Minty Spire (QoL Compilation)","Pale of the Ancients","Replay The Spire","StSLib","Stuff the Spire","The Marked"],"gold_per_floor":[119,145,145,145,95,95,97,97,148,148,181,200,200,234,234,361,361,393,411,113,113,140,140,140,182,206,268,268,310,316,349,349],"floor_reached":31,"playtime":1796,"items_purged":["theMarked:Strike"],"score":445,"play_id":"a90809eb-48ad-4337-93a1-1764964ee366","local_time":"20210104161137","is_ascension_mode":true,"campfire_choices":[{"data":"conspire:SpireCoStock","floor":6,"key":"SMITH"},{"data":"theMarked:WardOff","floor":8,"key":"SMITH"},{"data":"theMarked:SoldierOfQuellstein","floor":10,"key":"SMITH"},{"data":"theMarked:BanishingStrike","floor":13,"key":"SMITH"},{"floor":15,"key":"RECALL"},{"data":"theMarked:MagicAdept","floor":23,"key":"SMITH"},{"floor":28,"key":"REST"}],"circlet_count":0,"master_deck":["theMarked:Strike","theMarked:Strike","theMarked:Strike","theMarked:Defend","theMarked:Defend","theMarked:Defend","theMarked:Defend","theMarked:SoldierOfQuellstein+1","theMarked:SelfDefenseTraining+1","theMarked:DeterminationOfTheMarked","theMarked:WardOff+1","Amnesia","conspire:SpireCoStock+1","theMarked:RepellingDischarge","theMarked:BanishingStrike+1","theMarked:EnhanceMovement","hubris:NaturalOne","theMarked:MagicAdept+1","theMarked:Panic+1","theMarked:BanishingWave","theMarked:Improvise","theMarked:WardOff","theMarked:SummonStrength"],"relics":["theMarked:ArtifactOfAir","ClockworkSouvenir","ReplayFunnel","hubris:DisguiseKit","hubris:Icosahedron","Replay:Accelerometer","halation:AfternoonTea","hubris:TerracottaHorce","Blood Vial","halation:IllGainedPizza","conspire:TopHat","Pantograph","Gremlin Horn"],"acts_visited":["Exordium","TheCity"],"potions_floor_usage":[18,22,25,30,31,31],"damage_taken":[{"damage":0,"enemies":"Cultist","floor":1,"turns":4},{"damage":10,"enemies":"Lagavulin","floor":7,"turns":9},{"damage":0,"enemies":"Small Slimes","floor":11,"turns":6},{"damage":0,"enemies":"2 Louse","floor":12,"turns":4},{"damage":1,"enemies":"Looter","floor":14,"turns":4},{"damage":42,"enemies":"Slime Boss","floor":16,"turns":15},{"damage":7,"enemies":"2 Thieves","floor":18,"turns":4},{"damage":0,"enemies":"Chosen","floor":19,"turns":6},{"damage":7,"enemies":"Snake Plant","floor":22,"turns":4},{"damage":9,"enemies":"Cultist and Chosen","floor":25,"turns":6},{"damage":36,"enemies":"Book of Stabbing","floor":27,"turns":7},{"damage":12,"enemies":"Slavers","floor":29,"turns":6},{"damage":29,"enemies":"Colosseum Slavers","floor":30,"turns":4},{"damage":6,"enemies":"Snecko","floor":31,"turns":3}],"seed_played":"-6428889126796987864","potions_obtained":[{"floor":1,"key":"theMarked:SummonPotion"},{"floor":12,"key":"SkillPotion"},{"floor":16,"key":"LifebloodPotion"},{"floor":18,"key":"SpeedPotion"},{"floor":22,"key":"Milkshake"},{"floor":29,"key":"Reflective Coating"}],"is_trial":false,"path_per_floor":["M","T","?","?","?","R","E","R","T","R","M","M","R","M","R","B",null,"M","M","$","T","M","R","?","M","T","E","R","E","?","M"],"character_chosen":"THE_DEFAULT","items_purchased":["theMarked:SelfDefenseTraining+1","ClockworkSouvenir","theMarked:BanishingWave","Blood Vial"],"campfire_rested":1,"item_purchase_floors":[0,0,20,20],"current_hp_per_floor":[70,70,70,70,70,70,60,60,60,60,60,60,60,59,59,17,57,50,50,50,50,45,45,45,38,38,4,25,30,3,0,0],"gold":349,"neow_bonus":"","is_daily":false,"chose_seed":false,"campfire_upgraded":5,"win_rate":0.0,"timestamp":1609765897,"path_taken":["M","?","?","?","?","R","E","R","T","R","M","M","R","?","R","BOSS","M","M","$","?","M","R","?","M","T","E","R","E","?","M"],"items_purchased_type":["Card","Relic","Card","Relic"],"build_version":"2020-12-22","purchased_purges":1,"victory":false,"max_hp_per_floor":[70,70,70,70,70,70,70,70,70,70,70,70,70,70,70,70,70,70,70,70,70,70,70,70,70,70,70,70,70,70,70,70],"card_choices":[{"not_picked":["theMarked:ChainLightning","theMarked:Parkour"],"picked":"theMarked:WardOff","floor":1},{"not_picked":["theMarked:ElectricStrings","theMarked:SwordAndMagic","ReplayTheSpireMod:Shiv Toss"],"picked":"theMarked:RepellingDischarge","floor":7},{"not_picked":["theMarked:KeepCalmAndFightOn","theMarked:EmpowerWeapon","Bane"],"picked":"theMarked:BanishingStrike","floor":11},{"not_picked":["theMarked:Convert","theMarked:ChainLightning","theMarked:ElectricStrings","Deflect"],"picked":"SKIP","floor":12},{"not_picked":["theMarked:Parry","theMarked:EmpowerWeapon","Acrobatics"],"picked":"theMarked:EnhanceMovement","floor":14},{"not_picked":["theMarked:Challenge","theMarked:UnarmedFury","Night Terror"],"picked":"theMarked:MagicAdept","floor":16},{"not_picked":["theMarked:ContemptForTheProud+1","theMarked:CreepingChasm","theMarked:Aftermath","Choke"],"picked":"SKIP","floor":18},{"not_picked":["theMarked:Parkour","theMarked:Opportunist","Draining Mist"],"picked":"theMarked:Panic+1","floor":19},{"not_picked":["theMarked:ReduceFriction","theMarked:Indomitable","Finisher"],"picked":"theMarked:Improvise","floor":22},{"not_picked":["theMarked:KeepCalmAndFightOn","theMarked:RepellingDischarge","Poisoned Stab"],"picked":"theMarked:WardOff","floor":25},{"not_picked":["theMarked:ChainLightning","theMarked:KeepCalmAndFightOn","theMarked:Aftermath","Dodge and Roll"],"picked":"SKIP","floor":27},{"not_picked":["theMarked:ReduceFriction","theMarked:SwordAndMagic","Dagger Throw"],"picked":"theMarked:SummonStrength","floor":29}],"player_experience":419796,"relics_obtained":[{"floor":2,"key":"ReplayFunnel"},{"floor":7,"key":"Replay:Accelerometer"},{"floor":9,"key":"halation:AfternoonTea"},{"floor":26,"key":"conspire:TopHat"},{"floor":27,"key":"Pantograph"},{"floor":29,"key":"Gremlin Horn"}],"event_choices":[{"damage_healed":0,"gold_gain":0,"player_choice":"Invest 1","damage_taken":0,"max_hp_gain":0,"max_hp_loss":0,"event_name":"conspire:Investor","floor":5,"gold_loss":0},{"damage_healed":0,"gold_gain":0,"player_choice":"Fight","damage_taken":0,"max_hp_gain":0,"max_hp_loss":0,"event_name":"Colosseum","floor":30,"gold_loss":0},{"damage_healed":0,"gold_gain":0,"player_choice":"Fled From Nobs","damage_taken":0,"max_hp_gain":0,"max_hp_loss":0,"event_name":"Colosseum","floor":30,"gold_loss":0}],"is_beta":false,"boss_relics":[{"not_picked":["Ectoplasm","halation:PinkAlligatorPlush"],"picked":"hubris:TerracottaHorce"}],"items_purged_floors":[20],"is_endless":false,"potions_floor_spawned":[1,12,16,18,22,29,30],"killed_by":"Snecko","ascension_level":4}}