{"host":"65mk3suhfjklhbko","time":1609788148,"event":{"mods":["AchievementEnabler","BaseMod","Bestiary","Minty Spire (QoL Compilation)","Quick Restart","StSLib"],"gold_per_floor":[115,132,143,143,143,143,163,180,180,180,206,218,6,34,34,105,105,121,20,36,55,65,65,95,105,131,131,131,158,158,168,168,241,241,259,259,279,292,312,312,339,359,359,359,359,372,399,399,399,399],"floor_reached":51,"playtime":1934,"items_purged":["Headbutt"],"score":1476,"play_id":"feaec73c-ef0d-4b55-a5d2-e4c59ea17362","local_time":"20210104142228","is_ascension_mode":true,"campfire_choices":[{"data":"Perfected Strike","floor":6.0,"key":"SMITH"},{"floor":10.0,"key":"REST"},{"data":"Demon Form","floor":15.0,"key":"SMITH"},{"data":"Perfected Strike","floor":23.0,"key":"SMITH"},{"data":"Perfected Strike","floor":27.0,"key":"SMITH"},{"floor":30.0,"key":"REST"},{"data":"Shockwave","floor":32.0,"key":"SMITH"},{"floor":40.0,"key":"REST"},{"data":"Perfected Strike","floor":44.0,"key":"SMITH"},{"floor":49,"key":"REST"}],"circlet_count":0,"master_deck":["AscendersBane","Strike_R","Strike_R","Strike_R","Strike_R","Strike_R","Defend_R","Defend_R","Defend_R","Bash","Perfected Strike+1","Shockwave+1","Feed","Perfected Strike+1","Thunderclap","Demon Form+1","Immolate","Perfected Strike+1","Pommel Strike","Pommel Strike","Entrench","Shrug It Off","Impervious","Perfected Strike+1","Ghostly Armor+1","Pommel Strike","Fire Breathing+1"],"relics":["Burning Blood","Art of War","Tiny Chest","Kunai","OrangePellets","Pear","Snecko Eye","Pocketwatch","Red Skull","Torii","Cursed Key","Letter Opener","Sundial"],"acts_visited":["Exordium","TheCity","TheBeyond"],"potions_floor_usage":[50],"damage_taken":[{"damage":1.0,"enemies":"Cultist","floor":1.0,"turns":3.0},{"damage":14.0,"enemies":"Jaw Worm","floor":2.0,"turns":5.0},{"damage":7.0,"enemies":"Small Slimes","floor":3.0,"turns":4.0},{"damage":0.0,"enemies":"2 Fungi Beasts","floor":7.0,"turns":2.0},{"damage":0.0,"enemies":"Lots of Slimes","floor":8.0,"turns":1.0},{"damage":30.0,"enemies":"3 Sentries","floor":11.0,"turns":8.0},{"damage":17.0,"enemies":"Looter","floor":12.0,"turns":3.0},{"damage":20.0,"enemies":"Lagavulin","floor":14.0,"turns":6.0},{"damage":26.0,"enemies":"Hexaghost","floor":16.0,"turns":7.0},{"damage":18.0,"enemies":"Chosen","floor":18.0,"turns":4.0},{"damage":11.0,"enemies":"Spheric Guardian","floor":20.0,"turns":3.0},{"damage":2.0,"enemies":"Centurion and Healer","floor":21.0,"turns":3.0},{"damage":0.0,"enemies":"Snake Plant","floor":22.0,"turns":1.0},{"damage":2.0,"enemies":"Slavers","floor":24.0,"turns":3.0},{"damage":3.0,"enemies":"3 Cultists","floor":25.0,"turns":3.0},{"damage":32.0,"enemies":"Book of Stabbing","floor":29.0,"turns":4.0},{"damage":15.0,"enemies":"Centurion and Healer","floor":31.0,"turns":4.0},{"damage":57.0,"enemies":"Champ","floor":33.0,"turns":7.0},{"damage":16.0,"enemies":"Orb Walker","floor":35.0,"turns":2.0},{"damage":0.0,"enemies":"3 Shapes","floor":37.0,"turns":1.0},{"damage":0.0,"enemies":"Transient","floor":38.0,"turns":6.0},{"damage":37.0,"enemies":"Sphere and 2 Shapes","floor":39.0,"turns":4.0},{"damage":16.0,"enemies":"Giant Head","floor":41.0,"turns":6.0},{"damage":1.0,"enemies":"Jaw Worm Horde","floor":42.0,"turns":2.0},{"damage":12.0,"enemies":"Transient","floor":46.0,"turns":6.0},{"damage":25.0,"enemies":"Reptomancer","floor":47.0,"turns":6.0},{"damage":87,"enemies":"Donu and Deca","floor":50,"turns":8}],"seed_played":"-2472076226296931821","potions_obtained":[{"floor":1.0,"key":"Fire Potion"},{"floor":2.0,"key":"AttackPotion"},{"floor":14.0,"key":"FearPotion"},{"floor":16.0,"key":"Swift Potion"},{"floor":24.0,"key":"DistilledChaos"},{"floor":29.0,"key":"LiquidMemories"},{"floor":33.0,"key":"SteroidPotion"},{"floor":37.0,"key":"Weak Potion"},{"floor":41.0,"key":"GamblersBrew"},{"floor":47.0,"key":"AttackPotion"}],"is_trial":false,"path_per_floor":["M","M","M","?","?","R","M","M","T","R","E","M","$","E","R","B",null,"M","$","M","M","M","R","E","M","T","R","?","E","R","M","R","B",null,"M","?","M","M","M","R","E","M","T","R","T","M","E","T","R","B",null],"character_chosen":"IRONCLAD","items_purchased":["OrangePellets","Thunderclap","Pommel Strike"],"campfire_rested":4,"item_purchase_floors":[13,13,19],"current_hp_per_floor":[80,72,71,45,45,45,51,57,57,81,57,49,49,45,45,28,81,72,72,67,71,77,77,84,90,90,90,90,64,96,90,90,39,92,85,85,91,97,69,103,96,104,104,104,104,98,79,79,115,37],"gold":399,"neow_bonus":"TEN_PERCENT_HP_BONUS","is_daily":false,"chose_seed":false,"campfire_upgraded":6,"win_rate":0.0,"timestamp":1609788148,"path_taken":["M","M","M","?","?","R","M","?","T","R","E","M","$","E","R","BOSS","M","$","M","M","M","R","E","M","T","R","?","E","R","M","R","BOSS","M","?","M","M","?","R","E","M","T","R","?","M","E","?","R","BOSS"],"items_purchased_type":["Relic","Card","Card"],"build_version":"2020-12-22","purchased_purges":1,"victory":true,"max_hp_per_floor":[82,82,82,82,82,82,82,82,82,82,82,85,85,95,95,98,98,101,101,101,101,101,101,104,107,107,107,107,107,107,110,110,110,110,113,113,113,113,116,116,119,122,122,122,122,122,122,122,122,125],"card_choices":[{"not_picked":["Havoc","True Grit"],"picked":"Perfected Strike","floor":2.0},{"not_picked":["Anger","Shrug It Off"],"picked":"Headbutt","floor":3.0},{"not_picked":["Burning Pact","Havoc"],"picked":"Shockwave","floor":8.0},{"not_picked":["Iron Wave","Shrug It Off"],"picked":"Feed","floor":11.0},{"not_picked":["Thunderclap","Clothesline"],"picked":"Perfected Strike","floor":12.0},{"not_picked":["Body Slam","Flex"],"picked":"Demon Form","floor":14.0},{"not_picked":["Double Tap","Juggernaut"],"picked":"Immolate","floor":16.0},{"not_picked":["Flex","Iron Wave+1"],"picked":"Perfected Strike","floor":18.0},{"not_picked":["Shrug It Off","Power Through"],"picked":"Pommel Strike","floor":22.0},{"not_picked":["Clash","Flex+1"],"picked":"Entrench","floor":29.0},{"not_picked":["Rampage","Feed"],"picked":"Shrug It Off","floor":31.0},{"not_picked":["Demon Form","Corruption"],"picked":"Impervious","floor":33.0},{"not_picked":["Double Tap","Spot Weakness+1"],"picked":"Perfected Strike","floor":39.0},{"not_picked":["Heavy Blade","Armaments"],"picked":"Ghostly Armor+1","floor":41.0},{"not_picked":["Iron Wave+1","Rage"],"picked":"Pommel Strike","floor":42.0},{"not_picked":["Armaments+1","Exhume"],"picked":"Fire Breathing+1","floor":47.0}],"player_experience":633064,"relics_obtained":[{"floor":9.0,"key":"Tiny Chest"},{"floor":11.0,"key":"Kunai"},{"floor":14.0,"key":"Pear"},{"floor":24.0,"key":"Pocketwatch"},{"floor":26.0,"key":"Red Skull"},{"floor":29.0,"key":"Torii"},{"floor":41.0,"key":"Letter Opener"},{"floor":47.0,"key":"Sundial"}],"event_choices":[{"damage_healed":0.0,"max_hp_gain":0.0,"max_hp_loss":0.0,"gold_gain":0.0,"event_name":"Scrap Ooze","player_choice":"Success","floor":4.0,"gold_loss":0.0,"damage_taken":26.0,"relics_obtained":["Art of War"]},{"damage_healed":0.0,"max_hp_gain":0.0,"max_hp_loss":0.0,"gold_gain":0.0,"event_name":"Lab","player_choice":"Got Potions","floor":5.0,"gold_loss":0.0,"damage_taken":0.0},{"damage_healed":0.0,"max_hp_gain":0.0,"max_hp_loss":0.0,"gold_gain":0.0,"event_name":"The Mausoleum","player_choice":"Ignored","floor":28.0,"gold_loss":0.0,"damage_taken":0.0},{"cards_removed":["Defend_R"],"damage_healed":0.0,"max_hp_gain":0.0,"max_hp_loss":0.0,"gold_gain":0.0,"event_name":"Bonfire Elementals","player_choice":"Offered Basic","floor":36.0,"gold_loss":0.0,"damage_taken":0.0}],"is_beta":false,"boss_relics":[{"not_picked":["Runic Cube","Fusion Hammer"],"picked":"Snecko Eye"},{"not_picked":["Coffee Dripper","Runic Pyramid"],"picked":"Cursed Key"}],"items_purged_floors":[19],"is_endless":false,"potions_floor_spawned":[1,2,14,16,18,21,24,29,33,37,38,41,47],"ascension_level":18}}