{"host":"7trwizmysqu3yl6m","time":1609792482,"event":{"mods":["Act Like it!","BaseMod","Downfall","Hallownest","Minty Spire (QoL Compilation)","StSLib","The Animator","The Bug Knight"],"gold_per_floor":[99,114,129,129,149,160,185,205,224,674,674,692,702,730,748,748,748,748],"floor_reached":16,"playtime":956,"items_purged":[],"score":108,"play_id":"69d5d95e-b2f7-4794-abce-7933dec3337d","local_time":"20210104213442","is_ascension_mode":false,"campfire_choices":[{"data":"Guardian:CurlUp","floor":1,"key":"SMITH"}],"circlet_count":0,"master_deck":["Guardian:Strike_Guardian","Guardian:Strike_Guardian","Guardian:Strike_Guardian","Guardian:Strike_Guardian","Guardian:Defend_Guardian","Guardian:Defend_Guardian","Guardian:Defend_Guardian+1","Guardian:Defend_Guardian+1","Guardian:CurlUp+1","Guardian:TwinSlam","Guardian:Preprogram","Guardian:RollAttack","Guardian:EvasiveProtocol","Slimebound:Icky","Slimebound:Icky","Guardian:Gem_Blue","Guardian:Gem_Lightblue","Guardian:BaubleBeam","Guardian:ShieldCharger"],"relics":["Guardian:ModeShifter","War Paint"],"acts_visited":["Exordium"],"potions_floor_usage":[12,14,14,16,16],"damage_taken":[{"damage":1,"enemies":"Jaw Worm","floor":2,"turns":5},{"damage":0,"enemies":"Cultist","floor":3,"turns":3},{"damage":0,"enemies":"Small Slimes","floor":5,"turns":4},{"damage":6,"enemies":"Blue Slaver","floor":6,"turns":4},{"damage":0,"enemies":"Lots of Slimes","floor":8,"turns":1},{"damage":11,"enemies":"Exordium Thugs","floor":9,"turns":4},{"damage":13,"enemies":"Lots of Slimes","floor":12,"turns":2},{"damage":5,"enemies":"Gremlin Gang","floor":13,"turns":3},{"damage":27,"enemies":"Lagavulin","floor":14,"turns":9},{"damage":4,"enemies":"Blue Slaver","floor":15,"turns":4},{"damage":27,"enemies":"downfall:Silent","floor":16,"turns":12}],"seed_played":"1421034432015531635","potions_obtained":[{"floor":2,"key":"Weak Potion"},{"floor":3,"key":"FearPotion"},{"floor":4,"key":"hexamod:EctoCoolerPotion"},{"floor":4,"key":"SkillPotion"},{"floor":4,"key":"Dexterity Potion"},{"floor":14,"key":"Energy Potion"},{"floor":15,"key":"SpeedPotion"}],"is_trial":false,"path_per_floor":["R","M","M","?","M","M","T","M","M","?","?","M","M","E","M","B"],"character_chosen":"GUARDIAN","items_purchased":[],"campfire_rested":0,"item_purchase_floors":[],"current_hp_per_floor":[88,87,87,87,87,81,81,81,70,70,70,57,52,25,21,0,0,0],"gold":748,"neow_bonus":"TEN_PERCENT_HP_BONUS","is_daily":false,"chose_seed":false,"campfire_upgraded":1,"win_rate":0.0,"timestamp":1609792482,"path_taken":["R","M","M","?","M","M","T","M","?","?","?","M","M","E","M","BOSS"],"items_purchased_type":[],"build_version":"2020-12-22","purchased_purges":0,"victory":false,"max_hp_per_floor":[88,88,88,88,88,88,88,88,88,88,88,88,88,88,88,88,88,88],"card_choices":[{"not_picked":["Guardian:PrimingBeam","Guardian:PolyBeam"],"picked":"Guardian:Preprogram","floor":2},{"not_picked":["Guardian:PiercingHide","Guardian:Incinerate"],"picked":"Guardian:Gem_Green","floor":3},{"not_picked":["Guardian:TemporalShield","Guardian:RefractedBeam"],"picked":"Guardian:RollAttack","floor":5},{"not_picked":["Guardian:Recover","Guardian:CrystalBeam"],"picked":"Guardian:Gem_Blue","floor":6},{"not_picked":["Guardian:TemporalShield","Guardian:TimeCapacitor"],"picked":"Guardian:EvasiveProtocol","floor":8},{"not_picked":["Guardian:RollAttack","Guardian:Gem_Lightblue","Guardian:Suspension"],"picked":"SKIP","floor":9},{"not_picked":["Guardian:Suspension","Guardian:FloatingOrbs"],"picked":"Guardian:Gem_Blue","floor":12},{"not_picked":["Guardian:ShieldSpikes","Guardian:Reroute"],"picked":"Guardian:Gem_Lightblue","floor":13},{"not_picked":["Guardian:TemporalStrike","Guardian:PiercingHide"],"picked":"Guardian:BaubleBeam","floor":14},{"not_picked":["Guardian:SentryBeam","Guardian:ArmoredProtocol"],"picked":"Guardian:ShieldCharger","floor":15}],"player_experience":389960,"relics_obtained":[{"floor":14,"key":"War Paint"}],"event_choices":[{"damage_healed":0,"gold_gain":0,"player_choice":"Got Potions","damage_taken":0,"max_hp_gain":0,"max_hp_loss":0,"event_name":"Lab","floor":4,"gold_loss":0}],"is_beta":false,"boss_relics":[],"items_purged_floors":[],"is_endless":false,"potions_floor_spawned":[2,3,8,14,15],"killed_by":"downfall:Silent","ascension_level":0}}