{"host":"a6e7726euhze0d52","time":1609794243,"event":{"mods":["2.2 Compatiblity","Act Like it!","Alarm Clock","BaseMod","Better Match","Better Note","Better Sensory Stone","Better Silent Start","Better Skull","Better Synergies","Better Vampires","Better-Laid Plans","Block Reminder","Colored Map","Disable Question Mark Monsters","Displayed Cursed Tome","Downfall","Energized Spire","Friendly Minions","GifTheSpireLib","Gold Saver","Lobotomy","LobotomyExtend","Marked Mod","Minty Spire (QoL Compilation)","RRrroohrrRGHHhhh!!","Rare Cards Sparkle","Replay The Spire","Retaliation","SacredBarkPlus","Shop Mod","Small Relic Pack","Somnambulant","Spicy Shops","StSLib","Stuff the Spire","The Blue Laboratory","vexMod"],"gold_per_floor":[405,50,50,75,88,13,13,13,13,129,42,54,72,88,103,200,200,50,35,35,49,68,68,68,68,204,223,223,223,223,208,220,324,324,324,324,324,324],"floor_reached":36,"playtime":3552,"items_purged":[],"score":413,"play_id":"a93a3716-a240-413e-b54c-a6bdcf36e073","local_time":"20210104220403","is_ascension_mode":false,"campfire_choices":[{"floor":1.0,"key":"RECALL"},{"data":"hexamod:EmpoweredFlame","floor":3.0,"key":"SMITH"},{"data":"hexamod:Float","floor":6.0,"key":"SMITH"},{"data":"hexamod:FlamesFromBeyond","floor":8.0,"key":"SMITH"},{"data":"hexamod:HexaLevel","floor":18.0,"key":"SMITH"},{"data":"hexamod:GhostflameInferno","floor":25,"key":"SMITH"},{"floor":28,"key":"REST"}],"circlet_count":2,"master_deck":["Madness","hexamod:Strike","hexamod:Strike","hexamod:Strike","hexamod:Strike","hexamod:Defend","hexamod:Defend","hexamod:Defend","hexamod:Defend","hexamod:Sear","hexamod:Float+1","Bandage Up","hexamod:FlamesFromBeyond+1","hexamod:EmpoweredFlame+1","hexamod:GhostShield","hexamod:NightmareGuise","hexamod:ThirdSeal","hexamod:InspiringFlames","hexamod:AdvancingGuard","hexamod:Hexaguard","hexamod:SoulSteal","hexamod:FirstSeal","hexamod:SwordOfDarkness","hexamod:Again","hexamod:BurningTouch","hexamod:FourthSeal","hexamod:ShieldOfDarkness","hexamod:PhantomFireball","hexamod:HeatCrush","hexamod:StepThrough","hexamod:HexaLevel+1","hexamod:GhostflameInferno+1","hexamod:RainOfEmbers+1","hexamod:ChargedBarrage","StuffTheSpire:Innocence+1","hexamod:FlamesFromBeyond","hexamod:FastForward","hexamod:VolcanoVisage"],"relics":["hexamod:SpiritBrand","HandDrill","StuffTheSpire:TintedRock","downfall:HeartBlessingRed","Art of War","SlaversCollar","downfall:HeartBlessingBlue","downfall:HeartBlessingGreen","LetterFromLob","Circlet","Heaven_r","Sozu"],"acts_visited":["Exordium","TheCity","TheBeyond"],"potions_floor_usage":[22,26,26,29,29,29],"damage_taken":[{"damage":0.0,"enemies":"downfall:FleeingMerchant","floor":2.0,"turns":4.0},{"damage":9.0,"enemies":"Lagavulin","floor":4.0,"turns":5.0},{"damage":0.0,"enemies":"Small Slimes","floor":5.0,"turns":3.0},{"damage":26.0,"enemies":"Replay:BlueRogue","floor":10.0,"turns":8.0},{"damage":0.0,"enemies":"downfall:FleeingMerchant","floor":11.0,"turns":4.0},{"damage":0.0,"enemies":"Cultist","floor":12.0,"turns":3.0},{"damage":0.0,"enemies":"theSlumbering:NewCultist","floor":13.0,"turns":3.0},{"damage":9.0,"enemies":"conspire:2 RoseBushes","floor":14.0,"turns":4.0},{"damage":14.0,"enemies":"Lots of Slimes","floor":15.0,"turns":4.0},{"damage":13.0,"enemies":"downfall:Watcher","floor":16.0,"turns":10.0},{"damage":8.0,"enemies":"downfall:FleeingMerchant","floor":19.0,"turns":4.0},{"damage":13,"enemies":"Shell Parasite","floor":21,"turns":7},{"damage":14,"enemies":"Spheric Guardian","floor":22,"turns":5},{"damage":31,"enemies":"Slavers","floor":26,"turns":5},{"damage":36,"enemies":"Shelled Parasite and Fungi","floor":27,"turns":5},{"damage":41,"enemies":"Sentry and Sphere","floor":29,"turns":4},{"damage":4,"enemies":"downfall:FleeingMerchant","floor":31,"turns":4},{"damage":12,"enemies":"Sentry and Sphere","floor":32,"turns":5},{"damage":13,"enemies":"downfall:Ironclad","floor":33,"turns":7},{"damage":0,"enemies":"3 Shapes","floor":36,"turns":1}],"seed_played":"657429255458338435","potions_obtained":[{"floor":4.0,"key":"blueLaboratory:PhilterOfMotion"},{"floor":5.0,"key":"Ancient Potion"},{"floor":13.0,"key":"blueLaboratory:BottleOfRum"},{"floor":16.0,"key":"AttackPotion"},{"floor":19.0,"key":"Slimebound:ThreeZeroPotion"},{"floor":21,"key":"Milkshake"},{"floor":22,"key":"Regen Potion"},{"floor":26,"key":"Doom Potion"},{"floor":27,"key":"DuplicationPotion"}],"is_trial":false,"path_per_floor":["R","$","R","E","M","R","T","R","?","E","$","M","M","M","M","B",null,"R","$","R","M","M","?","T","R","E","M","R","M","?","$","M","B",null,"R_BF","M"],"character_chosen":"THE_SPIRIT","items_purchased":["HandDrill","hexamod:EmpoweredFlame","hexamod:GhostShield","hexamod:NightmareGuise","hexamod:Again"],"campfire_rested":1,"item_purchase_floors":[2,2,2,2,11],"current_hp_per_floor":[70,70,70,65,69,69,69,69,69,46,52,63,70,65,62,60,70,80,79,79,77,74,74,74,74,57,32,56,19,19,19,14,12,80,80,80,80,80],"gold":324,"neow_bonus":"RANDOM_COLORLESS","is_daily":false,"chose_seed":false,"campfire_upgraded":5,"win_rate":0.0,"timestamp":1609794243,"path_taken":["R","$","R","E","M","R","T","R","?","E","$","M","M","M","M","BOSS","R","$","R","M","M","?","T","R","E","M","R","M","?","$","M","BOSS","R_BF","M"],"items_purchased_type":["Relic","Card","Card","Card","Card"],"build_version":"2020-12-22","purchased_purges":0,"victory":false,"max_hp_per_floor":[70,70,70,70,70,70,70,70,70,70,70,70,70,70,70,70,70,80,80,80,80,80,80,80,80,80,80,80,80,80,80,80,80,80,80,80,80,80],"card_choices":[{"not_picked":["ReplayTheSpireMod:Private Reserves","expansioncontent:Torchfire"],"picked":"Bandage Up","floor":0.0},{"not_picked":["hexamod:SwordOfDarkness","hexamod:SpectralAdrenaline"],"picked":"hexamod:FlamesFromBeyond","floor":2.0},{"not_picked":["hexamod:ThermalTransfer","hexamod:FourthSeal"],"picked":"hexamod:ThirdSeal","floor":4.0},{"not_picked":["hexamod:ThermalTransfer","hexamod:Again"],"picked":"hexamod:InspiringFlames","floor":5.0},{"not_picked":["hexamod:SpectersWail","hexamod:FastForward"],"picked":"hexamod:AdvancingGuard","floor":5.0},{"not_picked":["hexamod:TimeWarp","hexamod:FourthSeal"],"picked":"hexamod:Hexaguard","floor":10.0},{"not_picked":["hexamod:EmpoweredFlame","hexamod:SpectralAdrenaline"],"picked":"hexamod:SoulSteal","floor":10.0},{"not_picked":["hexamod:HeatMetal","hexamod:NightmareStrike"],"picked":"hexamod:FirstSeal","floor":11.0},{"not_picked":["hexamod:ThirdSeal","hexamod:Firestarter"],"picked":"hexamod:SwordOfDarkness","floor":11.0},{"not_picked":["hexamod:Firestarter","hexamod:NightmareGuise"],"picked":"hexamod:BurningTouch","floor":12.0},{"not_picked":["hexamod:SwordOfDarkness","hexamod:Incineration"],"picked":"hexamod:FourthSeal","floor":12.0},{"not_picked":["hexamod:FirstSeal","hexamod:Hexaguard","hexamod:HauntingEcho"],"picked":"SKIP","floor":13.0},{"not_picked":["hexamod:Hexaguard","hexamod:GhostLash"],"picked":"hexamod:ShieldOfDarkness","floor":14.0},{"not_picked":["hexamod:GhostLash","hexamod:BacktrackSmack"],"picked":"hexamod:PhantomFireball","floor":14.0},{"not_picked":["hexamod:HauntingEcho","hexamod:TurnItUp"],"picked":"hexamod:HeatCrush","floor":15.0},{"not_picked":["hexamod:AdvancingGuard","hexamod:SpectersWail"],"picked":"hexamod:StepThrough","floor":15.0},{"not_picked":["hexamod:GhostflameInferno","hexamod:CrushingStance"],"picked":"hexamod:HexaLevel","floor":16.0},{"not_picked":["hexamod:GhostShield","hexamod:Hexaguard","hexamod:Firestarter"],"picked":"SKIP","floor":19.0},{"not_picked":["hexamod:EtherealExpedition+1","hexamod:BacktrackSmack","hexamod:FirstSeal"],"picked":"SKIP","floor":19.0},{"not_picked":["hexamod:StepThrough","hexamod:GhostLash"],"picked":"hexamod:GhostflameInferno","floor":21},{"not_picked":["hexamod:BurningTouch","hexamod:NightmareGuise","hexamod:GhostShield"],"picked":"SKIP","floor":21},{"not_picked":["hexamod:Hexaguard","hexamod:NightmareStrike"],"picked":"hexamod:RainOfEmbers+1","floor":22},{"not_picked":["hexamod:HauntingEcho","hexamod:Incineration"],"picked":"hexamod:ChargedBarrage","floor":22},{"not_picked":["hexamod:TurnItUp","hexamod:RainOfEmbers+1","hexamod:ThermalTransfer"],"picked":"SKIP","floor":26},{"not_picked":["hexamod:EmpoweredFlame","hexamod:ShieldOfDarkness"],"picked":"hexamod:FlamesFromBeyond","floor":27},{"not_picked":["hexamod:BacktrackSmack","hexamod:GhostLash"],"picked":"hexamod:FastForward","floor":31},{"not_picked":["hexamod:GhostShield","hexamod:BurningTouch","hexamod:Firestarter"],"picked":"SKIP","floor":32},{"not_picked":["hexamod:CrushingStance","hexamod:UnleashSpirits"],"picked":"hexamod:VolcanoVisage","floor":33}],"player_experience":506505,"relics_obtained":[{"floor":4.0,"key":"StuffTheSpire:TintedRock"},{"floor":10.0,"key":"Art of War"},{"floor":21,"key":"LetterFromLob"},{"floor":24,"key":"Circlet"},{"floor":26,"key":"Circlet"}],"event_choices":[{"cards_removed":["hexamod:FlamesFromBeyond"],"damage_healed":0,"gold_gain":0,"player_choice":"Take \u0026 Give","damage_taken":0,"max_hp_gain":0,"max_hp_loss":0,"event_name":"betterNote:BetterNote","floor":23,"gold_loss":0,"cards_obtained":["StuffTheSpire:Innocence"]}],"is_beta":false,"boss_relics":[{"not_picked":["energizedSpire:DeadBattery","ReplayTheSpireMod:DimensionalGlitch"],"picked":"SlaversCollar"},{"not_picked":["Replay:Bronze Core","energizedSpire:NeverEndingSparkler"],"picked":"Sozu"}],"items_purged_floors":[],"is_endless":false,"potions_floor_spawned":[4,5,15,16,22,27,29],"killed_by":"3 Shapes","ascension_level":0}}