{"host":"Timothy","time":1609741397,"event":{"mods":["AchievementEnabler","BaseMod","Bestiary","Highlight Path","Minty Spire (QoL Compilation)","Quick Restart","Slay-I"],"gold_per_floor":[112,127,144,162,180,6,6,6,6,16,16,16,32,43,43,139,139,159,159,176,66,84,113,125,150,162,192,204,216,143,187,199,309,321,348,112,162,114,69,96,96,96,96,106,106,122,138,138,138,138,138],"floor_reached":50,"playtime":3189,"items_purged":["Strike_B","Strike_B"],"score":554,"play_id":"08872a4e-7845-4ce0-a5c9-1d9855448970","local_time":"20210103222317","is_ascension_mode":false,"campfire_choices":[{"data":"Coolheaded","floor":11.0,"key":"SMITH"},{"data":"Zap","floor":15.0,"key":"SMITH"},{"data":"Self Repair","floor":24,"key":"SMITH"},{"data":"Coolheaded","floor":32,"key":"SMITH"},{"data":"Creative AI","floor":41,"key":"SMITH"},{"data":"Panache","floor":42,"key":"SMITH"},{"data":"Coolheaded","floor":45,"key":"SMITH"},{"data":"Panache","floor":49,"key":"SMITH"}],"circlet_count":0,"master_deck":["Strike_B","Defend_B","Defend_B","Defend_B","Defend_B","Zap+1","Dualcast","Leap+1","Cold Snap","Glacier+1","Panache+1","Coolheaded+1","Chill","Gash","Gash+1","Coolheaded+1","Self Repair+1","Go for the Eyes","Leap+1","Gash","Gash","Scrape","Reboot","Gash+1","Creative AI+1","Cold Snap+1","Cold Snap","Gash","Coolheaded+1","Decay","Conserve Battery+1","Coolheaded+1","Panache+1"],"relics":["Velvet Choker","Cables","Bottled Tornado","Sozu","MawBank","Ornamental Fan","Oddly Smooth Stone","Cursed Key","WingedGreaves","War Paint","Shuriken"],"acts_visited":["Exordium","TheCity","TheBeyond"],"potions_floor_usage":[50,50],"damage_taken":[{"damage":0.0,"enemies":"Small Slimes","floor":1.0,"turns":3.0},{"damage":0.0,"enemies":"Cultist","floor":2.0,"turns":4.0},{"damage":0.0,"enemies":"2 Louse","floor":3.0,"turns":3.0},{"damage":0.0,"enemies":"Exordium Wildlife","floor":4.0,"turns":3.0},{"damage":0.0,"enemies":"Looter","floor":5.0,"turns":3.0},{"damage":0.0,"enemies":"Blue Slaver","floor":10.0,"turns":5.0},{"damage":0.0,"enemies":"Red Slaver","floor":13.0,"turns":4.0},{"damage":0.0,"enemies":"2 Fungi Beasts","floor":14.0,"turns":3.0},{"damage":18.0,"enemies":"Hexaghost","floor":16.0,"turns":13.0},{"damage":0.0,"enemies":"Shell Parasite","floor":18.0,"turns":8.0},{"damage":0,"enemies":"3 Byrds","floor":20,"turns":4},{"damage":50,"enemies":"Cultist and Chosen","floor":22,"turns":14},{"damage":9,"enemies":"Gremlin Leader","floor":23,"turns":10},{"damage":16,"enemies":"Shelled Parasite and Fungi","floor":25,"turns":8},{"damage":3,"enemies":"Snake Plant","floor":27,"turns":6},{"damage":6,"enemies":"Book of Stabbing","floor":31,"turns":6},{"damage":29,"enemies":"Collector","floor":33,"turns":9},{"damage":15,"enemies":"3 Darklings","floor":35,"turns":5},{"damage":28,"enemies":"Mind Bloom Boss Battle","floor":37,"turns":51},{"damage":9,"enemies":"Reptomancer","floor":40,"turns":7},{"damage":7,"enemies":"Orb Walker","floor":44,"turns":4},{"damage":6,"enemies":"4 Shapes","floor":46,"turns":5},{"damage":21,"enemies":"Jaw Worm Horde","floor":47,"turns":4},{"damage":61,"enemies":"Awakened One","floor":50,"turns":6}],"seed_played":"1021402161924012552","potions_obtained":[{"floor":2.0,"key":"Strength Potion"},{"floor":4.0,"key":"Explosive Potion"},{"floor":10.0,"key":"Weak Potion"}],"is_trial":false,"path_per_floor":["M","M","M","M","M","$","?","?","T","M","R","$","M","M","R","B",null,"M","?","M","$","M","E","R","M","T","M","$","?","?","E","R","B",null,"M","$","?","$","$","E","R","R","T","M","R","M","M","?","R","B"],"character_chosen":"DEFECT","items_purchased":["Panache","Self Repair","Creative AI","Cold Snap","Gash"],"campfire_rested":0,"item_purchase_floors":[6,21,36,38,39],"current_hp_per_floor":[75,75,75,75,75,75,68,68,68,68,68,68,68,68,68,50,75,75,75,75,75,32,30,30,24,24,31,31,31,31,35,35,16,75,70,70,52,52,52,53,53,53,53,56,56,60,49,49,49,0,0],"gold":138,"neow_bonus":"BOSS_RELIC","is_daily":false,"chose_seed":false,"campfire_upgraded":8,"win_rate":0.0,"timestamp":1609741397,"path_taken":["M","M","M","M","M","$","?","?","T","M","R","$","?","M","R","BOSS","M","?","M","$","M","E","R","M","T","M","$","?","?","E","R","BOSS","M","$","?","$","$","E","R","R","T","M","R","M","M","?","R","BOSS"],"items_purchased_type":["Card","Card","Card","Card","Card"],"build_version":"2020-12-18","purchased_purges":2,"victory":false,"max_hp_per_floor":[75,75,75,75,75,75,75,75,75,75,75,75,75,75,75,75,75,75,75,75,75,75,75,75,75,75,75,75,75,75,75,75,75,75,75,75,75,75,75,75,75,75,75,75,75,75,75,75,75,75,75],"card_choices":[{"not_picked":["Barrage","Redo"],"picked":"Leap","floor":1.0},{"not_picked":["Sweeping Beam","Beam Cell","Tempest"],"picked":"SKIP","floor":2.0},{"not_picked":["FTL","Stack"],"picked":"Cold Snap","floor":3.0},{"not_picked":["Static Discharge","All For One","Reprogram"],"picked":"SKIP","floor":4.0},{"not_picked":["Reinforced Body","Scrape"],"picked":"Glacier","floor":5.0},{"not_picked":["Heatsinks","Hologram"],"picked":"Coolheaded","floor":10.0},{"not_picked":["Steam Power","BootSequence"],"picked":"Chill","floor":13.0},{"not_picked":["Turbo","Stack"],"picked":"Gash","floor":14.0},{"not_picked":["Recycle+1","Compile Driver"],"picked":"Gash+1","floor":18.0},{"not_picked":["Leap","Streamline"],"picked":"Coolheaded","floor":20},{"not_picked":["Loop","Static Discharge+1","Doom and Gloom+1"],"picked":"SKIP","floor":22},{"not_picked":["Sweeping Beam+1","Leap","Go for the Eyes"],"picked":"SKIP","floor":23},{"not_picked":["Sweeping Beam+1","Leap"],"picked":"Go for the Eyes","floor":23},{"not_picked":["Echo Form","Force Field"],"picked":"Leap+1","floor":25},{"not_picked":["Stack","White Noise+1"],"picked":"Gash","floor":27},{"not_picked":["Sweeping Beam","Steam Power"],"picked":"Scrape","floor":31},{"not_picked":["Fission","Seek"],"picked":"Reboot","floor":33},{"not_picked":["Compile Driver","Streamline+1"],"picked":"Gash+1","floor":35},{"not_picked":["Go for the Eyes","Turbo"],"picked":"Cold Snap+1","floor":37},{"not_picked":["Steam Power+1","FTL"],"picked":"Coolheaded","floor":40},{"not_picked":["Chaos+1","Leap"],"picked":"Conserve Battery+1","floor":44},{"not_picked":["Rainbow","Steam Power","Conserve Battery"],"picked":"SKIP","floor":46},{"not_picked":["Sweeping Beam+1","Conserve Battery"],"picked":"Coolheaded+1","floor":47},{"not_picked":["Master of Strategy","Metamorphosis"],"picked":"Panache","floor":48}],"player_experience":725520,"relics_obtained":[{"floor":9.0,"key":"Bottled Tornado"},{"floor":23,"key":"MawBank"},{"floor":31,"key":"Oddly Smooth Stone"},{"floor":37,"key":"WingedGreaves"},{"floor":40,"key":"War Paint"},{"floor":43,"key":"Shuriken"}],"event_choices":[{"damage_healed":0.0,"max_hp_gain":0.0,"max_hp_loss":0.0,"gold_gain":0.0,"event_name":"Scrap Ooze","player_choice":"Success","floor":7.0,"gold_loss":0.0,"damage_taken":7.0,"relics_obtained":["Cables"]},{"cards_removed":["Strike_B"],"damage_healed":0.0,"max_hp_gain":0.0,"max_hp_loss":0.0,"gold_gain":0.0,"event_name":"Purifier","player_choice":"Purged","floor":8.0,"gold_loss":0.0,"damage_taken":0.0},{"damage_healed":0,"gold_gain":0,"player_choice":"Ignored","damage_taken":0,"max_hp_gain":0,"max_hp_loss":0,"event_name":"Cursed Tome","floor":19,"gold_loss":0},{"damage_healed":0,"gold_gain":0,"player_choice":"Read","damage_taken":0,"max_hp_gain":0,"max_hp_loss":0,"event_name":"The Library","floor":29,"gold_loss":0,"cards_obtained":["Gash"]},{"damage_healed":0,"gold_gain":0,"player_choice":"Obtained Relic","damage_taken":0,"relics_obtained":["Ornamental Fan"],"max_hp_gain":0,"max_hp_loss":0,"event_name":"Addict","floor":30,"gold_loss":85},{"damage_healed":0,"gold_gain":0,"player_choice":"Fight","damage_taken":0,"max_hp_gain":0,"max_hp_loss":0,"event_name":"MindBloom","floor":37,"gold_loss":0},{"damage_healed":0,"gold_gain":0,"player_choice":"Memory 1","damage_taken":0,"max_hp_gain":0,"max_hp_loss":0,"event_name":"SensoryStone","floor":48,"gold_loss":0}],"is_beta":true,"boss_relics":[{"not_picked":["SacredBark","Tiny House"],"picked":"Sozu"},{"not_picked":["Busted Crown","Fusion Hammer"],"picked":"Cursed Key"}],"items_purged_floors":[21,36],"is_endless":false,"potions_floor_spawned":[2,4,10,13,16,20,25,35,37,40],"killed_by":"Awakened One","ascension_level":0}}