{"host":"dmdprxj8bosbz96f","time":1609791318,"event":{"mods":["AchievementEnabler","BaseMod","Colored Map","DeckTracker","Minty Spire (QoL Compilation)","Quick Restart","SuperFastMode","everything is the same but u backflip on backflip"],"gold_per_floor":[112,112,124,49,64,64,64,96,96,130,143,156,191,221,233,344,356,385,409,70,84,104,104,104],"floor_reached":23,"playtime":1624,"items_purged":["Strike_R","Strike_R"],"score":237,"play_id":"176ad343-0879-41fd-968d-860c5f333a86","local_time":"20210105051518","is_ascension_mode":true,"campfire_choices":[{"data":"Battle Trance","floor":6.0,"key":"SMITH"},{"floor":15.0,"key":"REST"}],"circlet_count":0,"master_deck":["Strike_R","Strike_R","Defend_R","Defend_R","Defend_R","Defend_R","Bash","Cleave","Battle Trance+1","Inflame","Impervious","Seeing Red","True Grit","Double Tap","Uppercut","Body Slam","Shrug It Off","Feel No Pain+1","Dual Wield"],"relics":["Black Blood","NeowsBlessing","Bottled Tornado","Mercury Hourglass","Lantern","MawBank","Centennial Puzzle"],"acts_visited":["Exordium","TheCity"],"potions_floor_usage":[16,23],"damage_taken":[{"damage":0.0,"enemies":"Jaw Worm","floor":1.0,"turns":1.0},{"damage":0.0,"enemies":"Cultist","floor":3.0,"turns":1.0},{"damage":0.0,"enemies":"Small Slimes","floor":5.0,"turns":1.0},{"damage":31.0,"enemies":"Lagavulin","floor":8.0,"turns":5.0},{"damage":13.0,"enemies":"3 Sentries","floor":10.0,"turns":4.0},{"damage":10.0,"enemies":"2 Fungi Beasts","floor":11.0,"turns":3.0},{"damage":11.0,"enemies":"Blue Slaver","floor":12.0,"turns":4.0},{"damage":16.0,"enemies":"Lagavulin","floor":13.0,"turns":5.0},{"damage":1.0,"enemies":"Looter","floor":14.0,"turns":3.0},{"damage":50,"enemies":"Hexaghost","floor":16,"turns":11},{"damage":14,"enemies":"Chosen","floor":18,"turns":6},{"damage":34,"enemies":"2 Thieves","floor":19,"turns":3},{"damage":18,"enemies":"Chosen and Byrds","floor":21,"turns":8},{"damage":42,"enemies":"Snecko","floor":22,"turns":7},{"damage":21,"enemies":"Book of Stabbing","floor":23,"turns":5}],"seed_played":"310834510916950283","potions_obtained":[{"floor":1.0,"key":"Energy Potion"},{"floor":3.0,"key":"Explosive Potion"},{"floor":11.0,"key":"DuplicationPotion"},{"floor":12.0,"key":"SkillPotion"},{"floor":14.0,"key":"SkillPotion"},{"floor":19,"key":"FairyPotion"},{"floor":22,"key":"Fire Potion"}],"is_trial":false,"path_per_floor":["M","?","M","$","M","R","?","E","T","E","M","M","E","M","R","B",null,"M","M","$","M","M","E"],"character_chosen":"IRONCLAD","items_purchased":["Body Slam","Shrug It Off","Centennial Puzzle"],"campfire_rested":1,"item_purchase_floors":[20,20,20],"current_hp_per_floor":[80,80,80,80,80,80,80,55,55,48,44,39,29,34,58,14,80,78,56,56,50,20,24,24],"gold":104,"neow_bonus":"THREE_ENEMY_KILL","is_daily":false,"chose_seed":false,"campfire_upgraded":1,"win_rate":0.0,"timestamp":1609791318,"path_taken":["M","?","M","$","?","R","?","E","T","E","M","M","E","M","R","BOSS","M","M","$","M","M","E"],"items_purchased_type":["Card","Card","Relic"],"build_version":"2020-12-22","purchased_purges":2,"victory":false,"max_hp_per_floor":[80,80,80,80,80,80,80,80,80,80,80,80,80,80,80,80,80,80,80,80,80,80,80,80],"card_choices":[{"not_picked":["Shockwave","Flex"],"picked":"Cleave","floor":1.0},{"not_picked":["Reckless Charge","Anger"],"picked":"Battle Trance","floor":3.0},{"not_picked":["Wild Strike","Combust"],"picked":"Inflame","floor":5.0},{"not_picked":["Rampage","Flame Barrier"],"picked":"Impervious","floor":8.0},{"not_picked":["Flex","Iron Wave","Battle Trance"],"picked":"SKIP","floor":10.0},{"not_picked":["Sever Soul","Blood for Blood","Flex"],"picked":"SKIP","floor":11.0},{"not_picked":["Perfected Strike","Sever Soul","Combust"],"picked":"SKIP","floor":12.0},{"not_picked":["Rupture","Power Through"],"picked":"Seeing Red","floor":13.0},{"not_picked":["Havoc","Rage"],"picked":"True Grit","floor":14.0},{"not_picked":["Bludgeon","Corruption"],"picked":"Double Tap","floor":16},{"not_picked":["Burning Pact","Flame Barrier+1","Clash"],"picked":"SKIP","floor":18},{"not_picked":["True Grit","Havoc"],"picked":"Uppercut","floor":19},{"not_picked":["Clash","Body Slam"],"picked":"Feel No Pain+1","floor":21},{"not_picked":["Thunderclap","Clothesline"],"picked":"Dual Wield","floor":22}],"player_experience":132216,"relics_obtained":[{"floor":8.0,"key":"Bottled Tornado"},{"floor":9.0,"key":"Mercury Hourglass"},{"floor":10.0,"key":"Lantern"},{"floor":13.0,"key":"MawBank"}],"event_choices":[{"damage_healed":0.0,"max_hp_gain":0.0,"max_hp_loss":0.0,"gold_gain":0.0,"event_name":"The Woman in Blue","player_choice":"Bought 0 Potions","floor":2.0,"gold_loss":0.0,"damage_taken":0.0},{"cards_removed":["Strike_R"],"damage_healed":0.0,"max_hp_gain":0.0,"max_hp_loss":0.0,"gold_gain":0.0,"event_name":"Living Wall","player_choice":"Forget","floor":7.0,"gold_loss":0.0,"damage_taken":0.0}],"is_beta":false,"boss_relics":[{"not_picked":["Sozu","SlaversCollar"],"picked":"Black Blood"}],"items_purged_floors":[4,20],"is_endless":false,"potions_floor_spawned":[1,3,11,12,14,19,22],"killed_by":"Book of Stabbing","ascension_level":2}}