{"host":"6febr6iklru1ag3j","time":1609803041,"event":{"mods":["BaseMod","DeckTracker","Hermit","Hubris","Minty Spire (QoL Compilation)","Replay The Spire","Shop Mod","StSLib","The Cursed","The Jungle"],"gold_per_floor":[109,34,34,34,48,77,77,92,92,92,110,120,132,50,50,148,148,160,170,110,35,48,48,48],"floor_reached":23,"playtime":791,"items_purged":["Strike_B"],"score":262,"play_id":"63ed53fe-f991-4e03-bfca-c93e6fc52117","local_time":"20210104183041","is_ascension_mode":true,"campfire_choices":[{"data":"Dualcast","floor":7,"key":"SMITH"},{"data":"Zap","floor":10,"key":"SMITH"}],"circlet_count":0,"master_deck":["Defend_B","Defend_B","Defend_B","Zap+1","Dualcast+1","Panic Button+1","Static Discharge","Time Bomb","White Noise","Defragment","Amplify","hubris:DoWhile+1","Hologram+1","Electrodynamics+1","Hello World","Ball Lightning+1"],"relics":["Cracked Core","NeowsBlessing","hubris:Towel","Oddly Smooth Stone","Replay:WaspNest","Astrolabe"],"acts_visited":["Exordium","TheCity"],"potions_floor_usage":[16,23],"damage_taken":[{"damage":0,"enemies":"2 Louse","floor":1,"turns":1},{"damage":0,"enemies":"Small Slimes","floor":5,"turns":1},{"damage":0,"enemies":"Lagavulin","floor":6,"turns":1},{"damage":6,"enemies":"Jaw Worm","floor":8,"turns":3},{"damage":5,"enemies":"Looter","floor":11,"turns":2},{"damage":0,"enemies":"Large Slime","floor":12,"turns":6},{"damage":3,"enemies":"2 Fungi Beasts","floor":13,"turns":3},{"damage":36,"enemies":"Hexaghost","floor":16,"turns":7},{"damage":24,"enemies":"Shell Parasite","floor":18,"turns":5},{"damage":16,"enemies":"2 Thieves","floor":19,"turns":2},{"damage":18,"enemies":"Snake Plant","floor":22,"turns":2},{"damage":23,"enemies":"Book of Stabbing","floor":23,"turns":2}],"seed_played":"2878940142869725324","potions_obtained":[{"floor":1,"key":"PotionOfCapacity"},{"floor":6,"key":"FocusPotion"},{"floor":8,"key":"ColorlessPotion"},{"floor":19,"key":"Explosive Potion"}],"is_trial":false,"path_per_floor":["M","$","?","?","M","E","R","M","T","R","M","M","M","$","R","B",null,"M","M","?","?","M","E"],"character_chosen":"DEFECT","items_purchased":["Defragment"],"campfire_rested":0,"item_purchase_floors":[14],"current_hp_per_floor":[75,75,75,75,75,75,75,69,69,69,64,64,61,61,75,39,75,51,35,35,35,17,0,0],"gold":48,"neow_bonus":"THREE_ENEMY_KILL","is_daily":false,"chose_seed":false,"campfire_upgraded":2,"win_rate":0.0,"timestamp":1609803041,"path_taken":["M","$","?","?","M","E","R","M","T","R","M","?","M","$","R","BOSS","M","M","?","?","M","E"],"items_purchased_type":["Card"],"build_version":"2020-12-22","purchased_purges":1,"victory":false,"max_hp_per_floor":[75,75,75,75,75,75,75,75,75,75,75,75,75,75,75,75,75,75,75,75,75,75,75,75],"card_choices":[{"not_picked":["Crystallizer","Loop","Steam"],"picked":"SKIP","floor":1},{"not_picked":["Barrage","Skim"],"picked":"Panic Button","floor":5},{"not_picked":["Hologram","Hello World"],"picked":"Static Discharge","floor":6},{"not_picked":["Sweeping Beam","Compile Driver"],"picked":"Conserve Battery","floor":8},{"not_picked":["ReplayTheSpireMod:System Scan","Reprogram"],"picked":"Time Bomb","floor":11},{"not_picked":["Barrage","Streamline"],"picked":"White Noise","floor":12},{"not_picked":["Gash","hubris:Prefetch","Sweeping Beam"],"picked":"SKIP","floor":13},{"not_picked":["hubris:SpecializedCircuitry","Reboot"],"picked":"Amplify","floor":16},{"not_picked":["Rip and Tear","ReplayTheSpireMod:Calculation Training"],"picked":"Hello World","floor":18},{"not_picked":["FIFO Queue","Sweeping Beam","FTL+1"],"picked":"SKIP","floor":19},{"not_picked":["Steam Power","Darkness+1"],"picked":"Ball Lightning+1","floor":22}],"player_experience":375935,"relics_obtained":[{"floor":6,"key":"Oddly Smooth Stone"},{"floor":9,"key":"Replay:WaspNest"}],"event_choices":[{"cards_removed":["Strike_B"],"damage_healed":0,"gold_gain":0,"player_choice":"Gave Gold","damage_taken":0,"max_hp_gain":0,"max_hp_loss":0,"event_name":"Beggar","floor":21,"gold_loss":75}],"is_beta":false,"boss_relics":[{"not_picked":["hubris:RunicObelisk","hubris:VirtuousBlindfold"],"picked":"Astrolabe"}],"items_purged_floors":[2],"is_endless":false,"potions_floor_spawned":[1,6,8,13,19],"killed_by":"Book of Stabbing","ascension_level":4}}