{"host":"0fmi5fguj5lvt8pf","time":1609740702,"event":{"mods":["BaseMod","Colored Map","Curses Come First","Downfall","Minty Spire (QoL Compilation)","Permanent Neow","StSLib","Waifu the Spire"],"gold_per_floor":[99,115,115,215,215,215,215,215,233,260,260,278,290,45,63,63,63,63],"floor_reached":16,"playtime":642,"items_purged":["Regret"],"score":100,"play_id":"8aae6b6d-5ad7-4a41-af62-829e01c58835","local_time":"20210103221142","is_ascension_mode":false,"campfire_choices":[{"data":"champ:Taunt","floor":1,"key":"SMITH"},{"floor":6,"key":"RECALL"},{"floor":8,"key":"REST"},{"data":"champ:EnragedBash","floor":11,"key":"SMITH"}],"circlet_count":0,"master_deck":["champ:Strike+1","champ:Strike","champ:Strike","champ:Strike","champ:Defend","champ:Defend+1","champ:Defend","champ:Defend","champ:Execute","champ:Taunt+1","champ:SwordThrow+1","champ:Duel","champ:EnragedBash+1","champ:CrookedStrike","champ:VampiricStrike","champ:VampiricStrike"],"relics":["champ:ChampionCrown","WristBlade","Matryoshka","Strawberry"],"acts_visited":["Exordium"],"potions_floor_usage":[10,14],"damage_taken":[{"damage":15,"enemies":"Jaw Worm","floor":2,"turns":4},{"damage":40,"enemies":"Jaw Worm","floor":4,"turns":5},{"damage":4,"enemies":"Small Slimes","floor":9,"turns":2},{"damage":13,"enemies":"Gremlin Nob","floor":10,"turns":4},{"damage":1,"enemies":"Cultist","floor":12,"turns":3},{"damage":5,"enemies":"Large Slime","floor":13,"turns":4},{"damage":4,"enemies":"downfall:FleeingMerchant","floor":14,"turns":4},{"damage":16,"enemies":"2 Fungi Beasts","floor":15,"turns":5},{"damage":86,"enemies":"downfall:Silent","floor":16,"turns":10}],"seed_played":"-4620935816124237472","potions_obtained":[{"floor":9,"key":"Swift Potion"},{"floor":12,"key":"champ:CounterPotion"}],"is_trial":false,"path_per_floor":["R","M","?","?","?","R","T","R","M","E","R","M","M","$","M","B"],"character_chosen":"THE_CHAMP","items_purchased":["champ:VampiricStrike"],"campfire_rested":1,"item_purchase_floors":[14],"current_hp_per_floor":[90,80,80,45,45,45,45,72,68,64,64,63,60,58,66,0,0,0],"gold":63,"neow_bonus":"ONE_RANDOM_RARE_CARD","is_daily":false,"chose_seed":false,"campfire_upgraded":2,"win_rate":0.0,"timestamp":1609740702,"path_taken":["R","M","?","?","?","R","T","R","M","E","R","M","?","$","M","BOSS"],"items_purchased_type":["Card"],"build_version":"2020-12-22","purchased_purges":1,"victory":false,"max_hp_per_floor":[90,90,90,90,90,90,90,90,90,97,97,97,97,97,97,97,97,97],"card_choices":[{"not_picked":["champ:BladeFlurry","champ:DefensiveShout"],"picked":"champ:Duel","floor":2},{"not_picked":["champ:GladiatorsShout","champ:ViciousMockery"],"picked":"champ:EnragedBash","floor":9},{"not_picked":["champ:GladiatorsShout","champ:Haymaker","champ:BringItOn"],"picked":"SKIP","floor":10},{"not_picked":["champ:PerfectedStrike","champ:TornadoPunch"],"picked":"champ:CrookedStrike","floor":12},{"not_picked":["champ:BerserkersShout","champ:ShieldSigil"],"picked":"champ:VampiricStrike","floor":13},{"not_picked":["champ:FaceSlap","champ:RageSigil","champ:HeartStrike"],"picked":"SKIP","floor":14},{"not_picked":["champ:TornadoPunch","champ:Duel","champ:ViciousMockery"],"picked":"SKIP","floor":15}],"player_experience":1285408,"relics_obtained":[{"floor":4,"key":"WristBlade"},{"floor":7,"key":"Matryoshka"},{"floor":10,"key":"Strawberry"}],"event_choices":[{"damage_healed":0,"gold_gain":0,"player_choice":"Ignored","damage_taken":0,"max_hp_gain":0,"max_hp_loss":0,"event_name":"NoteForYourself","floor":5,"gold_loss":0}],"is_beta":false,"boss_relics":[],"items_purged_floors":[14],"is_endless":false,"potions_floor_spawned":[9,12],"killed_by":"downfall:Silent","ascension_level":0}}