{"host":"csp9nt53rootlkah","time":1609756887,"event":{"mods":["ATMod(°¢èªMod)","Act Like it!","BaseMod","Colored Powertips","Downfall","Friendly Minions","Gensokyo","Highlight Path","Minty Spire (QoL Compilation)","Quick Restart","Replay The Spire","StSLib","TestMod","The Factory","The Jungle","UnlockEverythingMod","¡¾ÒÅÎï¿¨ÅÆ¡¿REMEMod"],"gold_per_floor":[0,18,32,46,62,62,62,62,78,404,404,423,435,469,484,588,588,438,451,463,448,465,498,547,547,547,547],"floor_reached":25,"playtime":1807,"items_purged":[],"score":274,"play_id":"482c8205-00d7-449f-9f7f-8721b8abc0b1","local_time":"20210104184127","is_ascension_mode":true,"campfire_choices":[{"data":"Slimebound:OozeBath","floor":1.0,"key":"SMITH"},{"data":"Slimebound:GrowthPunch","floor":6.0,"key":"SMITH"},{"data":"ReplayTheSpireMod:Brewmster","floor":8.0,"key":"SMITH"},{"data":"Slimebound:DouseInSlime","floor":11.0,"key":"SMITH"}],"circlet_count":0,"master_deck":["Slimebound:Strike_Slimebound","Slimebound:Strike_Slimebound","Slimebound:Tackle","Slimebound:Defend_Slimebound","Slimebound:Defend_Slimebound","Slimebound:Defend_Slimebound","Slimebound:Defend_Slimebound","Slimebound:Split","Slimebound:OozeBath+1","ReplayTheSpireMod:Brewmster+1","Slimebound:MegaLick","Slimebound:GrowthPunch+1","Slimebound:DouseInSlime+1","Slimebound:OozeBath+1","Slimebound:Replication","Slimebound:OozeBath"],"relics":["Slimebound:AbsorbEndCombat","testmod-TestBox","REME_ComplimentaryCards","AT_ATBox","testmod-FatalChain","Old Coin","Boot","Empty Cage","downfall:HeartBlessingBlue","downfall:HeartBlessingGreen","Pear","PreservedInsect"],"acts_visited":["Exordium","TheCity"],"potions_floor_usage":[25,25],"damage_taken":[{"damage":13.0,"enemies":"Cultist","floor":2.0,"turns":4.0},{"damage":9.0,"enemies":"Small Slimes","floor":3.0,"turns":4.0},{"damage":5.0,"enemies":"2 Louse","floor":4.0,"turns":3.0},{"damage":9.0,"enemies":"Gremlin Gang","floor":5.0,"turns":4.0},{"damage":6.0,"enemies":"Blue Slaver","floor":9.0,"turns":4.0},{"damage":29.0,"enemies":"3 Sentries","floor":10.0,"turns":6.0},{"damage":13.0,"enemies":"Large Slime","floor":12.0,"turns":3.0},{"damage":8.0,"enemies":"2 Fungi Beasts","floor":13.0,"turns":4.0},{"damage":8.0,"enemies":"Replay:BlueRogue","floor":14.0,"turns":3.0},{"damage":15.0,"enemies":"Red Slaver","floor":15.0,"turns":4.0},{"damage":33.0,"enemies":"downfall:Silent","floor":16.0,"turns":8.0},{"damage":19.0,"enemies":"Spheric Guardian","floor":19.0,"turns":4.0},{"damage":20.0,"enemies":"Centurion and Healer","floor":20.0,"turns":5.0},{"damage":4.0,"enemies":"downfall:FleeingMerchant","floor":21.0,"turns":4.0},{"damage":24.0,"enemies":"Cultist and Chosen","floor":22.0,"turns":5.0},{"damage":72.0,"enemies":"Book of Stabbing","floor":23.0,"turns":7.0},{"damage":28,"enemies":"REME_1_Revenger","floor":25,"turns":4}],"seed_played":"-4837247203667920660","potions_obtained":[{"floor":3.0,"key":"Swift Potion"},{"floor":5.0,"key":"Swift Potion"},{"floor":12.0,"key":"LiquidMemories"},{"floor":15.0,"key":"AttackPotion"}],"is_trial":false,"path_per_floor":["R","M","M","M","M","R","T","R","M","E","R","M","M","E","M","B",null,"R","M","M","$","M","E","T","E"],"character_chosen":"SLIMEBOUND","items_purchased":[],"campfire_rested":0,"item_purchase_floors":[],"current_hp_per_floor":[60,55,60,55,60,60,60,60,60,55,55,54,58,60,57,52,60,70,59,67,70,58,28,28,4,4,4],"gold":547,"neow_bonus":"RANDOM_COLORLESS_2","is_daily":false,"chose_seed":false,"campfire_upgraded":4,"win_rate":0.0,"timestamp":1609756887,"path_taken":["R","M","M","?","M","R","T","R","M","E","R","M","M","E","M","BOSS","R","M","M","$","?","E","T","E"],"items_purchased_type":[],"build_version":"2020-12-22","purchased_purges":0,"victory":false,"max_hp_per_floor":[60,60,60,60,60,60,60,60,60,60,60,60,60,60,60,60,60,70,70,70,70,70,80,80,80,80,80],"card_choices":[{"not_picked":["Midas Touch","testmod-Wormhole"],"picked":"ReplayTheSpireMod:Brewmster","floor":0.0},{"not_picked":["Slimebound:SplitBruiser","Slimebound:PressTheAttack","Slimebound:RollThrough"],"picked":"SKIP","floor":2.0},{"not_picked":["Slimebound:SlimeBarrage","Slimebound:DisruptingSlam"],"picked":"Slimebound:MegaLick","floor":3.0},{"not_picked":["Slimebound:SplitMire","Slimebound:SlimeBarrage"],"picked":"Slimebound:GrowthPunch","floor":4.0},{"not_picked":["Slimebound:SplitAcid","Slimebound:FinishingTackle","Slimebound:Chomp"],"picked":"SKIP","floor":5.0},{"not_picked":["Slimebound:ProtectTheBoss","Slimebound:SplitAcid","Slimebound:LevelUp"],"picked":"SKIP","floor":9.0},{"not_picked":["Slimebound:ComboTackle","Slimebound:RejuvenatingLick"],"picked":"Slimebound:DouseInSlime","floor":10.0},{"not_picked":["Slimebound:ViciousTackle","Slimebound:SplitMire","Slimebound:FormOfPuddle"],"picked":"SKIP","floor":12.0},{"not_picked":["Slimebound:Chomp","Slimebound:SlimeSpikes","Slimebound:FinishingTackle"],"picked":"SKIP","floor":13.0},{"not_picked":["Slimebound:GrowthPunch","Slimebound:ViciousTackle","Slimebound:BestDefense"],"picked":"SKIP","floor":14.0},{"not_picked":["Slimebound:GoopSpray","Slimebound:SlimeSpikes","Slimebound:PrepareCrush"],"picked":"SKIP","floor":15.0},{"not_picked":["Slimebound:DuplicatedForm","Slimebound:DouseInSlime"],"picked":"Slimebound:OozeBath","floor":16.0},{"not_picked":["Slimebound:SplitMire+1","Slimebound:RollThrough+1","Slimebound:ViciousTackle+1"],"picked":"SKIP","floor":19.0},{"not_picked":["Slimebound:ViciousTackle+1","Slimebound:SlimeBrawl"],"picked":"Slimebound:Replication","floor":20.0},{"not_picked":["Slimebound:SplitAcid","Slimebound:LeechingTouch","Slimebound:Schlurp+1"],"picked":"SKIP","floor":21.0},{"not_picked":["Slimebound:SplitAcid","Slimebound:PressTheAttack"],"picked":"Slimebound:OozeBath","floor":22.0},{"not_picked":["Slimebound:ComboTackle+1","Slimebound:SplitBruiser","Slimebound:ForwardTackle+1"],"picked":"SKIP","floor":23.0}],"player_experience":127857,"relics_obtained":[{"floor":10.0,"key":"Old Coin"},{"floor":14.0,"key":"Boot"},{"floor":23.0,"key":"Pear"},{"floor":24.0,"key":"PreservedInsect"}],"event_choices":[],"is_beta":false,"boss_relics":[{"not_picked":["REME_DuelDisc","testmod-KeyOfTheVoid"],"picked":"Empty Cage"}],"items_purged_floors":[],"is_endless":false,"potions_floor_spawned":[3,5,12,15,22],"killed_by":"REME_1_Revenger","ascension_level":1}}