{"host":"Troy","time":1609727296,"event":{"mods":["BaseMod","Colored Map","Highlight Path","Minty Spire (QoL Compilation)","Permanent Neow"],"gold_per_floor":[114,128,148,165,13,13,45,45,68,80,117,129,158,470,482,572,584,549,220,237,66,66,66,66],"floor_reached":23,"playtime":1677,"items_purged":["Strike_G"],"score":398,"play_id":"b95d9706-f94f-4ee6-a99d-42df551ad0a9","local_time":"20210103212816","is_ascension_mode":true,"campfire_choices":[{"data":"Die Die Die","floor":6.0,"key":"SMITH"},{"data":"Noxious Fumes","floor":8.0,"key":"SMITH"},{"data":"Blade Dance","floor":10.0,"key":"SMITH"},{"data":"Endless Agony","floor":12.0,"key":"SMITH"},{"data":"Bouncing Flask","floor":15.0,"key":"SMITH"}],"circlet_count":0,"master_deck":["AscendersBane","Strike_G","Strike_G","Strike_G","Defend_G","Defend_G","Defend_G","Defend_G+1","Survivor+1","Neutralize","Dagger Throw","Endless Agony+1","Blade Dance+1","Dodge and Roll","Die Die Die+1","Noxious Fumes+1","Blur","PiercingWail","Bouncing Flask+1","Wraith Form v2","Deflect+1","Catalyst","Leg Sweep","RitualDagger"],"relics":["Ring of the Snake","War Paint","MawBank","Nunchaku","Old Coin","Fusion Hammer","Pocketwatch"],"acts_visited":["Exordium","TheCity"],"potions_floor_usage":[23,23],"damage_taken":[{"damage":0.0,"enemies":"Cultist","floor":1.0,"turns":4.0},{"damage":7.0,"enemies":"Jaw Worm","floor":2.0,"turns":5.0},{"damage":2.0,"enemies":"Small Slimes","floor":3.0,"turns":4.0},{"damage":1.0,"enemies":"Red Slaver","floor":4.0,"turns":3.0},{"damage":19.0,"enemies":"Lagavulin","floor":7.0,"turns":7.0},{"damage":6.0,"enemies":"3 Sentries","floor":11.0,"turns":6.0},{"damage":0.0,"enemies":"Exordium Wildlife","floor":13.0,"turns":3.0},{"damage":3.0,"enemies":"Hexaghost","floor":16.0,"turns":8.0},{"damage":20.0,"enemies":"2 Thieves","floor":18.0,"turns":5.0},{"damage":18.0,"enemies":"Shell Parasite","floor":20.0,"turns":4.0},{"damage":9,"enemies":"Book of Stabbing","floor":23,"turns":5}],"seed_played":"-6519348691862856608","potions_obtained":[{"floor":2.0,"key":"LiquidMemories"},{"floor":3.0,"key":"GamblersBrew"},{"floor":4.0,"key":"Swift Potion"}],"is_trial":false,"path_per_floor":["M","M","M","M","$","R","E","R","T","R","E","R","M","T","R","B",null,"M","$","M","$","?","E"],"character_chosen":"THE_SILENT","items_purchased":["Die Die Die","Noxious Fumes","Pocketwatch","Leg Sweep","Explosive Potion"],"campfire_rested":0,"item_purchase_floors":[5,5,19,21,21],"current_hp_per_floor":[59,52,50,49,49,49,30,30,30,30,24,24,24,24,24,21,50,30,30,12,12,6,0,0],"gold":66,"neow_bonus":"REMOVE_TWO","is_daily":false,"chose_seed":false,"campfire_upgraded":5,"win_rate":0.0,"timestamp":1609727296,"path_taken":["M","M","?","M","$","R","E","R","T","R","E","R","M","?","R","BOSS","M","$","M","$","?","E"],"items_purchased_type":["Card","Card","Relic","Card","Potion"],"build_version":"2020-12-18","purchased_purges":1,"victory":false,"max_hp_per_floor":[60,60,60,60,60,60,60,60,60,60,60,60,60,60,60,60,60,60,60,60,60,60,60,60],"card_choices":[{"not_picked":["Acrobatics","Expertise"],"picked":"Dagger Throw","floor":1.0},{"not_picked":["Dagger Spray","Bane"],"picked":"Endless Agony","floor":2.0},{"not_picked":["Slice","PiercingWail"],"picked":"Blade Dance","floor":3.0},{"not_picked":["Deflect","Prepared"],"picked":"Dodge and Roll","floor":4.0},{"not_picked":["Backflip","Envenom"],"picked":"Blur","floor":7.0},{"not_picked":["Acrobatics","Deadly Poison"],"picked":"PiercingWail","floor":11.0},{"not_picked":["Underhanded Strike","Backflip"],"picked":"Bouncing Flask","floor":13.0},{"not_picked":["Tools of the Trade","Doppelganger"],"picked":"Wraith Form v2","floor":16.0},{"not_picked":["Dash","Bane"],"picked":"Deflect+1","floor":18.0},{"not_picked":["Terror","Well Laid Plans"],"picked":"Catalyst","floor":20.0}],"player_experience":4048576,"relics_obtained":[{"floor":7.0,"key":"War Paint"},{"floor":9.0,"key":"MawBank"},{"floor":11.0,"key":"Nunchaku"},{"floor":14.0,"key":"Old Coin"}],"event_choices":[{"damage_healed":0,"gold_gain":0,"player_choice":"Joined the Cult","damage_taken":6,"max_hp_gain":0,"max_hp_loss":0,"event_name":"Nest","floor":22,"gold_loss":0,"cards_obtained":["RitualDagger"]}],"is_beta":true,"boss_relics":[{"not_picked":["Black Star","SlaversCollar"],"picked":"Fusion Hammer"}],"items_purged_floors":[21],"is_endless":false,"potions_floor_spawned":[2,3,4],"killed_by":"Book of Stabbing","ascension_level":20}}