{"host":"gg","time":1609734762,"event":{"mods":["BaseMod","Colored Map","Googly Eyes","Minty Spire (QoL Compilation)","Permanent Neow","Relic Stats","The IronCluck"],"gold_per_floor":[113,128,128,74,89,89,116,128,191,203,140,227,572,596,608,694,706,734,746,758,784,796,834,864,876,888,912,955,967,1014,916,928,1016,1028,1055,1085,651,651,651,651,679,679,729,729,689,689,712,382,382,382,382,382,8,47,47],"floor_reached":56,"playtime":4238,"items_purged":["Alpha","Defend_P","LessonLearned"],"score":2052,"play_id":"8a304344-1673-494d-95b9-7a12ed3dd6e5","local_time":"20210103203242","is_ascension_mode":true,"campfire_choices":[{"data":"Eruption","floor":6.0,"key":"SMITH"},{"floor":10.0,"key":"DIG"},{"floor":15.0,"key":"DIG"},{"data":"Vault","floor":25.0,"key":"SMITH"},{"data":"Adaptation","floor":29.0,"key":"SMITH"},{"floor":32.0,"key":"REST"},{"floor":40.0,"key":"DIG"},{"floor":42.0,"key":"DIG"},{"floor":44.0,"key":"DIG"},{"floor":46,"key":"DIG"},{"floor":49,"key":"RECALL"},{"floor":52,"key":"DIG"}],"circlet_count":0,"master_deck":["AscendersBane","Strike_P","Strike_P","Strike_P","Strike_P+1","Defend_P","Defend_P+1","Eruption+1","Vigilance","CurseOfTheBell","Tantrum+1","CarveReality","FlurryOfBlows","Adaptation+1","JustLucky+1","Vault+1","EmptyFist","FearNoEvil","RitualDagger+1","InnerPeace+1","CutThroughFate","FlurryOfBlows+1","MentalFortress+1","CutThroughFate","Madness","Madness","MentalFortress+1","Wireheading+1","EmptyMind","Trip","WaveOfTheHand","Wallop+1","EmptyBody","TalkToTheHand+1"],"relics":["Calling Bell","Bronze Scales","Meat on the Bone","Shovel","MawBank","Vajra","Strawberry","Old Coin","Pen Nib","Runic Pyramid","Centennial Puzzle","Frozen Egg 2","PreservedInsect","Dream Catcher","VioletLotus","Membership Card","Akabeko","Ornamental Fan","CeramicFish","TeardropLocket","HornCleat","Molten Egg 2","Boot","Pantograph","Orichalcum","White Beast Statue","Bag of Preparation","War Paint","TheAbacus","Bag of Marbles"],"acts_visited":["Exordium","TheCity","TheBeyond","TheEnding"],"potions_floor_usage":[55,55,55,55],"damage_taken":[{"damage":10.0,"enemies":"Small Slimes","floor":1.0,"turns":4.0},{"damage":1.0,"enemies":"Cultist","floor":2.0,"turns":3.0},{"damage":3.0,"enemies":"2 Louse","floor":5.0,"turns":3.0},{"damage":36.0,"enemies":"Gremlin Nob","floor":7.0,"turns":4.0},{"damage":7.0,"enemies":"Lagavulin","floor":13.0,"turns":5.0},{"damage":3.0,"enemies":"Looter","floor":14.0,"turns":2.0},{"damage":23.0,"enemies":"Hexaghost","floor":16.0,"turns":7.0},{"damage":32.0,"enemies":"3 Byrds","floor":18.0,"turns":4.0},{"damage":0.0,"enemies":"Chosen","floor":21.0,"turns":3.0},{"damage":13.0,"enemies":"Gremlin Leader","floor":23.0,"turns":4.0},{"damage":0.0,"enemies":"Sentry and Sphere","floor":24.0,"turns":2.0},{"damage":3.0,"enemies":"3 Cultists","floor":27.0,"turns":5.0},{"damage":25.0,"enemies":"Book of Stabbing","floor":28.0,"turns":4.0},{"damage":13.0,"enemies":"Slavers","floor":30.0,"turns":3.0},{"damage":34.0,"enemies":"Champ","floor":33.0,"turns":7.0},{"damage":0.0,"enemies":"Orb Walker","floor":35.0,"turns":2.0},{"damage":16.0,"enemies":"3 Shapes","floor":36.0,"turns":3.0},{"damage":0.0,"enemies":"Reptomancer","floor":41.0,"turns":2.0},{"damage":0,"enemies":"Sphere and 2 Shapes","floor":47,"turns":4},{"damage":43,"enemies":"Time Eater","floor":50,"turns":4},{"damage":0,"enemies":"Shield and Spear","floor":54,"turns":3},{"damage":29,"enemies":"The Heart","floor":55,"turns":8}],"seed_played":"8369705123433900142","potions_obtained":[{"floor":7.0,"key":"LiquidMemories"},{"floor":14.0,"key":"Strength Potion"},{"floor":18.0,"key":"EssenceOfSteel"},{"floor":21.0,"key":"Fire Potion"},{"floor":28.0,"key":"DistilledChaos"},{"floor":41.0,"key":"Fire Potion"},{"floor":45,"key":"EntropicBrew"},{"floor":45,"key":"FearPotion"}],"is_trial":false,"path_per_floor":["M","M","?","$","M","R","E","$","T","R","?","?","E","M","R","B",null,"M","?","?","M","?","E","M","R","T","M","E","R","E","?","R","B",null,"M","M","$","?","?","R","E","R","T","R","?","R","M","$","R","B",null,"R","$","E","B",null],"character_chosen":"WATCHER","items_purchased":["FlurryOfBlows","Membership Card","MentalFortress+1","Akabeko","Ornamental Fan","CutThroughFate","Pantograph","Orichalcum","Wireheading+1","EmptyMind","Trip","Bag of Preparation","WaveOfTheHand","Wallop+1","EmptyBody","War Paint","TheAbacus","LiquidMemories"],"campfire_rested":1,"item_purchase_floors":[4,37,37,37,37,37,48,48,48,48,48,53,53,53,53,53,53,53],"current_hp_per_floor":[51,50,50,50,47,47,23,23,23,30,30,19,24,33,33,22,62,42,21,21,33,27,26,38,38,38,47,34,34,33,33,57,35,69,69,53,53,39,39,39,51,51,51,51,51,51,51,51,51,45,71,71,71,71,51],"gold":47,"neow_bonus":"BOSS_RELIC","is_daily":false,"chose_seed":false,"campfire_upgraded":3,"win_rate":0.0,"timestamp":1609734762,"path_taken":["M","M","?","?","M","R","E","$","T","R","?","?","E","M","R","BOSS","M","?","?","M","?","E","?","R","T","M","E","R","E","?","R","BOSS","M","M","$","?","?","R","E","R","T","R","?","R","?","$","R","BOSS","R","$","E","BOSS"],"items_purchased_type":["Card","Relic","Card","Relic","Relic","Card","Relic","Relic","Card","Card","Card","Relic","Card","Card","Card","Relic","Relic","Potion"],"build_version":"2020-12-18","purchased_purges":3,"victory":true,"max_hp_per_floor":[68,68,68,68,68,68,68,68,68,75,75,75,75,75,75,75,75,75,80,80,80,80,80,80,80,80,80,80,80,80,80,80,80,80,80,80,80,80,80,80,80,80,80,80,80,80,80,80,80,80,80,80,80,80,80],"relic_stats":{"counters":[22,86],"CeramicFish":72,"Pen Nib":[21],"PreservedInsect":179,"Bag of Preparation":[4],"Orichalcum":[6],"War Paint":["InnerPeace","Defend_P"],"MawBank":360,"Boot":[5],"Centennial Puzzle":[21],"Dream Catcher":1,"Shovel":7,"TheAbacus":[6],"Ornamental Fan":[76],"Bronze Scales":[258],"Pantograph":34,"VioletLotus":[12],"obtain_stats":[{"CeramicFish":40,"Vajra":9,"Bag of Preparation":53,"TeardropLocket":41,"Boot":46,"Old Coin":13,"Centennial Puzzle":23,"Dream Catcher":30,"Shovel":0,"HornCleat":42,"TheAbacus":53,"Strawberry":10,"Pantograph":48,"VioletLotus":34,"Runic Pyramid":17,"Pen Nib":15,"PreservedInsect":28,"Frozen Egg 2":26,"Orichalcum":48,"War Paint":53,"MawBank":7,"Akabeko":37,"White Beast Statue":52,"Calling Bell":0,"Ornamental Fan":37,"Bronze Scales":0,"Molten Egg 2":44,"Bag of Marbles":54,"Membership Card":37,"PureWater":0,"Meat on the Bone":0},{"CeramicFish":17,"Vajra":4,"Bag of Preparation":20,"TeardropLocket":18,"Boot":18,"Old Coin":5,"Centennial Puzzle":10,"Dream Catcher":14,"Shovel":0,"HornCleat":18,"TheAbacus":20,"Strawberry":4,"Pantograph":19,"VioletLotus":15,"Runic Pyramid":7,"Pen Nib":6,"PreservedInsect":13,"Frozen Egg 2":11,"Orichalcum":19,"War Paint":20,"MawBank":4,"Akabeko":17,"White Beast Statue":20,"Calling Bell":0,"Ornamental Fan":17,"Bronze Scales":0,"Molten Egg 2":18,"Bag of Marbles":21,"Membership Card":17,"PureWater":0,"Meat on the Bone":0},{"CeramicFish":65,"Vajra":14,"Bag of Preparation":75,"TeardropLocket":67,"Boot":67,"Old Coin":19,"Centennial Puzzle":39,"Dream Catcher":53,"Shovel":0,"HornCleat":67,"TheAbacus":75,"Strawberry":14,"Pantograph":71,"VioletLotus":60,"Runic Pyramid":28,"Pen Nib":21,"PreservedInsect":50,"Frozen Egg 2":41,"Orichalcum":71,"War Paint":75,"MawBank":14,"Akabeko":65,"White Beast Statue":75,"Calling Bell":0,"Ornamental Fan":65,"Bronze Scales":0,"Molten Egg 2":67,"Bag of Marbles":78,"Membership Card":65,"PureWater":0,"Meat on the Bone":0}],"Meat on the Bone":168},"card_choices":[{"not_picked":["ForeignInfluence","Prostrate"],"picked":"Tantrum","floor":1.0},{"not_picked":["LikeWater","FollowUp"],"picked":"CarveReality","floor":2.0},{"not_picked":["Halt","Consecrate"],"picked":"Adaptation","floor":5.0},{"not_picked":["Evaluate","ClearTheMind","Alpha"],"picked":"SKIP","floor":7.0},{"not_picked":["EmptyBody","Worship"],"picked":"SignatureMove","floor":13.0},{"not_picked":["Collect","Prostrate"],"picked":"JustLucky","floor":14.0},{"not_picked":["DevaForm","Judgement"],"picked":"Vault","floor":16.0},{"not_picked":["CutThroughFate","WindmillStrike+1"],"picked":"EmptyFist","floor":18.0},{"not_picked":["WaveOfTheHand","PathToVictory","ReachHeaven"],"picked":"SKIP","floor":21.0},{"not_picked":["EmptyFist","CrushJoints"],"picked":"InnerPeace","floor":23.0},{"not_picked":["BowlingBash","Sanctity","Protect"],"picked":"SKIP","floor":24.0},{"not_picked":["EmptyBody","WheelKick","Prostrate"],"picked":"SKIP","floor":27.0},{"not_picked":["Pray+1","Blasphemy","Protect"],"picked":"SKIP","floor":28.0},{"not_picked":["Establishment+1","JustLucky"],"picked":"CutThroughFate","floor":30.0},{"not_picked":["Judgement","ConjureBlade"],"picked":"LessonLearned","floor":33.0},{"not_picked":["CrushJoints","BowlingBash"],"picked":"FlurryOfBlows+1","floor":35.0},{"not_picked":["Perseverance+1","Crescendo+1","ReachHeaven"],"picked":"SKIP","floor":36.0},{"not_picked":["EmptyBody","WindmillStrike+1","PathToVictory"],"picked":"SKIP","floor":41.0},{"not_picked":["Worship","BowlingBash+1"],"picked":"MentalFortress+1","floor":47},{"not_picked":["PathToVictory+1","Crescendo"],"picked":"TalkToTheHand+1","floor":54}],"player_experience":1030170,"relics_obtained":[{"floor":0.0,"key":"Bronze Scales"},{"floor":0.0,"key":"Meat on the Bone"},{"floor":0.0,"key":"Shovel"},{"floor":7.0,"key":"MawBank"},{"floor":9.0,"key":"Vajra"},{"floor":10.0,"key":"Strawberry"},{"floor":13.0,"key":"Old Coin"},{"floor":15.0,"key":"Pen Nib"},{"floor":23.0,"key":"Centennial Puzzle"},{"floor":26.0,"key":"Frozen Egg 2"},{"floor":28.0,"key":"PreservedInsect"},{"floor":30.0,"key":"Dream Catcher"},{"floor":40.0,"key":"CeramicFish"},{"floor":41.0,"key":"TeardropLocket"},{"floor":42.0,"key":"HornCleat"},{"floor":44.0,"key":"Molten Egg 2"},{"floor":46,"key":"Boot"},{"floor":52,"key":"White Beast Statue"},{"floor":54,"key":"Bag of Marbles"}],"event_choices":[{"damage_healed":0.0,"max_hp_gain":0.0,"max_hp_loss":0.0,"gold_gain":0.0,"event_name":"Match and Keep!","player_choice":"1 cards matched","floor":3.0,"gold_loss":0.0,"damage_taken":0.0,"cards_obtained":["Alpha"]},{"cards_removed":["Defend_P"],"damage_healed":0.0,"max_hp_gain":0.0,"max_hp_loss":0.0,"gold_gain":0.0,"event_name":"The Cleric","player_choice":"Card Removal","floor":11.0,"gold_loss":75.0,"damage_taken":0.0},{"damage_healed":0.0,"max_hp_gain":0.0,"max_hp_loss":0.0,"gold_gain":75.0,"event_name":"World of Goop","player_choice":"Gather Gold","floor":12.0,"gold_loss":0.0,"damage_taken":11.0},{"damage_healed":0.0,"max_hp_gain":5.0,"max_hp_loss":0.0,"gold_gain":0.0,"event_name":"Forgotten Altar","player_choice":"Shed Blood","floor":19.0,"gold_loss":0.0,"damage_taken":26.0},{"damage_healed":0.0,"max_hp_gain":0.0,"max_hp_loss":0.0,"gold_gain":0.0,"event_name":"The Library","player_choice":"Read","floor":20.0,"gold_loss":0.0,"damage_taken":0.0,"cards_obtained":["FearNoEvil"]},{"damage_healed":0.0,"max_hp_gain":0.0,"max_hp_loss":0.0,"gold_gain":0.0,"event_name":"Nest","player_choice":"Joined the Cult","floor":22.0,"gold_loss":0.0,"damage_taken":6.0,"cards_obtained":["RitualDagger"]},{"cards_removed":["SignatureMove"],"damage_healed":0.0,"max_hp_gain":0.0,"max_hp_loss":0.0,"gold_gain":0.0,"event_name":"Designer","player_choice":"Upgrade and Remove","floor":31.0,"gold_loss":110.0,"damage_taken":0.0,"cards_upgraded":["Strike_P"]},{"damage_healed":0.0,"max_hp_gain":0.0,"max_hp_loss":0.0,"gold_gain":0.0,"event_name":"Winding Halls","player_choice":"Embrace Madness","floor":38.0,"gold_loss":0.0,"damage_taken":14.0,"cards_obtained":["Madness","Madness"]},{"damage_healed":0.0,"max_hp_gain":0.0,"max_hp_loss":0.0,"gold_gain":0.0,"event_name":"Tomb of Lord Red Mask","player_choice":"Ignored","floor":39.0,"gold_loss":0.0,"damage_taken":0.0},{"damage_healed":0,"gold_gain":0,"player_choice":"Bought 3 Potions","damage_taken":0,"max_hp_gain":0,"max_hp_loss":0,"event_name":"The Woman in Blue","floor":45,"gold_loss":0}],"is_beta":true,"boss_relics":[{"not_picked":["Philosopher\u0027s Stone","Astrolabe"],"picked":"Runic Pyramid"},{"not_picked":["Tiny House","Empty Cage"],"picked":"VioletLotus"}],"items_purged_floors":[37,48,53],"is_endless":false,"potions_floor_spawned":[7,14,18,21,28,33,41,54],"ascension_level":15}}