{"host":"ilrepnd391jk07a9","time":1609740706,"event":{"mods":["Aspiration","BaseMod","Better Altar","Better Note","Better Skull","Better Third Choice","BetterRewards","Colored Powertips","DeckTracker","Defuse TimeMaze Blight","Downfall","GifTheSpireLib","Gremlin Skip","Halation","Highlight Path","Hubris","Minty Spire (QoL Compilation)","Quick Restart","Relic Stats","Replay The Spire","StSLib","Stuff the Spire","everything is the same but u backflip on backflip","vexMod"],"gold_per_floor":[99,119,119,138,154,154,199,199,219,219,219,219],"floor_reached":10,"playtime":627,"items_purged":[],"score":64,"play_id":"9111f7bd-3ca8-4b33-9cc0-c40d0ea8e34f","local_time":"20210104191146","is_ascension_mode":true,"campfire_choices":[{"data":"champ:Execute","floor":1.0,"key":"SMITH"},{"data":"champ:Taunt","floor":6.0,"key":"SMITH"},{"data":"champ:EnragedBash","floor":8.0,"key":"SMITH"}],"circlet_count":0,"master_deck":["champ:Strike","champ:Strike","champ:Strike","champ:Defend","champ:Defend","champ:Defend","champ:Defend","champ:Execute+1","champ:Taunt+1","champ:DeathBlow","champ:EnragedBash+1"],"relics":["StuffTheSpire:RunicHypercube","halation:PrussianBluePaint"],"acts_visited":["Exordium"],"potions_floor_usage":[],"damage_taken":[{"damage":7.0,"enemies":"Jaw Worm","floor":2.0,"turns":2.0},{"damage":26.0,"enemies":"Cultist","floor":4.0,"turns":2.0},{"damage":10.0,"enemies":"2 Louse","floor":5.0,"turns":2.0},{"damage":40.0,"enemies":"Blue Slaver","floor":9.0,"turns":6.0},{"damage":157,"enemies":"Lagavulin","floor":10,"turns":11}],"seed_played":"-2297254296946672678","potions_obtained":[{"floor":2.0,"key":"FairyPotion"}],"is_trial":false,"path_per_floor":["R","M","?","M","M","R","T","R","M","E"],"character_chosen":"THE_CHAMP","items_purchased":[],"campfire_rested":0,"item_purchase_floors":[],"current_hp_per_floor":[90,88,88,88,88,88,88,88,64,0,0,0],"gold":219,"neow_bonus":"BOSS_RELIC","is_daily":false,"chose_seed":false,"campfire_upgraded":3,"win_rate":0.0,"timestamp":1609740706,"path_taken":["R","M","?","M","M","R","T","R","?","E"],"items_purchased_type":[],"build_version":"2020-12-22","purchased_purges":0,"victory":false,"max_hp_per_floor":[90,90,90,90,90,90,90,90,90,90,90,90],"relic_stats":{"counters":[5,23],"obtain_stats":[{"StuffTheSpire:RunicHypercube":0,"halation:PrussianBluePaint":7,"champ:ChampionCrown":0},{"StuffTheSpire:RunicHypercube":0,"halation:PrussianBluePaint":3,"champ:ChampionCrown":0},{"StuffTheSpire:RunicHypercube":0,"halation:PrussianBluePaint":6,"champ:ChampionCrown":0}]},"card_choices":[{"not_picked":["champ:Haymaker","champ:ArenaPreparation"],"picked":"champ:DeathBlow","floor":2.0},{"not_picked":["champ:Haymaker","champ:RisingSlash","champ:Circumvent"],"picked":"SKIP","floor":4.0},{"not_picked":["champ:Haymaker","champ:RapidStrikes"],"picked":"champ:EnragedBash","floor":5.0},{"not_picked":["champ:EnragedBash","champ:BladeFlurry","champ:StrikeOfGenius"],"picked":"SKIP","floor":9.0}],"player_experience":845131,"relics_obtained":[{"floor":7.0,"key":"halation:PrussianBluePaint"}],"event_choices":[{"cards_removed":["champ:Strike"],"damage_healed":0.0,"max_hp_gain":0.0,"max_hp_loss":0.0,"gold_gain":0.0,"event_name":"Bonfire Elementals","player_choice":"Offered Basic","floor":3.0,"gold_loss":0.0,"damage_taken":0.0}],"is_beta":false,"boss_relics":[],"items_purged_floors":[],"is_endless":false,"potions_floor_spawned":[2],"killed_by":"Lagavulin","ascension_level":2}}