{"host":"kh6fvhxn285ncg0o","time":1609772606,"event":{"mods":["Act Like it!","BaseMod","Colored Map","Friendly Minions","Keyboard Shortcuts","Minty Spire (QoL Compilation)","Quick Restart","Relic Stats","StSLib","SuperFastMode"],"gold_per_floor":[15,15,15,36,36,36,36,71,71,86,99,140,158,179,179,272,272,288,309,67,67,98,137,137,62,139,174,174,214,214,339,339,428,428,451,464,525,148,162,206,206,247,247,285,300,321,344,382,382,382,382,382,382,91,126,126],"floor_reached":57,"playtime":1792,"items_purged":["Shame","Strike_R","Writhe"],"score":3376,"play_id":"75a3f36c-94f9-4543-820f-0f2982697891","local_time":"20210105000326","is_ascension_mode":true,"campfire_choices":[{"data":"Apotheosis","floor":6.0,"key":"SMITH"},{"data":"Feel No Pain","floor":15.0,"key":"SMITH"},{"floor":32.0,"key":"RECALL"},{"data":"Strike_R","floor":49,"key":"PURGE"},{"data":"Strike_R","floor":53,"key":"PURGE"}],"circlet_count":0,"master_deck":["AscendersBane","Strike_R","Defend_R","Defend_R","Defend_R","Defend_R","Bash","Apotheosis+1","Uppercut","Immolate","Feel No Pain+1","Double Tap","True Grit","Spot Weakness","Corruption","Shrug It Off","Body Slam","Dark Embrace","Offering","Second Wind","Seeing Red","Power Through+1","Intimidate","Evolve+1"],"relics":["Burning Blood","Golden Idol","Juzu Bracelet","Blood Vial","Pocketwatch","Coffee Dripper","Centennial Puzzle","Meat on the Bone","Red Mask","PreservedInsect","Mercury Hourglass","Pear","Omamori","Sundial","Eternal Feather","Singing Bowl","Frozen Egg 2","Dead Branch","Philosopher\u0027s Stone","Peace Pipe","HornCleat","Lantern","Du-Vu Doll","Orichalcum","Bottled Tornado","Toolbox","Nunchaku"],"acts_visited":["Exordium","TheCity","TheBeyond","TheEnding"],"potions_floor_usage":[42,56,56],"damage_taken":[{"damage":9.0,"enemies":"Small Slimes","floor":1.0,"turns":5.0},{"damage":4.0,"enemies":"Jaw Worm","floor":4.0,"turns":4.0},{"damage":29.0,"enemies":"3 Sentries","floor":8.0,"turns":5.0},{"damage":0.0,"enemies":"2 Louse","floor":10.0,"turns":2.0},{"damage":0.0,"enemies":"Gremlin Gang","floor":11.0,"turns":1.0},{"damage":21.0,"enemies":"Lagavulin","floor":12.0,"turns":7.0},{"damage":6.0,"enemies":"Exordium Wildlife","floor":13.0,"turns":3.0},{"damage":4.0,"enemies":"Blue Slaver","floor":14.0,"turns":7.0},{"damage":3.0,"enemies":"The Guardian","floor":16.0,"turns":8.0},{"damage":10.0,"enemies":"3 Byrds","floor":18.0,"turns":4.0},{"damage":5.0,"enemies":"2 Thieves","floor":19.0,"turns":2.0},{"damage":8.0,"enemies":"Masked Bandits","floor":22.0,"turns":3.0},{"damage":7.0,"enemies":"Gremlin Leader","floor":23.0,"turns":3.0},{"damage":5.0,"enemies":"Slavers","floor":27.0,"turns":3.0},{"damage":1.0,"enemies":"Gremlin Leader","floor":29.0,"turns":3.0},{"damage":19.0,"enemies":"Colosseum Slavers","floor":31.0,"turns":2.0},{"damage":0.0,"enemies":"Colosseum Nobs","floor":31.0,"turns":3.0},{"damage":17.0,"enemies":"Champ","floor":33.0,"turns":4.0},{"damage":2.0,"enemies":"Orb Walker","floor":35.0,"turns":3.0},{"damage":23.0,"enemies":"3 Darklings","floor":36.0,"turns":3.0},{"damage":18.0,"enemies":"2 Orb Walkers","floor":37.0,"turns":3.0},{"damage":0.0,"enemies":"Transient","floor":39.0,"turns":6.0},{"damage":0.0,"enemies":"Reptomancer","floor":40.0,"turns":2.0},{"damage":0,"enemies":"Giant Head","floor":42,"turns":2},{"damage":0,"enemies":"Nemesis","floor":44,"turns":3},{"damage":6,"enemies":"4 Shapes","floor":45,"turns":3},{"damage":3,"enemies":"Maw","floor":46,"turns":3},{"damage":0,"enemies":"Transient","floor":47,"turns":6},{"damage":6,"enemies":"Reptomancer","floor":48,"turns":2},{"damage":8,"enemies":"Time Eater","floor":50,"turns":6},{"damage":52,"enemies":"Awakened One","floor":51,"turns":8},{"damage":9,"enemies":"Shield and Spear","floor":55,"turns":1},{"damage":26,"enemies":"The Heart","floor":56,"turns":7}],"seed_played":"-575895713449957860","potions_obtained":[{"floor":4.0,"key":"Block Potion"},{"floor":10.0,"key":"Fruit Juice"},{"floor":12.0,"key":"DistilledChaos"},{"floor":13.0,"key":"Regen Potion"},{"floor":18.0,"key":"DistilledChaos"},{"floor":27.0,"key":"LiquidMemories"},{"floor":31.0,"key":"Energy Potion"},{"floor":40.0,"key":"Dexterity Potion"},{"floor":46,"key":"FearPotion"},{"floor":48,"key":"Ancient Potion"}],"is_trial":false,"path_per_floor":["M","?","?","M","?","R","?","E","T","M","M","E","M","M","R","B",null,"M","M","$","?","?","E","?","$","T","E","T","E","T","?","R","B",null,"M","M","?","$","M","E","?","E","T","E","M","M","M","E","R","B","B",null,"R","$","E","B",null],"character_chosen":"IRONCLAD","items_purchased":["Dark Embrace","Centennial Puzzle","HornCleat","Toolbox"],"campfire_rested":0,"item_purchase_floors":[20,20,38,54],"current_hp_per_floor":[65,65,70,72,72,72,72,49,49,57,65,57,59,78,78,78,78,74,77,77,77,76,77,77,77,87,88,88,88,88,85,90,79,87,92,77,69,69,77,87,98,100,100,102,104,104,104,104,104,102,70,96,104,104,101,83],"gold":126,"neow_bonus":"RANDOM_COLORLESS_2","is_daily":false,"chose_seed":false,"campfire_upgraded":2,"win_rate":0.0,"timestamp":1609772606,"path_taken":["M","?","?","M","?","R","?","E","T","M","M","E","M","M","R","BOSS","M","M","$","?","?","E","?","$","T","E","?","E","?","?","R","BOSS","M","M","?","$","M","E","?","E","T","E","M","M","M","E","R","BOSS","BOSS","R","$","E","BOSS"],"items_purchased_type":["Card","Relic","Relic","Relic"],"build_version":"2020-12-22","purchased_purges":3,"victory":true,"max_hp_per_floor":[75,68,73,73,73,73,73,73,73,73,73,78,78,78,78,78,78,78,78,78,78,78,78,78,78,88,88,88,88,88,90,90,90,90,92,94,96,96,96,98,98,100,100,102,104,104,104,104,104,104,104,104,104,104,104,104],"relic_stats":{"Singing Bowl":16,"counters":[33,127],"Golden Idol":287,"Dead Branch":[327],"Eternal Feather":13,"PreservedInsect":507,"Juzu Bracelet":3,"Orichalcum":[12],"Burning Blood":165,"Mercury Hourglass":[328],"Blood Vial":30,"Peace Pipe":2,"Centennial Puzzle":[48],"Nunchaku":[2],"Sundial":[10],"obtain_stats":[{"Lantern":40,"Singing Bowl":30,"Juzu Bracelet":8,"Bottled Tornado":48,"Burning Blood":0,"Blood Vial":9,"Centennial Puzzle":20,"Nunchaku":55,"HornCleat":38,"Sundial":28,"Toolbox":54,"Philosopher\u0027s Stone":34,"Red Mask":22,"Pear":26,"Golden Idol":2,"Dead Branch":31,"Eternal Feather":29,"PreservedInsect":23,"Omamori":27,"Frozen Egg 2":31,"Orichalcum":44,"Mercury Hourglass":24,"Peace Pipe":37,"Du-Vu Doll":42,"Coffee Dripper":17,"Pocketwatch":12,"Meat on the Bone":21},{"Lantern":23,"Singing Bowl":15,"Juzu Bracelet":3,"Bottled Tornado":29,"Burning Blood":0,"Blood Vial":3,"Centennial Puzzle":11,"Nunchaku":32,"HornCleat":21,"Sundial":14,"Toolbox":31,"Philosopher\u0027s Stone":18,"Red Mask":12,"Pear":13,"Golden Idol":1,"Dead Branch":17,"Eternal Feather":15,"PreservedInsect":13,"Omamori":14,"Frozen Egg 2":17,"Orichalcum":25,"Mercury Hourglass":13,"Peace Pipe":21,"Du-Vu Doll":24,"Coffee Dripper":9,"Pocketwatch":6,"Meat on the Bone":11},{"Lantern":86,"Singing Bowl":60,"Juzu Bracelet":14,"Bottled Tornado":105,"Burning Blood":0,"Blood Vial":14,"Centennial Puzzle":48,"Nunchaku":120,"HornCleat":78,"Sundial":57,"Toolbox":119,"Philosopher\u0027s Stone":69,"Red Mask":51,"Pear":54,"Golden Idol":5,"Dead Branch":65,"Eternal Feather":60,"PreservedInsect":54,"Omamori":57,"Frozen Egg 2":65,"Orichalcum":91,"Mercury Hourglass":54,"Peace Pipe":78,"Du-Vu Doll":88,"Coffee Dripper":42,"Pocketwatch":24,"Meat on the Bone":48}],"Pocketwatch":[96],"Meat on the Bone":12},"card_choices":[{"not_picked":["Thinking Ahead","Master of Strategy"],"picked":"Apotheosis","floor":0.0},{"not_picked":["Twin Strike","Feel No Pain"],"picked":"Uppercut","floor":4.0},{"not_picked":["Cleave","Metallicize"],"picked":"Feel No Pain","floor":8.0},{"not_picked":["Armaments","Spot Weakness","Searing Blow"],"picked":"SKIP","floor":10.0},{"not_picked":["Cleave","Sword Boomerang","Uppercut"],"picked":"SKIP","floor":11.0},{"not_picked":["Clothesline","Pummel"],"picked":"Double Tap","floor":12.0},{"not_picked":["Uppercut","Ghostly Armor"],"picked":"True Grit","floor":13.0},{"not_picked":["Hemokinesis","Clash"],"picked":"Spot Weakness","floor":14.0},{"not_picked":["Impervious","Fiend Fire"],"picked":"Corruption","floor":16.0},{"not_picked":["Iron Wave","Rupture"],"picked":"Shrug It Off","floor":18.0},{"not_picked":["Bloodletting","Heavy Blade"],"picked":"Body Slam","floor":19.0},{"not_picked":["Sword Boomerang","Heavy Blade","Rampage"],"picked":"SKIP","floor":23.0},{"not_picked":["Twin Strike","Ghostly Armor","Brutality"],"picked":"SKIP","floor":27.0},{"not_picked":["Clothesline","Whirlwind","Havoc"],"picked":"SKIP","floor":29.0},{"not_picked":["Sword Boomerang+1","Cleave","Headbutt"],"picked":"Singing Bowl","floor":31.0},{"not_picked":["Juggernaut+1","Berserk+1"],"picked":"Offering","floor":33.0},{"not_picked":["Power Through","Clothesline+1","Perfected Strike+1"],"picked":"Singing Bowl","floor":35.0},{"not_picked":["Shrug It Off+1","Thunderclap","Heavy Blade"],"picked":"Singing Bowl","floor":36.0},{"not_picked":["Twin Strike","Reckless Charge+1","Heavy Blade"],"picked":"Singing Bowl","floor":37.0},{"not_picked":["Blood for Blood","Infernal Blade"],"picked":"Second Wind","floor":39.0},{"not_picked":["Searing Blow","True Grit+1","Flex"],"picked":"Singing Bowl","floor":40.0},{"not_picked":["Pummel","Thunderclap","Berserk+1"],"picked":"Singing Bowl","floor":42},{"not_picked":["Armaments","Anger","Perfected Strike"],"picked":"Singing Bowl","floor":44},{"not_picked":["Thunderclap+1","Battle Trance+1","Havoc+1"],"picked":"Singing Bowl","floor":45},{"not_picked":["Shrug It Off+1","Headbutt"],"picked":"Seeing Red","floor":46},{"not_picked":["Wild Strike","Whirlwind"],"picked":"Power Through+1","floor":47},{"not_picked":["Rage","Headbutt+1"],"picked":"Intimidate","floor":48},{"not_picked":["Anger","Heavy Blade"],"picked":"Evolve+1","floor":55}],"player_experience":3367702,"relics_obtained":[{"floor":8.0,"key":"Juzu Bracelet"},{"floor":9.0,"key":"Blood Vial"},{"floor":12.0,"key":"Pocketwatch"},{"floor":22.0,"key":"Red Mask"},{"floor":23.0,"key":"PreservedInsect"},{"floor":26.0,"key":"Pear"},{"floor":27.0,"key":"Omamori"},{"floor":28.0,"key":"Sundial"},{"floor":29.0,"key":"Eternal Feather"},{"floor":30.0,"key":"Singing Bowl"},{"floor":31.0,"key":"Frozen Egg 2"},{"floor":31.0,"key":"Dead Branch"},{"floor":37.0,"key":"Peace Pipe"},{"floor":40.0,"key":"Lantern"},{"floor":42,"key":"Du-Vu Doll"},{"floor":44,"key":"Orichalcum"},{"floor":48,"key":"Bottled Tornado"},{"floor":55,"key":"Nunchaku"}],"event_choices":[{"damage_healed":0.0,"max_hp_gain":0.0,"max_hp_loss":7.0,"gold_gain":0.0,"event_name":"Golden Idol","player_choice":"Lose Max HP","floor":2.0,"gold_loss":0.0,"damage_taken":0.0,"relics_obtained":["Golden Idol"]},{"damage_healed":0.0,"max_hp_gain":5.0,"max_hp_loss":0.0,"gold_gain":0.0,"event_name":"Big Fish","player_choice":"Donut","floor":3.0,"gold_loss":0.0,"damage_taken":0.0},{"damage_healed":0.0,"max_hp_gain":0.0,"max_hp_loss":0.0,"gold_gain":0.0,"event_name":"The Cleric","player_choice":"Leave","floor":5.0,"gold_loss":0.0,"damage_taken":0.0},{"damage_healed":0.0,"max_hp_gain":0.0,"max_hp_loss":0.0,"gold_gain":0.0,"cards_transformed":["Strike_R"],"event_name":"Transmorgrifier","player_choice":"Transformed","floor":7.0,"gold_loss":0.0,"damage_taken":0.0,"cards_obtained":["Immolate"]},{"damage_healed":0.0,"max_hp_gain":0.0,"max_hp_loss":0.0,"gold_gain":0.0,"event_name":"Addict","player_choice":"Stole Relic","floor":21.0,"gold_loss":0.0,"damage_taken":0.0,"relics_obtained":["Meat on the Bone"],"cards_obtained":["Shame"]},{"damage_healed":0.0,"max_hp_gain":0.0,"max_hp_loss":0.0,"gold_gain":0.0,"event_name":"Masked Bandits","player_choice":"Fought Bandits","floor":22.0,"gold_loss":0.0,"damage_taken":0.0},{"damage_healed":0.0,"max_hp_gain":0.0,"max_hp_loss":0.0,"gold_gain":0.0,"event_name":"The Mausoleum","player_choice":"Opened","floor":24.0,"gold_loss":0.0,"damage_taken":0.0,"relics_obtained":["Mercury Hourglass"],"cards_obtained":["Writhe"]},{"damage_healed":0.0,"max_hp_gain":0.0,"max_hp_loss":0.0,"gold_gain":0.0,"event_name":"Colosseum","player_choice":"Fight","floor":31.0,"gold_loss":0.0,"damage_taken":0.0},{"damage_healed":0.0,"max_hp_gain":0.0,"max_hp_loss":0.0,"gold_gain":0.0,"event_name":"Colosseum","player_choice":"Fought Nobs","floor":31.0,"gold_loss":0.0,"damage_taken":0.0},{"damage_healed":0.0,"max_hp_gain":0.0,"max_hp_loss":0.0,"gold_gain":0.0,"event_name":"Mysterious Sphere","player_choice":"Fight","floor":37.0,"gold_loss":0.0,"damage_taken":0.0},{"damage_healed":20,"gold_gain":0,"player_choice":"Writhe","damage_taken":0,"max_hp_gain":0,"max_hp_loss":0,"event_name":"Winding Halls","floor":41,"gold_loss":0,"cards_obtained":["Writhe"]}],"is_beta":false,"boss_relics":[{"not_picked":["Black Star","Cursed Key"],"picked":"Coffee Dripper"},{"not_picked":["Velvet Choker","Runic Dome"],"picked":"Philosopher\u0027s Stone"}],"items_purged_floors":[25,38,54],"is_endless":false,"potions_floor_spawned":[4,10,12,13,18,27,31,31,35,40,46,48],"ascension_level":20}}