{"host":"ga4s3hj9m6nkn6gp","time":1609780503,"event":{"mods":["AchievementEnabler","BaseMod","Colored Powertips","Highlight Path","Minty Spire (QoL Compilation)","Relic Stats","everything is the same but u backflip on backflip"],"gold_per_floor":[115,125,143,143,155,155,175,205,205,205,240,240,251,268,268,345,345,355,369,122,122,122],"floor_reached":21,"playtime":1597,"items_purged":[],"score":386,"play_id":"5729eab0-dfd4-4692-8e53-f2060a6338c3","local_time":"20210104181503","is_ascension_mode":true,"campfire_choices":[{"data":"Bouncing Flask","floor":6,"key":"SMITH"},{"floor":10,"key":"REST"},{"data":"Deadly Poison","floor":15,"key":"SMITH"}],"circlet_count":0,"master_deck":["AscendersBane","Strike_G","Strike_G","Strike_G","Strike_G","Defend_G","Defend_G","Defend_G","Defend_G","Defend_G","Survivor","Neutralize","Deadly Poison+1","Bane","Masterful Stab","Bouncing Flask+1","Backflip","PiercingWail","Crippling Poison","Footwork","Bane+1","Bullet Time","Crippling Poison"],"relics":["Ring of the Snake","Snake Skull","Singing Bowl","Molten Egg 2","Black Star","Pen Nib"],"acts_visited":["Exordium","TheCity"],"potions_floor_usage":[8,8,11,21,21,21],"damage_taken":[{"damage":5,"enemies":"Jaw Worm","floor":1,"turns":7},{"damage":0,"enemies":"2 Louse","floor":2,"turns":2},{"damage":1,"enemies":"Cultist","floor":3,"turns":4},{"damage":16,"enemies":"Large Slime","floor":5,"turns":7},{"damage":7,"enemies":"2 Fungi Beasts","floor":7,"turns":3},{"damage":10,"enemies":"3 Sentries","floor":8,"turns":7},{"damage":2,"enemies":"Lagavulin","floor":11,"turns":6},{"damage":6,"enemies":"Exordium Thugs","floor":13,"turns":5},{"damage":0,"enemies":"Looter","floor":14,"turns":3},{"damage":5,"enemies":"Hexaghost","floor":16,"turns":9},{"damage":11,"enemies":"Shell Parasite","floor":18,"turns":4},{"damage":4,"enemies":"Spheric Guardian","floor":19,"turns":3},{"damage":50,"enemies":"Masked Bandits","floor":21,"turns":3}],"seed_played":"1749450559034478292","potions_obtained":[{"floor":2,"key":"SteroidPotion"},{"floor":5,"key":"Fire Potion"},{"floor":7,"key":"EntropicBrew"},{"floor":8,"key":"PowerPotion"},{"floor":11,"key":"Weak Potion"},{"floor":19,"key":"PowerPotion"}],"is_trial":false,"path_per_floor":["M","M","M","?","M","R","M","E","T","R","E","?","M","M","R","B",null,"M","M","$","?"],"character_chosen":"THE_SILENT","items_purchased":["Crippling Poison","Pen Nib"],"campfire_rested":1,"item_purchase_floors":[20,20],"current_hp_per_floor":[60,60,59,52,36,36,29,19,19,40,38,38,32,32,32,27,61,52,50,50,0,0],"gold":122,"neow_bonus":"TEN_PERCENT_HP_BONUS","is_daily":false,"chose_seed":false,"campfire_upgraded":2,"win_rate":0.0,"timestamp":1609780503,"path_taken":["M","M","M","?","M","R","M","E","T","R","E","?","M","?","R","BOSS","M","M","$","?"],"items_purchased_type":["Card","Relic"],"build_version":"2020-12-22","purchased_purges":0,"victory":false,"max_hp_per_floor":[72,72,72,72,72,72,72,72,72,72,72,72,72,72,72,72,72,74,76,76,76,76],"relic_stats":{"Singing Bowl":4,"counters":[13,63],"Snake Skull":[47],"Pen Nib":[0],"Black Star":0,"obtain_stats":[{"Singing Bowl":9,"Molten Egg 2":11,"Snake Skull":8,"Pen Nib":20,"Black Star":17,"Ring of the Snake":0},{"Singing Bowl":6,"Molten Egg 2":7,"Snake Skull":6,"Pen Nib":12,"Black Star":10,"Ring of the Snake":0},{"Singing Bowl":30,"Molten Egg 2":36,"Snake Skull":30,"Pen Nib":60,"Black Star":53,"Ring of the Snake":0}],"Ring of the Snake":[26]},"card_choices":[{"not_picked":["Dagger Throw","Endless Agony"],"picked":"Deadly Poison","floor":1},{"not_picked":["Underhanded Strike","Predator"],"picked":"Bane","floor":2},{"not_picked":["Prepared","Outmaneuver"],"picked":"Masterful Stab","floor":3},{"not_picked":["Escape Plan","Acrobatics"],"picked":"Bouncing Flask","floor":5},{"not_picked":["Quick Slash","Sucker Punch"],"picked":"Backflip","floor":7},{"not_picked":["Bane","Backflip"],"picked":"PiercingWail","floor":8},{"not_picked":["Grand Finale+1","PiercingWail"],"picked":"Crippling Poison","floor":11},{"not_picked":["Eviscerate+1","Outmaneuver"],"picked":"Footwork","floor":13},{"not_picked":["Outmaneuver","Quick Slash+1"],"picked":"Bane+1","floor":14},{"not_picked":["Tools of the Trade","Envenom"],"picked":"Bullet Time","floor":16},{"not_picked":["Flechettes+1","Footwork","Dagger Throw+1"],"picked":"Singing Bowl","floor":18},{"not_picked":["Predator+1","Acrobatics","Terror"],"picked":"Singing Bowl","floor":19}],"player_experience":572329,"relics_obtained":[{"floor":8,"key":"Snake Skull"},{"floor":9,"key":"Singing Bowl"},{"floor":11,"key":"Molten Egg 2"}],"event_choices":[{"cards_removed":["Strike_G"],"damage_healed":0,"gold_gain":0,"player_choice":"Card Removal","damage_taken":7,"max_hp_gain":0,"max_hp_loss":0,"event_name":"Golden Wing","floor":4,"gold_loss":0},{"damage_healed":0,"gold_gain":0,"player_choice":"Got Potions","damage_taken":0,"max_hp_gain":0,"max_hp_loss":0,"event_name":"Lab","floor":12,"gold_loss":0},{"damage_healed":0,"gold_gain":0,"player_choice":"Fought Bandits","damage_taken":0,"max_hp_gain":0,"max_hp_loss":0,"event_name":"Masked Bandits","floor":21,"gold_loss":0}],"is_beta":false,"boss_relics":[{"not_picked":["Calling Bell","Tiny House"],"picked":"Black Star"}],"items_purged_floors":[],"is_endless":false,"potions_floor_spawned":[2,5,7,8,11,19],"killed_by":"Masked Bandits","ascension_level":20}}