{"host":"28p8ce41sjwa6lzf","time":1609777802,"event":{"mods":["BaseMod","Colored Map","Colored Powertips","Highlight Path","Minty Spire (QoL Compilation)","Permanent Neow","Quick Restart","Random Character Button","Rare Cards Sparkle","Relic Stats","StSLib","Unceasing Turn Reminder"],"gold_per_floor":[117,129,129,48,62,87,87,36,61,61,76,86,86,117,117,194,194,214,214,227,238,31,31,31],"floor_reached":23,"playtime":1089,"items_purged":["Strike_G"],"score":402,"play_id":"5623ea31-2545-4362-ad9c-d843cc3aa103","local_time":"20210104103002","is_ascension_mode":true,"campfire_choices":[{"data":"Blade Dance","floor":7.0,"key":"SMITH"},{"data":"Noxious Fumes","floor":13.0,"key":"SMITH"},{"data":"Bouncing Flask","floor":15.0,"key":"SMITH"}],"circlet_count":0,"master_deck":["AscendersBane","Strike_G","Strike_G","Strike_G","Strike_G","Defend_G","Defend_G","Defend_G","Defend_G","Defend_G","Survivor","Neutralize","Bouncing Flask+1","Dodge and Roll","Noxious Fumes+1","Leg Sweep","Blade Dance+1","Prepared","Backflip","Outmaneuver","Corpse Explosion","Acrobatics","Night Terror","Dodge and Roll"],"relics":["Ring of the Snake","PreservedInsect","Sundial","Fusion Hammer","Membership Card"],"acts_visited":["Exordium","TheCity"],"potions_floor_usage":[23],"damage_taken":[{"damage":0.0,"enemies":"2 Louse","floor":1.0,"turns":3.0},{"damage":11.0,"enemies":"Cultist","floor":2.0,"turns":4.0},{"damage":2.0,"enemies":"Jaw Worm","floor":5.0,"turns":3.0},{"damage":35.0,"enemies":"Lagavulin","floor":6.0,"turns":8.0},{"damage":5.0,"enemies":"Gremlin Gang","floor":11.0,"turns":5.0},{"damage":1.0,"enemies":"Blue Slaver","floor":12.0,"turns":4.0},{"damage":6.0,"enemies":"Gremlin Nob","floor":14.0,"turns":3.0},{"damage":35.0,"enemies":"Hexaghost","floor":16.0,"turns":10.0},{"damage":11.0,"enemies":"2 Thieves","floor":18.0,"turns":3.0},{"damage":9.0,"enemies":"Spheric Guardian","floor":20.0,"turns":4.0},{"damage":32.0,"enemies":"Chosen and Byrds","floor":21.0,"turns":6.0},{"damage":22,"enemies":"Slavers","floor":23,"turns":2}],"seed_played":"-3167852347881515719","potions_obtained":[{"floor":1.0,"key":"EntropicBrew"},{"floor":11.0,"key":"EssenceOfSteel"},{"floor":12.0,"key":"DuplicationPotion"},{"floor":16.0,"key":"Ancient Potion"},{"floor":21.0,"key":"DistilledChaos"}],"is_trial":false,"path_per_floor":["M","M","?","$","M","E","R","?","T","?","M","M","R","E","R","B",null,"M","?","M","M","$","E"],"character_chosen":"THE_SILENT","items_purchased":["Noxious Fumes","Membership Card"],"campfire_rested":0,"item_purchase_floors":[4,22],"current_hp_per_floor":[59,48,53,53,51,16,16,16,16,81,76,75,75,69,69,34,69,58,58,49,17,17,0,0],"gold":31,"neow_bonus":"ONE_RANDOM_RARE_CARD","is_daily":false,"chose_seed":false,"campfire_upgraded":3,"win_rate":0.0,"timestamp":1609777802,"path_taken":["M","M","?","$","M","E","R","?","T","?","M","?","R","E","R","BOSS","M","?","?","M","$","E"],"items_purchased_type":["Card","Relic"],"build_version":"2020-12-22","purchased_purges":1,"victory":false,"max_hp_per_floor":[66,66,71,71,71,71,71,71,71,81,81,81,81,81,81,81,81,81,81,81,81,81,81,81],"relic_stats":{"counters":[12,55],"Sundial":[2],"PreservedInsect":64,"obtain_stats":[{"Sundial":14,"PreservedInsect":6,"Fusion Hammer":17,"Membership Card":22,"Ring of the Snake":0},{"Sundial":7,"PreservedInsect":4,"Fusion Hammer":8,"Membership Card":11,"Ring of the Snake":0},{"Sundial":30,"PreservedInsect":18,"Fusion Hammer":40,"Membership Card":53,"Ring of the Snake":0}],"Ring of the Snake":[24]},"card_choices":[{"not_picked":["Dagger Spray","Caltrops"],"picked":"Bouncing Flask","floor":1.0},{"not_picked":["Deadly Poison","Quick Slash"],"picked":"Dodge and Roll","floor":2.0},{"not_picked":["Accuracy","Deflect"],"picked":"Leg Sweep","floor":5.0},{"not_picked":["Backflip","Envenom"],"picked":"Blade Dance","floor":6.0},{"not_picked":["Quick Slash","Poisoned Stab"],"picked":"Prepared","floor":11.0},{"not_picked":["Endless Agony","Predator"],"picked":"Backflip","floor":12.0},{"not_picked":["PiercingWail","Choke"],"picked":"Outmaneuver","floor":14.0},{"not_picked":["Venomology","Grand Finale"],"picked":"Corpse Explosion","floor":16.0},{"not_picked":["Distraction","Bane"],"picked":"Acrobatics","floor":18.0},{"not_picked":["Dash","Deadly Poison","Outmaneuver"],"picked":"SKIP","floor":20.0},{"not_picked":["Acrobatics","Dagger Throw"],"picked":"Dodge and Roll","floor":21.0}],"player_experience":1065899,"relics_obtained":[{"floor":6.0,"key":"PreservedInsect"},{"floor":14.0,"key":"Sundial"}],"event_choices":[{"damage_healed":0.0,"max_hp_gain":5.0,"max_hp_loss":0.0,"gold_gain":0.0,"event_name":"Big Fish","player_choice":"Donut","floor":3.0,"gold_loss":0.0,"damage_taken":0.0},{"damage_healed":0.0,"max_hp_gain":0.0,"max_hp_loss":0.0,"gold_gain":0.0,"event_name":"World of Goop","player_choice":"Left Gold","floor":8.0,"gold_loss":51.0,"damage_taken":0.0},{"cards_removed":["Unload"],"damage_healed":55.0,"max_hp_gain":10.0,"max_hp_loss":0.0,"gold_gain":0.0,"event_name":"Bonfire Elementals","player_choice":"Offered Rare","floor":10.0,"gold_loss":0.0,"damage_taken":0.0},{"damage_healed":0.0,"max_hp_gain":0.0,"max_hp_loss":0.0,"gold_gain":0.0,"event_name":"Match and Keep!","player_choice":"1 cards matched","floor":19.0,"gold_loss":0.0,"damage_taken":0.0,"cards_obtained":["Night Terror"]}],"is_beta":false,"boss_relics":[{"not_picked":["SacredBark","WristBlade"],"picked":"Fusion Hammer"}],"items_purged_floors":[22],"is_endless":false,"potions_floor_spawned":[1,11,12,16,21],"killed_by":"Slavers","ascension_level":20}}