{"host":"x3qmax6e7jj3tga5","time":1609733266,"event":{"mods":["BaseMod","Custom Start","Minty Spire (QoL Compilation)","StSLib"],"gold_per_floor":[113,129,129,143,143,143,207,220,267,296,90,101,135,145,145,245,245,258,357,368,380,396,396,14,14,14,30,30,44,75,75,75,170,170,186,232,232,26,36,36,67,67,148,166,166,179,179,210,210,210],"floor_reached":51,"playtime":3055,"items_purged":["Strike_R","Strike_R","Pain"],"score":762,"play_id":"3401a486-0c78-4a38-af4f-6a3d346e6549","local_time":"20210103220746","is_ascension_mode":false,"campfire_choices":[{"data":"Bash","floor":6,"key":"SMITH"},{"floor":15,"key":"REST"},{"data":"True Grit","floor":23,"key":"SMITH"},{"data":"Feel No Pain","floor":25,"key":"SMITH"},{"data":"Shrug It Off","floor":32,"key":"SMITH"},{"data":"Impervious","floor":40,"key":"SMITH"},{"data":"Demon Form","floor":45,"key":"SMITH"},{"data":"Impervious","floor":49,"key":"SMITH"}],"circlet_count":0,"master_deck":["Strike_R","Strike_R","Strike_R","Defend_R","Defend_R+1","Defend_R","Defend_R","Bash+1","Clothesline","Headbutt","Dropkick+1","Twin Strike+1","True Grit+1","Inflame","Pommel Strike+1","Anger+1","Bludgeon+1","Pummel+1","Demon Form+1","Impervious+1","Shrug It Off+1","True Grit+1","Feel No Pain+1","Exhume","Battle Trance","Limit Break","Reaper+1","Shrug It Off+1","Impervious+1"],"relics":["Sozu","Lantern","Molten Egg 2","Blood Vial","MawBank","Orrery","War Paint","Runic Pyramid","Membership Card","Pen Nib","Singing Bowl","WarpedTongs","Nunchaku","SlaversCollar","Thread and Needle","Calipers","Dream Catcher","Self Forming Clay","Gremlin Horn"],"acts_visited":["Exordium","TheCity","TheBeyond"],"potions_floor_usage":[],"damage_taken":[{"damage":2,"enemies":"Small Slimes","floor":1,"turns":3},{"damage":0,"enemies":"Cultist","floor":2,"turns":3},{"damage":0,"enemies":"2 Louse","floor":4,"turns":2},{"damage":21,"enemies":"3 Sentries","floor":7,"turns":7},{"damage":8,"enemies":"Red Slaver","floor":8,"turns":2},{"damage":3,"enemies":"Lagavulin","floor":10,"turns":3},{"damage":0,"enemies":"Looter","floor":12,"turns":1},{"damage":13,"enemies":"3 Sentries","floor":13,"turns":4},{"damage":9,"enemies":"Blue Slaver","floor":14,"turns":3},{"damage":44,"enemies":"The Guardian","floor":16,"turns":10},{"damage":1,"enemies":"Chosen","floor":18,"turns":3},{"damage":10,"enemies":"2 Thieves","floor":20,"turns":3},{"damage":1,"enemies":"Centurion and Healer","floor":21,"turns":4},{"damage":11,"enemies":"Sentry and Sphere","floor":22,"turns":5},{"damage":2,"enemies":"Chosen and Byrds","floor":27,"turns":7},{"damage":8,"enemies":"Shelled Parasite and Fungi","floor":29,"turns":6},{"damage":13,"enemies":"Gremlin Leader","floor":30,"turns":6},{"damage":33,"enemies":"Automaton","floor":33,"turns":10},{"damage":9,"enemies":"Orb Walker","floor":35,"turns":2},{"damage":50,"enemies":"2 Orb Walkers","floor":36,"turns":6},{"damage":26,"enemies":"3 Darklings","floor":39,"turns":8},{"damage":0,"enemies":"Nemesis","floor":41,"turns":7},{"damage":9,"enemies":"Transient","floor":44,"turns":5},{"damage":24,"enemies":"Writhing Mass","floor":46,"turns":7},{"damage":1,"enemies":"Giant Head","floor":48,"turns":6},{"damage":50,"enemies":"Donu and Deca","floor":50,"turns":9}],"seed_played":"-1697416232800515171","potions_obtained":[],"is_trial":false,"path_per_floor":["M","M","?","M","?","R","?","M","T","E","$","M","E","M","R","B",null,"M","?","M","M","M","R","$","R","T","M","?","M","E","?","R","B",null,"M","?","?","$","M","R","E","$","T","M","R","M","?","E","R","B",null],"character_chosen":"IRONCLAD","items_purchased":["Orrery","Membership Card","Feel No Pain","Exhume","Pen Nib","Calipers"],"campfire_rested":1,"item_purchase_floors":[11,24,24,24,24,38],"current_hp_per_floor":[78,78,78,78,71,71,50,42,42,41,41,43,32,25,49,7,80,79,79,70,71,62,62,62,62,62,62,62,58,47,47,47,16,82,84,49,49,49,88,88,90,90,90,81,81,92,92,91,91,92],"gold":210,"neow_bonus":"BOSS_RELIC","is_daily":false,"chose_seed":false,"campfire_upgraded":7,"win_rate":0.0,"timestamp":1609733266,"path_taken":["M","M","?","?","?","R","?","M","T","E","$","M","E","M","R","BOSS","M","?","M","M","M","R","$","R","T","M","?","?","E","?","R","BOSS","M","?","?","$","M","R","E","?","T","M","R","M","?","E","R","BOSS"],"items_purchased_type":["Relic","Relic","Card","Card","Relic","Relic"],"build_version":"2020-12-22","purchased_purges":3,"victory":true,"max_hp_per_floor":[80,80,80,80,80,80,80,80,80,80,80,80,80,80,80,80,80,80,80,80,80,80,80,80,80,80,80,80,82,82,82,82,82,82,84,86,86,86,88,88,90,90,90,90,90,92,92,92,92,92],"card_choices":[{"not_picked":["Anger","Armaments"],"picked":"Clothesline","floor":1},{"not_picked":["Rampage","Clothesline","Clash"],"picked":"SKIP","floor":2},{"not_picked":["Thunderclap","Burning Pact"],"picked":"Headbutt","floor":4},{"not_picked":["Twin Strike+1","Clash+1"],"picked":"Dropkick+1","floor":7},{"not_picked":["Armaments","Intimidate"],"picked":"Twin Strike+1","floor":8},{"not_picked":["Twin Strike+1","Shockwave"],"picked":"True Grit","floor":10},{"not_picked":["Dual Wield","Havoc"],"picked":"Inflame","floor":11},{"not_picked":["Warcry","Pummel+1"],"picked":"Pommel Strike+1","floor":11},{"not_picked":["Perfected Strike+1","Bludgeon+1"],"picked":"Anger+1","floor":11},{"not_picked":["Perfected Strike+1","Cleave+1"],"picked":"Bludgeon+1","floor":11},{"not_picked":["Heavy Blade+1","Second Wind"],"picked":"Pummel+1","floor":11},{"not_picked":["Clash+1","Infernal Blade","Twin Strike+1"],"picked":"SKIP","floor":12},{"not_picked":["Heavy Blade+1","Anger+1"],"picked":"Demon Form","floor":13},{"not_picked":["Armaments","Carnage+1","Pommel Strike+1"],"picked":"SKIP","floor":14},{"not_picked":["Juggernaut","Berserk"],"picked":"Impervious","floor":16},{"not_picked":["Perfected Strike+1","Flex","Armaments"],"picked":"SKIP","floor":18},{"not_picked":["Flex","Body Slam+1"],"picked":"Shrug It Off","floor":20},{"not_picked":["Sword Boomerang+1","Carnage+1","Body Slam+1"],"picked":"SKIP","floor":21},{"not_picked":["Rupture","Pummel+1"],"picked":"True Grit","floor":22},{"not_picked":["Disarm","Rampage+1"],"picked":"Battle Trance","floor":27},{"not_picked":["Body Slam+1","Combust","Anger+1"],"picked":"Singing Bowl","floor":29},{"not_picked":["Sword Boomerang+1","Bloodletting+1"],"picked":"Limit Break","floor":30},{"not_picked":["Bludgeon+1","Exhume"],"picked":"Reaper+1","floor":33},{"not_picked":["Power Through","Havoc","Ghostly Armor"],"picked":"Singing Bowl","floor":35},{"not_picked":["Wild Strike+1","Clothesline+1","Searing Blow+1"],"picked":"Singing Bowl","floor":36},{"not_picked":["Twin Strike+1","Headbutt+1","True Grit"],"picked":"Singing Bowl","floor":39},{"not_picked":["Wild Strike+1","Perfected Strike+1","Dropkick+1"],"picked":"Singing Bowl","floor":41},{"not_picked":["Heavy Blade+1","Clothesline+1"],"picked":"Shrug It Off+1","floor":44},{"not_picked":["Warcry","Power Through+1","Flex+1"],"picked":"Singing Bowl","floor":46},{"not_picked":["Dropkick+1","Ghostly Armor"],"picked":"Impervious","floor":48}],"player_experience":282332,"relics_obtained":[{"floor":7,"key":"Molten Egg 2"},{"floor":9,"key":"Blood Vial"},{"floor":10,"key":"MawBank"},{"floor":13,"key":"War Paint"},{"floor":26,"key":"Singing Bowl"},{"floor":30,"key":"Nunchaku"},{"floor":36,"key":"Thread and Needle"},{"floor":41,"key":"Dream Catcher"},{"floor":43,"key":"Self Forming Clay"},{"floor":48,"key":"Gremlin Horn"}],"event_choices":[{"damage_healed":0,"gold_gain":0,"player_choice":"Bought 0 Potions","damage_taken":0,"max_hp_gain":0,"max_hp_loss":0,"event_name":"The Woman in Blue","floor":3,"gold_loss":0},{"damage_healed":0,"gold_gain":0,"player_choice":"Success","damage_taken":7,"relics_obtained":["Lantern"],"max_hp_gain":0,"max_hp_loss":0,"event_name":"Scrap Ooze","floor":5,"gold_loss":0},{"damage_healed":0,"gold_gain":30,"player_choice":"Searched \u00273\u0027 times","damage_taken":0,"max_hp_gain":0,"max_hp_loss":0,"event_name":"Dead Adventurer","floor":7,"gold_loss":0},{"damage_healed":0,"gold_gain":99,"player_choice":"Stole From Cult","damage_taken":0,"max_hp_gain":0,"max_hp_loss":0,"event_name":"Nest","floor":19,"gold_loss":0},{"damage_healed":0,"gold_gain":0,"player_choice":"Rummage","damage_taken":0,"relics_obtained":["WarpedTongs"],"max_hp_gain":0,"max_hp_loss":0,"event_name":"Accursed Blacksmith","floor":28,"gold_loss":0,"cards_obtained":["Pain"]},{"damage_healed":0,"gold_gain":0,"player_choice":"Ignored","damage_taken":0,"max_hp_gain":0,"max_hp_loss":0,"event_name":"Ghosts","floor":31,"gold_loss":0},{"damage_healed":0,"gold_gain":0,"player_choice":"Fight","damage_taken":0,"max_hp_gain":0,"max_hp_loss":0,"event_name":"Mysterious Sphere","floor":36,"gold_loss":0},{"damage_healed":0,"gold_gain":0,"player_choice":"Ignored","damage_taken":0,"max_hp_gain":0,"max_hp_loss":0,"event_name":"Tomb of Lord Red Mask","floor":37,"gold_loss":0},{"damage_healed":0,"gold_gain":0,"player_choice":"Ignored","damage_taken":0,"max_hp_gain":0,"max_hp_loss":0,"event_name":"SecretPortal","floor":47,"gold_loss":0}],"is_beta":false,"boss_relics":[{"not_picked":["Black Star","Mark of Pain"],"picked":"Runic Pyramid"},{"not_picked":["Runic Cube","Snecko Eye"],"picked":"SlaversCollar"}],"items_purged_floors":[11,24,38],"is_endless":false,"potions_floor_spawned":[2,7,10,12,21,29,44,48],"ascension_level":0}}