{"host":"gkp57zoegrd3f2ij","time":1609775560,"event":{"mods":["BaseMod","Colored Map","Colored Powertips","Minty Spire (QoL Compilation)","StSLib"],"gold_per_floor":[119,119,130,130,176,201,201,213,236,271,271,291,319,53,53,53,53],"floor_reached":16,"playtime":877,"items_purged":["Strike_R"],"score":142,"play_id":"617ee044-c367-4876-b2a7-f3c4ed96ef4a","local_time":"20210104165240","is_ascension_mode":true,"campfire_choices":[{"data":"Armaments","floor":7,"key":"SMITH"},{"data":"Bash","floor":11,"key":"SMITH"},{"floor":15,"key":"REST"}],"circlet_count":0,"master_deck":["Strike_R","Strike_R","Strike_R","Strike_R","Defend_R","Defend_R","Defend_R","Defend_R","Bash+1","Blind+1","Ghostly Armor","Clothesline","Armaments+1","Thunderclap","Shrug It Off","Limit Break","Dark Shackles"],"relics":["Burning Blood","Pen Nib","Mango","Lantern","Paper Frog","Omamori"],"acts_visited":["Exordium"],"potions_floor_usage":[10,13,13,16,16,16],"damage_taken":[{"damage":1,"enemies":"2 Louse","floor":1,"turns":4},{"damage":2,"enemies":"Cultist","floor":3,"turns":4},{"damage":27,"enemies":"Lagavulin","floor":6,"turns":8},{"damage":0,"enemies":"Jaw Worm","floor":8,"turns":5},{"damage":29,"enemies":"3 Sentries","floor":10,"turns":7},{"damage":11,"enemies":"Lots of Slimes","floor":12,"turns":4},{"damage":16,"enemies":"Lagavulin","floor":13,"turns":6},{"damage":71,"enemies":"Hexaghost","floor":16,"turns":19}],"seed_played":"7390703941785103363","potions_obtained":[{"floor":2,"key":"ElixirPotion"},{"floor":2,"key":"AttackPotion"},{"floor":2,"key":"AttackPotion"},{"floor":3,"key":"LiquidBronze"},{"floor":13,"key":"Swift Potion"}],"is_trial":false,"path_per_floor":["M","?","M","?","T","E","R","M","T","E","R","M","E","$","R","B"],"character_chosen":"IRONCLAD","items_purchased":["Dark Shackles","Dexterity Potion","Block Potion"],"campfire_rested":1,"item_purchase_floors":[14,14,14],"current_hp_per_floor":[80,80,80,80,80,73,73,79,79,56,56,51,41,41,69,0,0],"gold":53,"neow_bonus":"RANDOM_COLORLESS","is_daily":false,"chose_seed":false,"campfire_upgraded":2,"win_rate":0.0,"timestamp":1609775560,"path_taken":["M","?","?","?","?","E","R","?","T","E","R","M","E","$","R","BOSS"],"items_purchased_type":["Card","Potion","Potion"],"build_version":"2020-12-22","purchased_purges":1,"victory":false,"max_hp_per_floor":[80,80,80,80,80,94,94,94,94,94,94,94,94,94,94,94,94],"card_choices":[{"not_picked":["Impatience","Forethought"],"picked":"Blind","floor":0},{"not_picked":["Thunderclap","Dark Embrace"],"picked":"Ghostly Armor","floor":1},{"not_picked":["Armaments","Twin Strike"],"picked":"Clothesline","floor":3},{"not_picked":["Clothesline","Rupture"],"picked":"Armaments","floor":6},{"not_picked":["Headbutt","Clothesline"],"picked":"Thunderclap","floor":8},{"not_picked":["Intimidate","Double Tap","Armaments"],"picked":"SKIP","floor":10},{"not_picked":["Havoc","Warcry"],"picked":"Shrug It Off","floor":12},{"not_picked":["Second Wind","Perfected Strike"],"picked":"Limit Break","floor":13}],"player_experience":251098,"relics_obtained":[{"floor":5,"key":"Pen Nib"},{"floor":6,"key":"Mango"},{"floor":9,"key":"Lantern"},{"floor":10,"key":"Paper Frog"},{"floor":13,"key":"Omamori"}],"event_choices":[{"damage_healed":0,"gold_gain":0,"player_choice":"Got Potions","damage_taken":0,"max_hp_gain":0,"max_hp_loss":0,"event_name":"Lab","floor":2,"gold_loss":0},{"damage_healed":0,"gold_gain":0,"player_choice":"Grow","damage_taken":0,"max_hp_gain":0,"max_hp_loss":0,"event_name":"Living Wall","floor":4,"gold_loss":0,"cards_upgraded":["Blind"]}],"is_beta":false,"boss_relics":[],"items_purged_floors":[14],"is_endless":false,"potions_floor_spawned":[3,13],"killed_by":"Hexaghost","ascension_level":4}}