{"host":"27tk4xseidcli2mr","time":1609789020,"event":{"mods":["2.2 Compatiblity","AchievementEnabler","Aspiration","BaseMod","Better Third Choice","Conspire","Custom Start","Downfall","Hubris","Infinite Spire","Jorbs\u0027s Wanderer Trilogy","Minty Spire (QoL Compilation)","Replay The Spire","StSLib","SuperFastMode","[IsaacMod]????"],"gold_per_floor":[109,159,1,1,1,1,18,47,98,98,117,117,142,158,158,231,231,250,265,265,265,283,283,301,301,301,316,45,45,45],"floor_reached":29,"playtime":1012,"items_purged":["Strike_B","Strike_B","Defend_B"],"score":516,"play_id":"38706641-d645-4e01-968a-324918e4922f","local_time":"20210104203700","is_ascension_mode":true,"campfire_choices":[{"data":"Zap","floor":6.0,"key":"SMITH"},{"data":"Tempest","floor":12.0,"key":"SMITH"},{"data":"Chill","floor":15.0,"key":"SMITH"},{"data":"ElectricPowerLearning","floor":23.0,"key":"SMITH"}],"circlet_count":0,"master_deck":["AscendersBane","Strike_B","Defend_B","Defend_B","Defend_B","Zap+1","Dualcast","BasicCrystalCard","Chill+1","Chaos+1","Cold Snap","Tempest+1","BasicCrystalCard","Self Repair","Hologram","ElectricPowerLearning+1","Time Bomb","Distribution","BootSequence","Cold Snap+1"],"relics":["Cracked Core","HushsDoor","NeowsBlessing","MoneyPower","hubris:DeckOfHolding","Replay:Baseball","Meat on the Bone","Ancient Tea Set","PreservedInsect","ReplayTheSpireMod:Lightbulb","conspire:RunicOctahedron","hubris:Towel","D6","aspiration:Stellarator","Strange Spoon"],"acts_visited":["Exordium","TheCity"],"potions_floor_usage":[29],"damage_taken":[{"damage":0.0,"enemies":"Jaw Worm","floor":1.0,"turns":1.0},{"damage":0.0,"enemies":"Hiden Room Battle","floor":2.0,"turns":1.0},{"damage":0.0,"enemies":"Cultist","floor":7.0,"turns":1.0},{"damage":22.0,"enemies":"3 Sentries","floor":8.0,"turns":12.0},{"damage":4.0,"enemies":"Small Slimes","floor":11.0,"turns":3.0},{"damage":0.0,"enemies":"Gremlin Nob","floor":13.0,"turns":2.0},{"damage":1.0,"enemies":"2 Fungi Beasts","floor":14.0,"turns":3.0},{"damage":29.0,"enemies":"The Guardian","floor":16.0,"turns":10.0},{"damage":38.0,"enemies":"Shell Parasite","floor":18.0,"turns":11.0},{"damage":14.0,"enemies":"conspire:FuzzyDice","floor":19.0,"turns":7.0},{"damage":27.0,"enemies":"Snecko","floor":22.0,"turns":4.0},{"damage":19.0,"enemies":"Snake Plant","floor":24.0,"turns":4.0},{"damage":2.0,"enemies":"conspire:HollyBat","floor":27.0,"turns":6.0},{"damage":54,"enemies":"Cultist and Chosen","floor":29,"turns":4}],"seed_played":"8141310303911716068","potions_obtained":[{"floor":11.0,"key":"Reflective Coating"},{"floor":13.0,"key":"AttackPotion"},{"floor":16.0,"key":"Elixir"},{"floor":19.0,"key":"ColorlessPotion"},{"floor":22.0,"key":"DistilledChaos"}],"is_trial":false,"path_per_floor":["M","?","$","?","T","R","M","E","T","?","M","R","E","M","R","B",null,"M","M","?","?","M","R","M","AVR","T","M","$","M"],"character_chosen":"DEFECT","items_purchased":["Chaos","Strange Spoon"],"campfire_rested":0,"item_purchase_floors":[3,28],"current_hp_per_floor":[64,64,64,64,64,64,64,42,42,42,38,38,38,44,44,34,62,43,48,48,48,48,48,48,48,48,53,53,0,0],"gold":45,"neow_bonus":"THREE_ENEMY_KILL","is_daily":false,"chose_seed":false,"campfire_upgraded":4,"win_rate":0.0,"timestamp":1609789020,"path_taken":["M","?","$","?","?","R","?","E","T","?","M","R","E","M","R","BOSS","M","M","?","?","M","R","?","AVR","T","M","$","?"],"items_purchased_type":["Card","Relic"],"build_version":"2020-12-22","purchased_purges":3,"victory":false,"max_hp_per_floor":[71,71,71,71,71,71,71,71,71,71,71,71,71,71,71,71,71,71,71,71,71,71,71,71,71,71,71,71,71,71],"card_choices":[{"not_picked":[],"picked":"Bomb","floor":0.0},{"not_picked":["Compile Driver","hubris:DoWhile"],"picked":"BasicCrystalCard","floor":1.0},{"not_picked":["Streamline","Barrage"],"picked":"Chill","floor":2.0},{"not_picked":["Turbo","Force Field"],"picked":"Cold Snap","floor":7.0},{"not_picked":["Turbo","Skim"],"picked":"Tempest","floor":8.0},{"not_picked":["Reinforced Body","Compile Driver"],"picked":"BasicCrystalCard","floor":11.0},{"not_picked":["BasicCrystalCard","Mirror Shield"],"picked":"Self Repair","floor":13.0},{"not_picked":["Turbo","Darkness"],"picked":"Hologram","floor":14.0},{"not_picked":["Seek","Machine Learning"],"picked":"ElectricPowerLearning","floor":16.0},{"not_picked":["Panic Button","Steam","Beam Cell"],"picked":"SKIP","floor":18.0},{"not_picked":["ReplayTheSpireMod:System Scan","Steam Power"],"picked":"Time Bomb","floor":19.0},{"not_picked":["Barrage","aspiration:Polymerization"],"picked":"Distribution","floor":22.0},{"not_picked":["Compile Driver","Streamline"],"picked":"BootSequence","floor":24.0},{"not_picked":["BasicCrystalCard+1","Redo"],"picked":"Cold Snap+1","floor":27.0}],"player_experience":1268832,"relics_obtained":[{"floor":2.0,"key":"hubris:DeckOfHolding"},{"floor":2.0,"key":"Replay:Baseball"},{"floor":5.0,"key":"Meat on the Bone"},{"floor":8.0,"key":"Ancient Tea Set"},{"floor":9.0,"key":"PreservedInsect"},{"floor":13.0,"key":"ReplayTheSpireMod:Lightbulb"}],"event_choices":[{"damage_healed":0.0,"max_hp_gain":0.0,"max_hp_loss":0.0,"gold_gain":0.0,"event_name":"HidenRoomEvent","player_choice":"Fight","floor":2.0,"gold_loss":0.0,"damage_taken":0.0},{"cards_removed":["Strike_B"],"damage_healed":0.0,"max_hp_gain":0.0,"max_hp_loss":0.0,"gold_gain":0.0,"event_name":"Living Wall","player_choice":"Forget","floor":10.0,"gold_loss":0.0,"damage_taken":0.0},{"damage_healed":0.0,"max_hp_gain":0.0,"max_hp_loss":0.0,"gold_gain":0.0,"event_name":"betterThird:BetterWriting","player_choice":"Adaptability","floor":20.0,"gold_loss":0.0,"damage_taken":0.0}],"is_beta":false,"boss_relics":[{"not_picked":["Snecko Eye","Replay:Bronze Core"],"picked":"conspire:RunicOctahedron"},{"not_picked":[]}],"items_purged_floors":[3,25,28],"is_endless":false,"potions_floor_spawned":[11,13,14,16,19,22],"killed_by":"Cultist and Chosen","ascension_level":20}}