{"host":"c3lc60y5x60jlt1y","time":1609776399,"event":{"mods":["AchievementEnabler","BaseMod","Bestiary","Colored Map","Minty Spire (QoL Compilation)","Quick Restart","StSLib","ojb\u0027s Info Mod"],"gold_per_floor":[110,110,35,83,96,96,129,148,148,182,196,196,196],"floor_reached":12,"playtime":429,"items_purged":[],"score":226,"play_id":"3045129d-682f-4926-93eb-fee7835d6a7c","local_time":"20210104180639","is_ascension_mode":true,"campfire_choices":[{"data":"Neutralize","floor":6,"key":"SMITH"}],"circlet_count":0,"master_deck":["AscendersBane","Strike_G","Strike_G","Strike_G","Defend_G","Defend_G","Defend_G","Defend_G","Defend_G","Survivor","Neutralize+1","Infinite Blades","Eviscerate","Flying Knee","Footwork","Infinite Blades","Bouncing Flask","Masterful Stab"],"relics":["Ring of the Snake","NeowsBlessing","MealTicket","Potion Belt","Pantograph","Frozen Egg 2"],"acts_visited":["Exordium"],"potions_floor_usage":[10,10],"damage_taken":[{"damage":0,"enemies":"Jaw Worm","floor":1,"turns":1},{"damage":0,"enemies":"Small Slimes","floor":5,"turns":1},{"damage":0,"enemies":"3 Sentries","floor":7,"turns":1},{"damage":0,"enemies":"Cultist","floor":8,"turns":4},{"damage":28,"enemies":"Gremlin Nob","floor":10,"turns":4},{"damage":6,"enemies":"Blue Slaver","floor":11,"turns":5},{"damage":23,"enemies":"3 Sentries","floor":12,"turns":8}],"seed_played":"-5405203154992330081","potions_obtained":[{"floor":1,"key":"DistilledChaos"},{"floor":5,"key":"Energy Potion"},{"floor":8,"key":"ColorlessPotion"}],"is_trial":false,"path_per_floor":["M","?","?","T","M","R","E","M","T","E","M","E"],"character_chosen":"THE_SILENT","items_purchased":[],"campfire_rested":0,"item_purchase_floors":[],"current_hp_per_floor":[59,59,59,59,59,59,59,59,59,31,25,2,2],"gold":196,"neow_bonus":"THREE_ENEMY_KILL","is_daily":false,"chose_seed":false,"campfire_upgraded":1,"win_rate":0.0,"timestamp":1609776399,"path_taken":["M","?","?","?","M","R","E","M","T","E","?","E"],"items_purchased_type":[],"build_version":"2020-12-22","purchased_purges":0,"victory":false,"max_hp_per_floor":[66,66,66,66,66,66,66,66,66,66,66,66,66],"card_choices":[{"not_picked":["Accuracy","Outmaneuver"],"picked":"Infinite Blades","floor":1},{"not_picked":["Expertise","Reflex"],"picked":"Flying Knee","floor":5},{"not_picked":["Cloak And Dagger","Flechettes"],"picked":"Footwork","floor":7},{"not_picked":["Well Laid Plans","Setup"],"picked":"Infinite Blades","floor":8},{"not_picked":["Backstab","Deadly Poison"],"picked":"Bouncing Flask","floor":10},{"not_picked":["Quick Slash","Skewer"],"picked":"Masterful Stab","floor":11}],"player_experience":7488957,"relics_obtained":[{"floor":4,"key":"MealTicket"},{"floor":7,"key":"Potion Belt"},{"floor":9,"key":"Pantograph"},{"floor":10,"key":"Frozen Egg 2"}],"event_choices":[{"damage_healed":0,"gold_gain":0,"cards_transformed":["Strike_G"],"player_choice":"Change","damage_taken":0,"max_hp_gain":0,"max_hp_loss":0,"event_name":"Living Wall","floor":2,"gold_loss":0,"cards_obtained":["Eviscerate"]},{"cards_removed":["Strike_G"],"damage_healed":0,"gold_gain":0,"player_choice":"Card Removal","damage_taken":0,"max_hp_gain":0,"max_hp_loss":0,"event_name":"The Cleric","floor":3,"gold_loss":75}],"is_beta":false,"boss_relics":[],"items_purged_floors":[],"is_endless":false,"potions_floor_spawned":[1,5,8],"killed_by":"3 Sentries","ascension_level":20}}