{"host":"nukjzc0ca34w6eem","time":1609747038,"event":{"mods":["2.2 Compatiblity","AchievementEnabler","BaseMod","Colored Powertips","Minty Spire (QoL Compilation)","StSLib"],"gold_per_floor":[119,119,44,59,69,69,86,12,12,22,50,72,72,90,90,189,189,205,205,205],"floor_reached":19,"playtime":1804,"items_purged":["Decay"],"score":228,"play_id":"57dc6661-66f0-4a98-9b28-086d0dd3e2a0","local_time":"20210103235718","is_ascension_mode":true,"campfire_choices":[{"data":"Warcry","floor":6,"key":"SMITH"},{"data":"Inflame","floor":13,"key":"SMITH"},{"data":"Sword Boomerang","floor":15,"key":"SMITH"}],"circlet_count":0,"master_deck":["Strike_R","Strike_R","Strike_R","Strike_R","Strike_R","Defend_R","Defend_R","Defend_R","Defend_R","Bash+1","Shrug It Off","Warcry+1","Clothesline","Burning Pact","Inflame+1","Power Through","Disarm","Sword Boomerang+1","Immolate"],"relics":["Burning Blood","Sundial","PreservedInsect","Odd Mushroom","Velvet Choker"],"acts_visited":["Exordium","TheCity"],"potions_floor_usage":[11,11,12,16],"damage_taken":[{"damage":7,"enemies":"Jaw Worm","floor":1,"turns":3},{"damage":6,"enemies":"Cultist","floor":4,"turns":3},{"damage":12,"enemies":"Small Slimes","floor":5,"turns":4},{"damage":3,"enemies":"3 Louse","floor":7,"turns":4},{"damage":16,"enemies":"Exordium Wildlife","floor":10,"turns":4},{"damage":15,"enemies":"Lagavulin","floor":11,"turns":5},{"damage":15,"enemies":"The Mushroom Lair","floor":12,"turns":4},{"damage":6,"enemies":"Red Slaver","floor":14,"turns":4},{"damage":27,"enemies":"Hexaghost","floor":16,"turns":12},{"damage":3,"enemies":"Chosen","floor":18,"turns":5},{"damage":62,"enemies":"Masked Bandits","floor":19,"turns":4}],"seed_played":"3593309157154826815","potions_obtained":[{"floor":4,"key":"AttackPotion"},{"floor":5,"key":"Explosive Potion"},{"floor":7,"key":"DistilledChaos"},{"floor":14,"key":"Swift Potion"}],"is_trial":false,"path_per_floor":["M","?","$","M","M","R","M","$","T","M","E","?","R","M","R","B",null,"M","?"],"character_chosen":"IRONCLAD","items_purchased":["Inflame"],"campfire_rested":0,"item_purchase_floors":[8],"current_hp_per_floor":[71,71,71,71,65,65,68,68,68,58,49,40,40,40,40,19,65,68,6,6],"gold":205,"neow_bonus":"UPGRADE_CARD","is_daily":false,"chose_seed":false,"campfire_upgraded":3,"win_rate":0.0,"timestamp":1609747038,"path_taken":["M","?","$","M","M","R","M","$","T","?","E","?","R","M","R","BOSS","M","?"],"items_purchased_type":["Card"],"build_version":"2020-12-22","purchased_purges":1,"victory":false,"max_hp_per_floor":[80,80,80,80,80,80,80,80,80,80,80,80,80,80,80,80,80,80,80,80],"card_choices":[{"not_picked":["Sword Boomerang","Blood for Blood"],"picked":"Shrug It Off","floor":1},{"not_picked":["Feel No Pain","Infernal Blade"],"picked":"Warcry","floor":4},{"not_picked":["Iron Wave","Cleave"],"picked":"Clothesline","floor":5},{"not_picked":["Intimidate","Shrug It Off"],"picked":"Burning Pact","floor":7},{"not_picked":["Juggernaut","Pummel"],"picked":"Power Through","floor":10},{"not_picked":["Intimidate","Corruption"],"picked":"Disarm","floor":11},{"not_picked":["Ghostly Armor","Body Slam"],"picked":"Sword Boomerang","floor":14},{"not_picked":["Double Tap","Brutality"],"picked":"Immolate","floor":16},{"not_picked":["Rupture","Cleave","Seeing Red"],"picked":"SKIP","floor":18}],"player_experience":237403,"relics_obtained":[{"floor":9,"key":"Sundial"},{"floor":11,"key":"PreservedInsect"},{"floor":12,"key":"Odd Mushroom"}],"event_choices":[{"damage_healed":0,"gold_gain":0,"player_choice":"Cursed","damage_taken":0,"max_hp_gain":0,"max_hp_loss":0,"event_name":"Wheel of Change","floor":2,"gold_loss":0,"cards_obtained":["Decay"]},{"damage_healed":0,"gold_gain":0,"player_choice":"Fought Mushrooms","damage_taken":0,"max_hp_gain":0,"max_hp_loss":0,"event_name":"Mushrooms","floor":12,"gold_loss":0},{"damage_healed":0,"gold_gain":0,"player_choice":"Fought Bandits","damage_taken":0,"max_hp_gain":0,"max_hp_loss":0,"event_name":"Masked Bandits","floor":19,"gold_loss":0}],"is_beta":false,"boss_relics":[{"not_picked":["SlaversCollar","Empty Cage"],"picked":"Velvet Choker"}],"items_purged_floors":[3],"is_endless":false,"potions_floor_spawned":[4,5,7,14],"killed_by":"Masked Bandits","ascension_level":7}}