{"host":"w9yruvs4bqht6bhw","time":1609730565,"event":{"mods":["BaseMod","Colored Powertips","Minty Spire (QoL Compilation)"],"gold_per_floor":[112,124,49,63,138,165,181,214,241,141,141,16,73,73,73,168,168,188,205,8,23,42,42,57,69,92,92,17,17,37,37,37,37,37],"floor_reached":33,"playtime":1199,"items_purged":["Defend_R","Strike_R","Strike_R","Strike_R"],"score":360,"play_id":"69ac2b52-e463-4388-92d2-eeac7e50feb9","local_time":"20210103222245","is_ascension_mode":true,"campfire_choices":[{"floor":11,"key":"REST"},{"floor":15,"key":"REST"},{"data":"Uppercut","floor":23,"key":"SMITH"},{"floor":27,"key":"REST"},{"data":"Seeing Red","floor":29,"key":"SMITH"},{"floor":32,"key":"REST"}],"circlet_count":0,"master_deck":["Strike_R+1","Defend_R","Defend_R","Defend_R+1","Bash+1","Madness","Shrug It Off","Clash+1","Flex","Clash","Double Tap","Clash","Demon Form","Shrug It Off","Uppercut+1","Seeing Red+1"],"relics":["Burning Blood","Mercury Hourglass","Pen Nib","Red Skull","Bronze Scales","Membership Card","Whetstone"],"acts_visited":["Exordium","TheCity"],"potions_floor_usage":[6,6,7,21,22,24,33],"damage_taken":[{"damage":11,"enemies":"2 Louse","floor":1,"turns":3},{"damage":9,"enemies":"Small Slimes","floor":2,"turns":5},{"damage":0,"enemies":"Jaw Worm","floor":4,"turns":3},{"damage":45,"enemies":"3 Sentries","floor":6,"turns":12},{"damage":4,"enemies":"3 Louse","floor":7,"turns":3},{"damage":15,"enemies":"Gremlin Nob","floor":8,"turns":3},{"damage":25,"enemies":"3 Sentries","floor":13,"turns":4},{"damage":5,"enemies":"Slime Boss","floor":16,"turns":6},{"damage":28,"enemies":"Shell Parasite","floor":18,"turns":5},{"damage":9,"enemies":"2 Thieves","floor":19,"turns":3},{"damage":18,"enemies":"3 Cultists","floor":21,"turns":5},{"damage":11,"enemies":"Snake Plant","floor":22,"turns":2},{"damage":9,"enemies":"Centurion and Healer","floor":24,"turns":3},{"damage":35,"enemies":"Shelled Parasite and Fungi","floor":25,"turns":4},{"damage":13,"enemies":"Snake Plant","floor":30,"turns":2},{"damage":57,"enemies":"Automaton","floor":33,"turns":8}],"seed_played":"-4578502824205853060","potions_obtained":[{"floor":2,"key":"Regen Potion"},{"floor":4,"key":"Swift Potion"},{"floor":7,"key":"BloodPotion"},{"floor":19,"key":"Regen Potion"},{"floor":22,"key":"EssenceOfSteel"},{"floor":25,"key":"EssenceOfSteel"}],"is_trial":false,"path_per_floor":["M","M","$","M","?","E","M","E","T","$","R","$","?","?","R","B",null,"M","M","$","M","M","R","M","M","T","R","$","R","M","?","R","B"],"character_chosen":"IRONCLAD","items_purchased":["Membership Card","Uppercut","Swift Potion"],"campfire_rested":4,"item_purchase_floors":[20,20,20],"current_hp_per_floor":[67,64,64,70,59,35,53,44,44,44,68,68,49,33,57,58,75,53,50,50,52,47,47,44,15,15,39,39,39,32,32,56,0,0],"gold":37,"neow_bonus":"RANDOM_COLORLESS","is_daily":false,"chose_seed":false,"campfire_upgraded":2,"win_rate":0.0,"timestamp":1609730565,"path_taken":["M","M","$","M","?","E","M","E","T","$","R","$","?","?","R","BOSS","M","M","$","M","M","R","M","M","T","R","$","R","M","?","R","BOSS"],"items_purchased_type":["Relic","Card","Potion"],"build_version":"2020-12-22","purchased_purges":4,"victory":false,"max_hp_per_floor":[80,80,80,80,80,80,80,80,80,80,80,80,80,80,80,80,80,80,80,80,80,80,80,80,80,80,80,80,80,80,80,80,80,80],"card_choices":[{"not_picked":["Blind","Dramatic Entrance"],"picked":"Madness","floor":0},{"not_picked":["Combust","Battle Trance"],"picked":"Shrug It Off","floor":1},{"not_picked":["Iron Wave","Havoc"],"picked":"Clash","floor":2},{"not_picked":["Sentinel","Heavy Blade"],"picked":"Flex","floor":4},{"not_picked":["Clothesline","Reckless Charge","Warcry"],"picked":"SKIP","floor":6},{"not_picked":["True Grit","Havoc"],"picked":"Clash","floor":7},{"not_picked":["Anger","Wild Strike"],"picked":"Double Tap","floor":8},{"not_picked":["Pummel","Hemokinesis"],"picked":"Clash","floor":13},{"not_picked":["Bludgeon","Impervious"],"picked":"Demon Form","floor":16},{"not_picked":["Headbutt","Sword Boomerang","Body Slam"],"picked":"SKIP","floor":18},{"not_picked":["Flex","Entrench"],"picked":"Shrug It Off","floor":19},{"not_picked":["Body Slam","Corruption","Headbutt+1"],"picked":"SKIP","floor":21},{"not_picked":["Thunderclap","Flex","Headbutt"],"picked":"SKIP","floor":22},{"not_picked":["Warcry","Dropkick","Sword Boomerang"],"picked":"SKIP","floor":24},{"not_picked":["Perfected Strike","Body Slam"],"picked":"Seeing Red","floor":25},{"not_picked":["Twin Strike","Flame Barrier+1","Sentinel"],"picked":"SKIP","floor":30}],"player_experience":318687,"relics_obtained":[{"floor":6,"key":"Mercury Hourglass"},{"floor":8,"key":"Pen Nib"},{"floor":9,"key":"Red Skull"},{"floor":26,"key":"Whetstone"}],"event_choices":[{"damage_healed":0,"gold_gain":75,"player_choice":"Gather Gold","damage_taken":11,"max_hp_gain":0,"max_hp_loss":0,"event_name":"World of Goop","floor":5,"gold_loss":0},{"damage_healed":0,"gold_gain":0,"player_choice":"Searched \u00272\u0027 times","damage_taken":0,"relics_obtained":["Bronze Scales"],"max_hp_gain":0,"max_hp_loss":0,"event_name":"Dead Adventurer","floor":13,"gold_loss":0},{"damage_healed":0,"gold_gain":0,"player_choice":"Entered Light","damage_taken":16,"max_hp_gain":0,"max_hp_loss":0,"event_name":"Shining Light","floor":14,"gold_loss":0,"cards_upgraded":["Strike_R","Defend_R"]},{"cards_removed":["Strike_R"],"damage_healed":0,"gold_gain":0,"player_choice":"Elegance","damage_taken":0,"max_hp_gain":0,"max_hp_loss":0,"event_name":"Back to Basics","floor":31,"gold_loss":0}],"is_beta":false,"boss_relics":[{"not_picked":["Runic Dome","Mark of Pain","Sozu"]}],"items_purged_floors":[3,10,12,28],"is_endless":false,"potions_floor_spawned":[2,4,7,19,22,25],"killed_by":"Automaton","ascension_level":8}}