{"host":"w3q5ijqu8eoknil3","time":1609739712,"event":{"mods":["AchievementEnabler","BaseMod","Block Reminder","Colored Powertips","Minty Spire (QoL Compilation)","Quick Restart","Relic Stats","ojb\u0027s Better Paths Mod","ojb\u0027s Info Mod","slay the spire mod where everything is the same but ironclad has a cowboy hat"],"gold_per_floor":[116,116,133,408,427,439,33,44,98,124,124,144,175,189,189,189,189],"floor_reached":16,"playtime":546,"items_purged":["Regret"],"score":228,"play_id":"430e26e9-ceea-4d0c-9f8f-12868465e427","local_time":"20210104055512","is_ascension_mode":true,"campfire_choices":[{"floor":11,"key":"REST"},{"data":"Armaments","floor":15,"key":"SMITH"}],"circlet_count":0,"master_deck":["AscendersBane","Strike_R","Strike_R","Strike_R","Strike_R","Defend_R","Defend_R","Defend_R","Defend_R","Bash","Second Wind","Cleave","Flame Barrier","Feed","Carnage","Battle Trance","Armaments+1","True Grit","Juggernaut+1"],"relics":["Burning Blood","NeowsBlessing","Bag of Preparation","Centennial Puzzle","Frozen Egg 2","Smiling Mask"],"acts_visited":["Exordium"],"potions_floor_usage":[6,10,10,13,14],"damage_taken":[{"damage":0,"enemies":"Small Slimes","floor":1,"turns":1},{"damage":0,"enemies":"Cultist","floor":3,"turns":1},{"damage":0,"enemies":"2 Louse","floor":5,"turns":1},{"damage":10,"enemies":"2 Fungi Beasts","floor":6,"turns":3},{"damage":5,"enemies":"Blue Slaver","floor":8,"turns":5},{"damage":89,"enemies":"Lagavulin","floor":10,"turns":10},{"damage":3,"enemies":"Large Slime","floor":12,"turns":6},{"damage":7,"enemies":"3 Sentries","floor":13,"turns":7},{"damage":12,"enemies":"Exordium Wildlife","floor":14,"turns":6},{"damage":33,"enemies":"Hexaghost","floor":16,"turns":9}],"seed_played":"5918579857511522390","potions_obtained":[{"floor":3,"key":"SkillPotion"},{"floor":5,"key":"EssenceOfSteel"},{"floor":8,"key":"BloodPotion"},{"floor":10,"key":"Weak Potion"},{"floor":12,"key":"Block Potion"}],"is_trial":false,"path_per_floor":["M","?","M","?","M","M","$","M","T","E","R","M","E","M","R","B"],"character_chosen":"IRONCLAD","items_purchased":["Feed","Carnage","Bag of Preparation"],"campfire_rested":1,"item_purchase_floors":[7,7,7],"current_hp_per_floor":[74,74,75,75,75,71,71,75,75,7,30,37,39,33,33,0,0],"gold":189,"neow_bonus":"THREE_ENEMY_KILL","is_daily":false,"chose_seed":false,"campfire_upgraded":1,"win_rate":0.0,"timestamp":1609739712,"path_taken":["M","?","?","?","?","?","$","M","T","E","R","M","E","M","R","BOSS"],"items_purchased_type":["Card","Card","Relic"],"build_version":"2020-12-22","purchased_purges":1,"victory":false,"max_hp_per_floor":[75,75,75,75,75,75,75,78,78,78,78,82,85,85,85,85,85],"relic_stats":{"Centennial Puzzle":[15],"counters":[10,49],"Bag of Preparation":[12],"Smiling Mask":0,"obtain_stats":[{"Centennial Puzzle":9,"NeowsBlessing":0,"Bag of Preparation":7,"Frozen Egg 2":10,"Smiling Mask":13,"Burning Blood":0},{"Centennial Puzzle":5,"NeowsBlessing":0,"Bag of Preparation":4,"Frozen Egg 2":6,"Smiling Mask":8,"Burning Blood":0},{"Centennial Puzzle":11,"NeowsBlessing":0,"Bag of Preparation":6,"Frozen Egg 2":21,"Smiling Mask":34,"Burning Blood":0}],"Burning Blood":43},"card_choices":[{"not_picked":["True Grit","Rage"],"picked":"Second Wind","floor":1},{"not_picked":["Flex","Rupture"],"picked":"Cleave","floor":3},{"not_picked":["Clash","Body Slam","Perfected Strike"],"picked":"SKIP","floor":5},{"not_picked":["Thunderclap","Wild Strike"],"picked":"Flame Barrier","floor":6},{"not_picked":["Havoc","Body Slam"],"picked":"Battle Trance","floor":8},{"not_picked":["Wild Strike","Shrug It Off"],"picked":"Armaments","floor":10},{"not_picked":["Body Slam","Heavy Blade"],"picked":"True Grit","floor":12},{"not_picked":["Rampage","Iron Wave"],"picked":"Juggernaut+1","floor":13},{"not_picked":["Infernal Blade","Flex","Reckless Charge"],"picked":"SKIP","floor":14}],"player_experience":945719,"relics_obtained":[{"floor":9,"key":"Centennial Puzzle"},{"floor":10,"key":"Frozen Egg 2"},{"floor":13,"key":"Smiling Mask"}],"event_choices":[{"cards_removed":["Strike_R"],"damage_healed":0,"gold_gain":0,"player_choice":"Offered Basic","damage_taken":0,"max_hp_gain":0,"max_hp_loss":0,"event_name":"Bonfire Elementals","floor":2,"gold_loss":0},{"damage_healed":0,"gold_gain":275,"player_choice":"Desecrate","damage_taken":0,"max_hp_gain":0,"max_hp_loss":0,"event_name":"Golden Shrine","floor":4,"gold_loss":0,"cards_obtained":["Regret"]}],"is_beta":false,"boss_relics":[],"items_purged_floors":[7],"is_endless":false,"potions_floor_spawned":[3,5,8,10,12],"killed_by":"Hexaghost","ascension_level":20}}