{"host":"vhrbb9mxb8fcxsba","time":1609770467,"event":{"mods":["2.2 Compatiblity","Act Like it!","Aspiration","BaseMod","Downfall","GungeonMod","Infinite Spire","Minty Spire (QoL Compilation)","Quick Restart","Replay The Spire","StSLib","The Disciple","Wandering Minibosses"],"gold_per_floor":[110,110,110,201,220,245,257,207,207,221,221,246,6,20,20,105,105,117,132,132,76,76,83,63,63],"floor_reached":24,"playtime":1241,"items_purged":[],"score":276,"play_id":"1cddbb0b-0992-49aa-bb52-447aec7a7ec5","local_time":"20210105032747","is_ascension_mode":true,"campfire_choices":[{"data":"ReplayTheSpireMod:Repulse","floor":15,"key":"SMITH"}],"circlet_count":0,"master_deck":["Strike_B","Strike_B","Strike_B","Defend_B","Defend_B","Defend_B","Defend_B","Zap","Dualcast","Reboot","Glacier","Glacier+1","Barrage","Steam","ReplayTheSpireMod:Repulse+1","ReplayRNGCard","Reinforced Body","Double Energy","Barrage","Rainbow","CurseOfTheBell","Pot Of Greed","Pot Of Greed","Compile Driver","ReplayTheSpireMod:Calculation Training+1","Defragment","Pot Of Greed","Self Repair","ReplayTheSpireMod:GoodbyeWorld"],"relics":["Cracked Core","PreservedInsect","aspiration:HummingbirdHeart","Matryoshka","DemoMod:PinkGuonStone","DemoMod:MeltedRock","aspiration:FaultyCoupler","Calling Bell","Grinning Jar","ReplayTheSpireMod:Shallot","aspiration:DSix","White Beast Statue"],"acts_visited":["Exordium","TheCity"],"potions_floor_usage":[8,16,19,21,23],"damage_taken":[{"damage":1,"enemies":"Cultist","floor":1,"turns":3},{"damage":0,"enemies":"2 Louse","floor":5,"turns":3},{"damage":0,"enemies":"3 Sentries","floor":6,"turns":6},{"damage":0,"enemies":"Jaw Worm","floor":7,"turns":3},{"damage":0,"enemies":"Looter","floor":8,"turns":5},{"damage":0,"enemies":"Large Slime","floor":10,"turns":4},{"damage":2,"enemies":"Lagavulin","floor":12,"turns":9},{"damage":0,"enemies":"Lots of Slimes","floor":14,"turns":2},{"damage":1,"enemies":"Hexaghost","floor":16,"turns":14},{"damage":8,"enemies":"Chosen","floor":18,"turns":5},{"damage":15,"enemies":"Spheric Guardian","floor":19,"turns":4},{"damage":17,"enemies":"Snecko","floor":21,"turns":7},{"damage":17,"enemies":"Nightmare","floor":23,"turns":6},{"damage":33,"enemies":"Cultist and Chosen","floor":24,"turns":6}],"seed_played":"1713499671801108655","potions_obtained":[{"floor":6,"key":"FocusPotion"},{"floor":7,"key":"LifebloodPotion"},{"floor":14,"key":"GamblersBrew"},{"floor":16,"key":"sneckomod:MuddlingPotion"},{"floor":19,"key":"Milkshake"},{"floor":22,"key":"Slimebound:ThreeZeroPotion"},{"floor":22,"key":"LiquidBronze"}],"is_trial":false,"path_per_floor":["M","?","?","?","M","E","M","M","T","M","?","E","$","M","R","B",null,"M","M","?","M","?","NM","M"],"character_chosen":"DEFECT","items_purchased":["aspiration:FaultyCoupler"],"campfire_rested":0,"item_purchase_floors":[13],"current_hp_per_floor":[74,74,74,56,56,56,56,56,56,56,56,54,54,54,54,53,82,74,59,59,42,42,32,0,0],"gold":63,"neow_bonus":"ONE_RANDOM_RARE_CARD","is_daily":false,"chose_seed":false,"campfire_upgraded":1,"win_rate":0.0,"timestamp":1609770467,"path_taken":["M","?","?","?","?","E","M","M","T","M","?","E","$","M","R","BOSS","M","M","?","M","?","NM","?"],"items_purchased_type":["Relic"],"build_version":"2020-12-22","purchased_purges":0,"victory":false,"max_hp_per_floor":[75,75,75,75,75,75,75,75,75,75,82,82,82,82,82,82,82,82,82,82,82,82,82,82,82],"card_choices":[{"not_picked":["Redo","Sweeping Beam"],"picked":"Glacier","floor":1},{"not_picked":["Steam","Conserve Battery"],"picked":"Barrage","floor":4},{"not_picked":["Go for the Eyes","Storm"],"picked":"Steam","floor":4},{"not_picked":["Stack","Time Bomb"],"picked":"ReplayTheSpireMod:Repulse","floor":5},{"not_picked":["Go for the Eyes","Beam Cell","BootSequence"],"picked":"SKIP","floor":6},{"not_picked":["Streamline","Leap","ReplayRNGCard"],"picked":"SKIP","floor":7},{"not_picked":["Streamline","Leap"],"picked":"ReplayRNGCard","floor":7},{"not_picked":["Beam Cell","ReplaySolidLightProjector"],"picked":"Reinforced Body","floor":8},{"not_picked":["Conserve Battery","BootSequence"],"picked":"Double Energy","floor":10},{"not_picked":["Meteor Strike","Hyperbeam"],"picked":"Barrage","floor":12},{"not_picked":["Panic Button","Rebound","Melter"],"picked":"SKIP","floor":14},{"not_picked":["Meteor Strike","Seek"],"picked":"Rainbow","floor":16},{"not_picked":["Conserve Battery","Multi-Cast"],"picked":"Compile Driver","floor":18},{"not_picked":["ReplayTheSpireMod:Reroute Power+1","Sweeping Beam"],"picked":"ReplayTheSpireMod:Calculation Training+1","floor":19},{"not_picked":["Redo","Steam"],"picked":"Self Repair","floor":21},{"not_picked":["Turbo","ReplayTheSpireMod:Calculation Training+1"],"picked":"ReplayTheSpireMod:GoodbyeWorld","floor":23}],"player_experience":169093,"relics_obtained":[{"floor":2,"key":"PreservedInsect"},{"floor":6,"key":"aspiration:HummingbirdHeart"},{"floor":9,"key":"Matryoshka"},{"floor":12,"key":"DemoMod:MeltedRock"},{"floor":17,"key":"Grinning Jar"},{"floor":17,"key":"ReplayTheSpireMod:Shallot"},{"floor":17,"key":"aspiration:DSix"},{"floor":23,"key":"White Beast Statue"}],"event_choices":[{"damage_healed":0,"gold_gain":0,"player_choice":"Success","damage_taken":7,"relics_obtained":["DemoMod:PinkGuonStone"],"max_hp_gain":0,"max_hp_loss":0,"event_name":"Scrap Ooze","floor":11,"gold_loss":0},{"damage_healed":0,"gold_gain":0,"player_choice":"Read","damage_taken":0,"max_hp_gain":0,"max_hp_loss":0,"event_name":"The Library","floor":20,"gold_loss":0,"cards_obtained":["Defragment"]},{"damage_healed":0,"gold_gain":0,"player_choice":"Got Potions","damage_taken":0,"max_hp_gain":0,"max_hp_loss":0,"event_name":"Lab","floor":22,"gold_loss":0}],"is_beta":false,"boss_relics":[{"not_picked":["aspiration:PoetsPen_weak","Astrolabe"],"picked":"Calling Bell"}],"items_purged_floors":[],"is_endless":false,"potions_floor_spawned":[6,7,14,16,19],"killed_by":"Cultist and Chosen","ascension_level":2}}