{"host":"x6tlfgqpy55vgxdn","time":1609770482,"event":{"mods":["AchievementEnabler","BaseMod","DeckTracker","Minty Spire (QoL Compilation)","Permanent Neow","Quick Restart","StSLib","SuperFastMode"],"gold_per_floor":[115,115,132,132,132,162,176,189,189,189,215,230,256,280,280,367,367,384,309,12,12,12,12,12,42,42,69,69,80,17,17,17,97,97,107,33,79,115,129,129,172,172,172,184,184,217,13,50,50,50,50,50,50,80,80],"floor_reached":56,"playtime":2197,"items_purged":["Strike_B","Defend_B","Strike_B+1","Defend_B","Zap","Dualcast"],"score":2489,"play_id":"d92c4fdc-ba8a-408b-b8be-aaf8bb66e796","local_time":"20210104232802","is_ascension_mode":true,"campfire_choices":[{"data":"Beam Cell","floor":15.0,"key":"SMITH"},{"data":"Defragment","floor":23.0,"key":"SMITH"},{"data":"Coolheaded","floor":32,"key":"SMITH"},{"data":"Recycle","floor":40,"key":"SMITH"},{"data":"Loop","floor":42,"key":"SMITH"},{"floor":49,"key":"RECALL"},{"data":"Chill","floor":52,"key":"SMITH"}],"circlet_count":0,"master_deck":["AscendersBane","Defend_B+1","Beam Cell+1","Defragment+1","Go for the Eyes+1","Gash+1","Loop+1","Cold Snap","Gash+1","Creative AI+1","Capacitor+1","Self Repair+1","Coolheaded+1","Chill+1","Core Surge","Heatsinks+1","Double Energy+1","Recycle+1","Skim+1","Core Surge"],"relics":["Black Star","Nunchaku","Kunai","Toy Ornithopter","DataDisk","Frozen Egg 2","Tiny Chest","CeramicFish","Strawberry","Coffee Dripper","Membership Card","Anchor","Orrery","InkBottle","Whetstone","Prayer Wheel","Omamori","Letter Opener","Blood Vial","Bronze Scales","Philosopher\u0027s Stone","TheAbacus","StoneCalendar","Ornamental Fan","Singing Bowl","Torii","MawBank","Ancient Tea Set","Bottled Lightning","Symbiotic Virus","Gremlin Horn","Boot","Centennial Puzzle"],"acts_visited":["Exordium","TheCity","TheBeyond","TheEnding"],"potions_floor_usage":[55],"damage_taken":[{"damage":0.0,"enemies":"2 Louse","floor":1.0,"turns":3.0},{"damage":2.0,"enemies":"Jaw Worm","floor":3.0,"turns":3.0},{"damage":0.0,"enemies":"3 Sentries","floor":6.0,"turns":2.0},{"damage":7.0,"enemies":"Cultist","floor":7.0,"turns":4.0},{"damage":3.0,"enemies":"Blue Slaver","floor":8.0,"turns":4.0},{"damage":12.0,"enemies":"Lagavulin","floor":11.0,"turns":7.0},{"damage":13.0,"enemies":"2 Fungi Beasts","floor":12.0,"turns":3.0},{"damage":10.0,"enemies":"3 Sentries","floor":13.0,"turns":2.0},{"damage":8.0,"enemies":"Looter","floor":14.0,"turns":3.0},{"damage":18.0,"enemies":"Slime Boss","floor":16.0,"turns":10.0},{"damage":31.0,"enemies":"Spheric Guardian","floor":18.0,"turns":6.0},{"damage":35.0,"enemies":"Slavers","floor":25.0,"turns":9.0},{"damage":2.0,"enemies":"Book of Stabbing","floor":27.0,"turns":2.0},{"damage":0,"enemies":"Chosen","floor":29,"turns":7},{"damage":8,"enemies":"Champ","floor":33,"turns":10},{"damage":2,"enemies":"Orb Walker","floor":35,"turns":5},{"damage":21,"enemies":"2 Orb Walkers","floor":37,"turns":6},{"damage":0,"enemies":"3 Shapes","floor":38,"turns":5},{"damage":1,"enemies":"Maw","floor":39,"turns":6},{"damage":5,"enemies":"Giant Head","floor":41,"turns":6},{"damage":0,"enemies":"3 Darklings","floor":44,"turns":3},{"damage":0,"enemies":"Reptomancer","floor":46,"turns":3},{"damage":0,"enemies":"Nemesis","floor":48,"turns":5},{"damage":0,"enemies":"Awakened One","floor":50,"turns":5},{"damage":0,"enemies":"Shield and Spear","floor":54,"turns":3},{"damage":0,"enemies":"The Heart","floor":55,"turns":6}],"seed_played":"-6867440324228492343","potions_obtained":[{"floor":3.0,"key":"PotionOfCapacity"},{"floor":7.0,"key":"BlessingOfTheForge"},{"floor":8.0,"key":"DuplicationPotion"},{"floor":10.0,"key":"Fruit Juice"},{"floor":10.0,"key":"CultistPotion"},{"floor":12.0,"key":"SkillPotion"},{"floor":18.0,"key":"EssenceOfSteel"},{"floor":38,"key":"SkillPotion"},{"floor":39,"key":"GamblersBrew"},{"floor":54,"key":"FocusPotion"}],"is_trial":false,"path_per_floor":["M","?","M","?","?","E","M","M","T","?","E","M","E","M","R","B",null,"M","?","$","?","T","R","$","E","T","E","?","M","$","T","R","B",null,"M","$","?","M","M","R","E","R","T","M","?","E","$","E","R","B",null,"R","$","E","B",null],"character_chosen":"DEFECT","items_purchased":["Membership Card","Capacitor+1","Anchor","Orrery","InkBottle","Chill","DuplicationPotion","TheAbacus","Heatsinks+1","Bottled Lightning"],"campfire_rested":0,"item_purchase_floors":[20,20,20,24,24,24,24,36,36,47],"current_hp_per_floor":[64,50,48,41,41,41,34,31,31,41,34,21,18,10,10,2,63,32,32,32,32,32,32,32,12,12,10,10,22,22,22,22,36,71,81,81,72,83,83,83,83,83,83,87,87,89,89,89,89,89,89,89,89,91,91],"gold":80,"neow_bonus":"BOSS_RELIC","is_daily":false,"chose_seed":false,"campfire_upgraded":6,"win_rate":0.0,"timestamp":1609770482,"path_taken":["M","?","M","?","?","E","M","?","T","?","E","?","E","M","R","BOSS","M","?","$","?","?","R","?","E","T","E","?","M","?","?","R","BOSS","M","$","?","M","M","R","E","R","T","M","?","E","$","E","R","BOSS","R","$","E","BOSS"],"items_purchased_type":["Relic","Card","Relic","Relic","Relic","Card","Potion","Relic","Card","Relic"],"build_version":"2020-12-22","purchased_purges":6,"victory":true,"max_hp_per_floor":[71,71,71,71,71,71,71,71,71,76,76,76,83,83,83,83,83,83,83,83,83,83,83,83,83,83,83,83,83,83,83,83,83,83,83,83,83,83,83,83,83,83,83,87,87,89,89,89,89,89,89,89,89,91,91],"card_choices":[{"not_picked":["Redo","Rebound"],"picked":"Beam Cell","floor":1.0},{"not_picked":["Reprogram","Steam"],"picked":"Defragment","floor":3.0},{"not_picked":["Consume","Rip and Tear"],"picked":"Go for the Eyes","floor":6.0},{"not_picked":["Sweeping Beam","Self Repair"],"picked":"Gash","floor":7.0},{"not_picked":["Barrage","Auto Shields"],"picked":"Loop","floor":8.0},{"not_picked":["Rebound","Scrape","Sunder"],"picked":"SKIP","floor":11.0},{"not_picked":["Leap","Turbo"],"picked":"Cold Snap","floor":12.0},{"not_picked":["Ball Lightning","Redo","Rebound"],"picked":"SKIP","floor":13.0},{"not_picked":["Double Energy","Steam"],"picked":"Gash","floor":14.0},{"not_picked":["Machine Learning+1","Buffer+1"],"picked":"Creative AI+1","floor":16.0},{"not_picked":["Stack","Double Energy","Rebound"],"picked":"SKIP","floor":18.0},{"not_picked":["Cold Snap","Darkness"],"picked":"Self Repair+1","floor":24.0},{"not_picked":["Streamline","Sweeping Beam"],"picked":"Coolheaded","floor":24.0},{"not_picked":["Rebound","Lockon","Coolheaded"],"picked":"SKIP","floor":25.0},{"not_picked":["Hello World+1","Gash","Multi-Cast"],"picked":"SKIP","floor":27.0},{"not_picked":["Coolheaded","Glacier","Redo"],"picked":"SKIP","floor":29},{"not_picked":["Undo","Sweeping Beam","Compile Driver"],"picked":"SKIP","floor":29},{"not_picked":["Rainbow","Multi-Cast"],"picked":"Core Surge","floor":33},{"not_picked":["Hologram","Go for the Eyes+1","Beam Cell+1"],"picked":"SKIP","floor":35},{"not_picked":["Streamline","Chill","Turbo"],"picked":"SKIP","floor":35},{"not_picked":["Ball Lightning+1","Stack"],"picked":"Double Energy+1","floor":38},{"not_picked":["Conserve Battery","Turbo"],"picked":"Recycle","floor":38},{"not_picked":["Leap","Cold Snap","Gash+1"],"picked":"SKIP","floor":39},{"not_picked":["Aggregate","Streamline","Reprogram"],"picked":"SKIP","floor":39},{"not_picked":["Recycle+1","Chaos"],"picked":"Skim+1","floor":41},{"not_picked":["Gash","Stack+1","Hello World+1"],"picked":"Singing Bowl","floor":44},{"not_picked":["Ball Lightning+1","Reprogram","Scrape"],"picked":"Singing Bowl","floor":44},{"not_picked":["Steam Power","BootSequence","Tempest+1"],"picked":"Singing Bowl","floor":46},{"not_picked":["Lockon+1","Fusion"],"picked":"Core Surge","floor":48},{"not_picked":["Seek","Rebound+1","Cold Snap"],"picked":"Singing Bowl","floor":54}],"player_experience":229385,"relics_obtained":[{"floor":6.0,"key":"Kunai"},{"floor":6.0,"key":"Toy Ornithopter"},{"floor":9.0,"key":"DataDisk"},{"floor":11.0,"key":"Frozen Egg 2"},{"floor":11.0,"key":"Tiny Chest"},{"floor":13.0,"key":"CeramicFish"},{"floor":13.0,"key":"Strawberry"},{"floor":25.0,"key":"Whetstone"},{"floor":25.0,"key":"Prayer Wheel"},{"floor":26.0,"key":"Omamori"},{"floor":27.0,"key":"Letter Opener"},{"floor":27.0,"key":"Blood Vial"},{"floor":31,"key":"Bronze Scales"},{"floor":37,"key":"StoneCalendar"},{"floor":41,"key":"Ornamental Fan"},{"floor":41,"key":"Singing Bowl"},{"floor":43,"key":"Torii"},{"floor":46,"key":"MawBank"},{"floor":46,"key":"Ancient Tea Set"},{"floor":48,"key":"Symbiotic Virus"},{"floor":48,"key":"Gremlin Horn"},{"floor":54,"key":"Boot"},{"floor":54,"key":"Centennial Puzzle"}],"event_choices":[{"damage_healed":0.0,"max_hp_gain":0.0,"max_hp_loss":0.0,"gold_gain":0.0,"event_name":"Shining Light","player_choice":"Entered Light","floor":2.0,"gold_loss":0.0,"damage_taken":14.0,"cards_upgraded":["Defend_B","Strike_B"]},{"cards_removed":["Defend_B"],"damage_healed":0.0,"max_hp_gain":0.0,"max_hp_loss":0.0,"gold_gain":0.0,"event_name":"Golden Wing","player_choice":"Card Removal","floor":4.0,"gold_loss":0.0,"damage_taken":7.0},{"damage_healed":0.0,"max_hp_gain":0.0,"max_hp_loss":0.0,"gold_gain":0.0,"event_name":"Big Fish","player_choice":"Box","floor":5.0,"gold_loss":0.0,"damage_taken":0.0,"relics_obtained":["Nunchaku"],"cards_obtained":["Regret"]},{"damage_healed":0.0,"max_hp_gain":0.0,"max_hp_loss":0.0,"gold_gain":0.0,"event_name":"Lab","player_choice":"Got Potions","floor":10.0,"gold_loss":0.0,"damage_taken":0.0},{"cards_removed":["Strike_B"],"damage_healed":0.0,"max_hp_gain":0.0,"max_hp_loss":0.0,"gold_gain":0.0,"event_name":"Beggar","player_choice":"Gave Gold","floor":19.0,"gold_loss":75.0,"damage_taken":0.0},{"cards_removed":["Strike_B"],"damage_healed":0.0,"max_hp_gain":0.0,"max_hp_loss":0.0,"gold_gain":0.0,"event_name":"Back to Basics","player_choice":"Elegance","floor":21.0,"gold_loss":0.0,"damage_taken":0.0},{"damage_healed":0,"gold_gain":0,"player_choice":"Ignored","damage_taken":0,"max_hp_gain":0,"max_hp_loss":0,"event_name":"Cursed Tome","floor":28,"gold_loss":0},{"damage_healed":0,"gold_gain":0,"player_choice":"Fight","damage_taken":0,"max_hp_gain":0,"max_hp_loss":0,"event_name":"Mysterious Sphere","floor":37,"gold_loss":0},{"damage_healed":0,"gold_gain":0,"player_choice":"Upgraded","damage_taken":0,"max_hp_gain":0,"max_hp_loss":0,"event_name":"Upgrade Shrine","floor":45,"gold_loss":0,"cards_upgraded":["Gash"]}],"is_beta":false,"boss_relics":[{"not_picked":["Snecko Eye","Cursed Key"],"picked":"Coffee Dripper"},{"not_picked":["Velvet Choker","Runic Dome"],"picked":"Philosopher\u0027s Stone"}],"items_purged_floors":[20,24,30,36,47,53],"is_endless":false,"potions_floor_spawned":[3,7,8,12,13,18,38,39,41,44,54],"ascension_level":14}}