{"host":"qj91dvco5uhu9oti","time":1609756535,"event":{"mods":["BaseMod","Colored Map","Keyboard Shortcuts","Minty Spire (QoL Compilation)","Permanent Neow","Relic Stats","StSLib","SuperFastMode","everything is the same but u backflip on backflip"],"gold_per_floor":[19,34,47,64,75,101,101,121,170,170,189,202,213,224,224,224,224],"floor_reached":16,"playtime":613,"items_purged":[],"score":110,"play_id":"f56b7e02-41fd-411b-853a-30aedf2ea7ce","local_time":"20210104193535","is_ascension_mode":false,"campfire_choices":[{"floor":7,"key":"RECALL"},{"data":"Quick Slash","floor":10,"key":"SMITH"},{"data":"Prepared","floor":15,"key":"SMITH"}],"circlet_count":0,"master_deck":["Strike_G","Strike_G","Strike_G","Strike_G","Defend_G","Defend_G","Defend_G","Defend_G","Survivor","Neutralize","Backflip","Reflex","Quick Slash+1","Tactician","Prepared+1","Prepared"],"relics":["Ring of the Snake","Frozen Egg 2","Anchor"],"acts_visited":["Exordium"],"potions_floor_usage":[16,16],"damage_taken":[{"damage":2.0,"enemies":"Jaw Worm","floor":1.0,"turns":5.0},{"damage":2.0,"enemies":"Cultist","floor":2.0,"turns":4.0},{"damage":3.0,"enemies":"Small Slimes","floor":3.0,"turns":4.0},{"damage":2.0,"enemies":"Blue Slaver","floor":4.0,"turns":5.0},{"damage":11.0,"enemies":"Exordium Thugs","floor":5.0,"turns":8.0},{"damage":24.0,"enemies":"3 Sentries","floor":6.0,"turns":12.0},{"damage":7,"enemies":"Large Slime","floor":8,"turns":10},{"damage":0,"enemies":"2 Fungi Beasts","floor":11,"turns":3},{"damage":0,"enemies":"3 Louse","floor":12,"turns":4},{"damage":7,"enemies":"Exordium Wildlife","floor":13,"turns":4},{"damage":0,"enemies":"2 Fungi Beasts","floor":14,"turns":3},{"damage":34,"enemies":"Hexaghost","floor":16,"turns":15}],"seed_played":"-7671949219232511979","potions_obtained":[{"floor":4.0,"key":"AttackPotion"},{"floor":6.0,"key":"SpeedPotion"},{"floor":8,"key":"CunningPotion"},{"floor":12,"key":"Regen Potion"},{"floor":13,"key":"SkillPotion"},{"floor":14,"key":"Block Potion"}],"is_trial":false,"path_per_floor":["M","M","M","M","M","E","R","M","T","R","M","M","M","M","R","B"],"character_chosen":"THE_SILENT","items_purchased":[],"campfire_rested":0,"item_purchase_floors":[],"current_hp_per_floor":[68,66,63,61,50,26,26,19,19,19,19,19,12,12,12,0,0],"gold":224,"neow_bonus":"REMOVE_TWO","is_daily":false,"chose_seed":true,"campfire_upgraded":2,"win_rate":0.0,"timestamp":1609756535,"path_taken":["M","M","M","M","M","E","R","M","T","R","M","M","M","M","R","BOSS"],"items_purchased_type":[],"build_version":"2020-12-22","purchased_purges":0,"victory":false,"max_hp_per_floor":[70,70,70,70,70,70,70,70,70,70,70,70,70,70,70,70,70],"relic_stats":{"counters":[12,77],"obtain_stats":[{"Anchor":9,"Frozen Egg 2":6,"Ring of the Snake":0},{"Anchor":7,"Frozen Egg 2":6,"Ring of the Snake":0},{"Anchor":48,"Frozen Egg 2":38,"Ring of the Snake":0}],"Ring of the Snake":[24]},"card_choices":[{"not_picked":["Dagger Throw","Outmaneuver"],"picked":"Backflip","floor":1.0},{"not_picked":["Deflect","Slice"],"picked":"Reflex","floor":2.0},{"not_picked":["Escape Plan","All Out Attack","Deflect"],"picked":"SKIP","floor":3.0},{"not_picked":["Caltrops","Infinite Blades","Slice"],"picked":"SKIP","floor":4.0},{"not_picked":["Quick Slash","Blade Dance","Envenom"],"picked":"SKIP","floor":5.0},{"not_picked":["Blade Dance","Envenom"],"picked":"Quick Slash","floor":5.0},{"not_picked":["Outmaneuver","Riddle With Holes","Bouncing Flask"],"picked":"SKIP","floor":6.0},{"not_picked":["Dodge and Roll","Expertise","Leg Sweep"],"picked":"SKIP","floor":8},{"not_picked":["Riddle With Holes","Well Laid Plans+1"],"picked":"Tactician","floor":11},{"not_picked":["Bouncing Flask","Underhanded Strike"],"picked":"Prepared","floor":12},{"not_picked":["Heel Hook","All Out Attack","Deadly Poison"],"picked":"SKIP","floor":13},{"not_picked":["Poisoned Stab","Quick Slash"],"picked":"Prepared","floor":14}],"player_experience":339933,"relics_obtained":[{"floor":6.0,"key":"Frozen Egg 2"},{"floor":9,"key":"Anchor"}],"event_choices":[],"is_beta":false,"boss_relics":[],"items_purged_floors":[],"is_endless":false,"potions_floor_spawned":[4,6,8,12,13,14],"killed_by":"Hexaghost","ascension_level":0}}