{"host":"61r95uy0hn86b9iu","time":1609736817,"event":{"mods":["AchievementEnabler","BaseMod","Better Vampires","BetterRewards","Colored Powertips","Hubris","Minty Spire (QoL Compilation)","Shop Mod","StSLib"],"gold_per_floor":[114,166,67,142,18,18,46,46,72,72,84,100,100,118,118,219,219,233,233,243,166,183,183,62,76,99,116,116,3,3,3,3,103,153,163,10,10,74,124,154,164,195,195,195,223,237,237,237,237,237,237,237,51,77,77],"floor_reached":56,"playtime":3395,"items_purged":["Strike_R","Strike_R","Battle Trance","Bash"],"score":2206,"play_id":"e1f77f6f-fa38-437a-ab88-16d93e85e2c6","local_time":"20210103230657","is_ascension_mode":true,"campfire_choices":[{"floor":6.0,"key":"REST"},{"data":"Flex","floor":8.0,"key":"SMITH"},{"data":"Heavy Blade","floor":13.0,"key":"SMITH"},{"data":"Inflame","floor":15.0,"key":"SMITH"},{"data":"Limit Break","floor":23.0,"key":"SMITH"},{"data":"Offering","floor":28.0,"key":"SMITH"},{"data":"Pommel Strike","floor":32.0,"key":"SMITH"},{"floor":44.0,"key":"RECALL"},{"data":"Madness","floor":49.0,"key":"SMITH"},{"data":"Madness","floor":52.0,"key":"SMITH"}],"circlet_count":0,"master_deck":["AscendersBane","Defend_R","Defend_R","Flash of Steel+1","Inflame+1","Flex+1","Thunderclap","Iron Wave","Heavy Blade+1","Limit Break+1","Intimidate+1","Barricade+1","Heavy Blade+1","Shrug It Off+1","Pommel Strike+1","Finesse","Offering+1","Feed","Reaper","Spot Weakness+1","Bloodletting","Flex+1","Madness+1","Madness+1","Shrug It Off+1"],"relics":["Burning Blood","hubris:Potato","Membership Card","MerchantsRug","Juzu Bracelet","hubris:EmptyBottle","Anchor","Lantern","Red Skull","Paper Frog","hubris:TinFlute","Bottled Tornado","Oddly Smooth Stone","Eternal Feather","Gremlin Horn","hubris:ChampionShield","ClockworkSouvenir","Gambling Chip"],"acts_visited":[],"potions_floor_usage":[55,55,55,55],"damage_taken":[{"damage":6.0,"enemies":"Cultist","floor":1.0,"turns":3.0},{"damage":15.0,"enemies":"3 Sentries","floor":7.0,"turns":4.0},{"damage":0.0,"enemies":"Small Slimes","floor":11.0,"turns":2.0},{"damage":0.0,"enemies":"2 Louse","floor":12.0,"turns":2.0},{"damage":6.0,"enemies":"Looter","floor":14.0,"turns":3.0},{"damage":33.0,"enemies":"Hexaghost","floor":16.0,"turns":7.0},{"damage":2.0,"enemies":"Chosen","floor":18.0,"turns":2.0},{"damage":2.0,"enemies":"Shell Parasite","floor":20.0,"turns":3.0},{"damage":0.0,"enemies":"Snecko","floor":22.0,"turns":3.0},{"damage":0.0,"enemies":"Centurion and Healer","floor":25.0,"turns":3.0},{"damage":0.0,"enemies":"Cultist and Chosen","floor":27.0,"turns":3.0},{"damage":5.0,"enemies":"hubris:MusketHawk","floor":33.0,"turns":3.0},{"damage":9.0,"enemies":"3 Darklings","floor":35.0,"turns":3.0},{"damage":0.0,"enemies":"Mind Bloom Boss Battle","floor":39.0,"turns":6.0},{"damage":0.0,"enemies":"Reptomancer","floor":40.0,"turns":2.0},{"damage":8.0,"enemies":"Orb Walker","floor":41.0,"turns":3.0},{"damage":38.0,"enemies":"Nemesis","floor":42.0,"turns":5.0},{"damage":37.0,"enemies":"Giant Head","floor":45.0,"turns":7.0},{"damage":0.0,"enemies":"Jaw Worm Horde","floor":46.0,"turns":3.0},{"damage":45.0,"enemies":"Time Eater","floor":50.0,"turns":4.0},{"damage":86,"enemies":"Shield and Spear","floor":54,"turns":5},{"damage":52,"enemies":"The Heart","floor":55,"turns":7}],"seed_played":"6422924267918329840","potions_obtained":[{"floor":11.0,"key":"PowerPotion"},{"floor":12.0,"key":"LiquidBronze"},{"floor":18.0,"key":"Regen Potion"},{"floor":20.0,"key":"DuplicationPotion"},{"floor":25.0,"key":"LiquidMemories"},{"floor":34.0,"key":"Strength Potion"},{"floor":41.0,"key":"PowerPotion"},{"floor":45.0,"key":"SteroidPotion"},{"floor":46.0,"key":"PowerPotion"},{"floor":54,"key":"BlessingOfTheForge"}],"is_trial":false,"path_per_floor":["M","T","$","?","$","R","E","R","T","?","M","M","R","M","R","B",null,"M","?","M","$","M","R","$","M","T","M","R","$","T","?","R","B",null,"M","$","?","$","?","E","M","E","T","R","E","M","T","?","R","B",null,"R","$","E","B",null],"character_chosen":"IRONCLAD","items_purchased":["hubris:Potato","Flash of Steel","Membership Card","MerchantsRug","Strawberry","Flex","hubris:EmptyBottle","Thunderclap","AttackPotion","Finesse","Lee\u0027s Waffle","Offering","Paper Frog","hubris:TinFlute","Bloodletting","hubris:ChampionShield","ClockworkSouvenir","LiquidMemories"],"campfire_rested":1,"item_purchase_floors":[0,0,0,0,3,3,5,5,5,21,24,24,29,36,36,53,53,53],"current_hp_per_floor":[48,48,55,44,44,70,61,61,61,58,64,70,70,70,70,43,76,80,80,84,84,87,87,94,94,94,94,94,94,94,94,94,94,99,99,99,99,99,99,99,97,70,70,70,63,72,72,59,71,32,85,97,97,51,30],"gold":77,"neow_bonus":"","is_daily":false,"chose_seed":false,"campfire_upgraded":8,"win_rate":0.0,"timestamp":1609736817,"path_taken":["M","?","?","?","$","R","E","R","T","?","M","M","R","M","R","BOSS","M","?","M","$","M","R","$","M","T","M","R","$","?","?","R","BOSS","M","$","?","$","?","E","M","E","T","R","E","M","?","?","R","BOSS","R","$","E","BOSS"],"items_purchased_type":["Relic","Card","Relic","Relic","Relic","Card","Relic","Card","Potion","Card","Relic","Card","Relic","Relic","Card","Relic","Relic","Potion"],"build_version":"2020-12-22","purchased_purges":4,"victory":true,"max_hp_per_floor":[80,80,87,87,87,87,87,87,87,87,87,87,87,87,87,87,87,87,87,87,87,87,87,94,94,94,94,94,94,94,94,94,94,99,99,99,99,99,99,99,99,99,99,99,99,102,102,102,102,102,102,102,102,102,102],"card_choices":[{"not_picked":["hubris:CleavingFinish","True Grit","Bloodletting"],"picked":"SKIP","floor":1.0},{"not_picked":["Second Wind","Clothesline"],"picked":"Iron Wave","floor":7.0},{"not_picked":["Iron Wave","Second Wind","Headbutt"],"picked":"SKIP","floor":11.0},{"not_picked":["Seeing Red","Cleave"],"picked":"Heavy Blade","floor":12.0},{"not_picked":["Wild Strike","Battle Trance","Havoc"],"picked":"SKIP","floor":14.0},{"not_picked":["Impervious","Fiend Fire"],"picked":"Limit Break","floor":16.0},{"not_picked":["True Grit+1","Heavy Blade"],"picked":"Shrug It Off+1","floor":18.0},{"not_picked":["hubris:ReadiedAction","Carnage+1"],"picked":"Pommel Strike","floor":20.0},{"not_picked":["Burning Pact","Searing Blow","Clash"],"picked":"SKIP","floor":22.0},{"not_picked":["Sword Boomerang+1","Rampage","Clash+1"],"picked":"SKIP","floor":25.0},{"not_picked":["Feel No Pain","Iron Wave+1","Dark Embrace+1"],"picked":"SKIP","floor":27.0},{"not_picked":["hubris:StunningStrike","Corruption"],"picked":"Reaper","floor":33.0},{"not_picked":["Body Slam","Feel No Pain+1"],"picked":"Spot Weakness+1","floor":34.0},{"not_picked":["Rupture","Sword Boomerang+1","Body Slam+1"],"picked":"SKIP","floor":35.0},{"not_picked":["True Grit","Clash","Twin Strike"],"picked":"SKIP","floor":40.0},{"not_picked":["Dual Wield+1","Uppercut","hubris:ReadiedAction"],"picked":"SKIP","floor":41.0},{"not_picked":["Wild Strike+1","Iron Wave","Feed"],"picked":"SKIP","floor":42.0},{"not_picked":["Heavy Blade","Cleave+1"],"picked":"Flex+1","floor":45.0},{"not_picked":["Armaments+1","Sword Boomerang","Carnage"],"picked":"SKIP","floor":46.0},{"not_picked":["Sentinel","Iron Wave"],"picked":"Shrug It Off+1","floor":54}],"player_experience":3215732,"relics_obtained":[{"floor":2.0,"key":"Juzu Bracelet"},{"floor":7.0,"key":"Bottled Flame"},{"floor":9.0,"key":"Anchor"},{"floor":26.0,"key":"Red Skull"},{"floor":30.0,"key":"Blue Candle"},{"floor":40.0,"key":"Bottled Tornado"},{"floor":42.0,"key":"Oddly Smooth Stone"},{"floor":45.0,"key":"Eternal Feather"},{"floor":47.0,"key":"Gremlin Horn"},{"floor":54,"key":"Gambling Chip"}],"event_choices":[{"damage_healed":0.0,"max_hp_gain":0.0,"max_hp_loss":0.0,"gold_gain":75.0,"event_name":"World of Goop","player_choice":"Gather Gold","floor":4.0,"gold_loss":0.0,"damage_taken":11.0},{"damage_healed":0.0,"max_hp_gain":0.0,"max_hp_loss":0.0,"gold_gain":0.0,"event_name":"Scrap Ooze","player_choice":"Success","floor":10.0,"gold_loss":0.0,"damage_taken":3.0,"relics_obtained":["Lantern"]},{"cards_removed":["Strike_R"],"damage_healed":0.0,"max_hp_gain":0.0,"max_hp_loss":0.0,"gold_gain":0.0,"event_name":"Purifier","player_choice":"Purged","floor":19.0,"gold_loss":0.0,"damage_taken":0.0},{"damage_healed":0.0,"max_hp_gain":0.0,"max_hp_loss":0.0,"gold_gain":0.0,"cards_transformed":["Defend_R"],"event_name":"Transmorgrifier","player_choice":"Transformed","floor":31.0,"gold_loss":0.0,"damage_taken":0.0,"cards_obtained":["Feed"]},{"damage_healed":0.0,"max_hp_gain":0.0,"max_hp_loss":0.0,"gold_gain":0.0,"event_name":"MindBloom","player_choice":"Fight","floor":39.0,"gold_loss":0.0,"damage_taken":0.0},{"damage_healed":0.0,"max_hp_gain":0.0,"max_hp_loss":0.0,"gold_gain":0.0,"event_name":"Winding Halls","player_choice":"Embrace Madness","floor":48.0,"gold_loss":0.0,"damage_taken":13.0,"cards_obtained":["Madness","Madness"]}],"is_beta":false,"boss_relics":[{"not_picked":["Cursed Key","hubris:ScarierMask"],"picked":"Astrolabe"},{"not_picked":["hubris:CrackedHourglass","Velvet Choker"],"picked":"Tiny House"}],"items_purged_floors":[0,0,21,36],"is_endless":false,"potions_floor_spawned":[11,12,18,20,25,41,45,46,54],"ascension_level":10}}