{"host":"ewfe3cr33ktd9xzj","time":1609754477,"event":{"mods":["AchievementEnabler","BaseMod","Colored Map","Custom Start","DeckTracker","Minty Spire (QoL Compilation)","Rare Cards Sparkle","StSLib","everything is the same but u backflip on backflip"],"gold_per_floor":[117,117,42,52,68,68,85,113,160,160,160],"floor_reached":10,"playtime":204,"items_purged":["Strike_R"],"score":68,"play_id":"16ef8d51-02f0-4e05-b37e-b84a2d75d814","local_time":"20210104190117","is_ascension_mode":false,"campfire_choices":[{"data":"Wild Strike","floor":6,"key":"SMITH"}],"circlet_count":0,"master_deck":["Strike_R","Strike_R","Strike_R","Defend_R","Defend_R","Defend_R","Bash","Wild Strike+1","Power Through+1"],"relics":["Burning Blood","Toxic Egg 2","Potion Belt"],"acts_visited":[],"potions_floor_usage":[10,10],"damage_taken":[{"damage":1.0,"enemies":"Cultist","floor":1.0,"turns":3.0},{"damage":1,"enemies":"Jaw Worm","floor":4,"turns":3},{"damage":0,"enemies":"Small Slimes","floor":5,"turns":3},{"damage":9,"enemies":"2 Fungi Beasts","floor":7,"turns":4},{"damage":28,"enemies":"Gremlin Nob","floor":8,"turns":4},{"damage":47,"enemies":"3 Sentries","floor":10,"turns":10}],"seed_played":"-6332966992245715540","potions_obtained":[{"floor":4,"key":"Swift Potion"},{"floor":5,"key":"Fruit Juice"}],"is_trial":false,"path_per_floor":["M","T","$","M","M","R","M","E","T","E"],"character_chosen":"IRONCLAD","items_purchased":[],"campfire_rested":0,"item_purchase_floors":[],"current_hp_per_floor":[72,72,72,72,72,72,69,47,47,5,5],"gold":160,"neow_bonus":"REMOVE_TWO","is_daily":false,"chose_seed":false,"campfire_upgraded":1,"win_rate":0.0,"timestamp":1609754477,"path_taken":["M","?","$","M","M","R","M","E","T","E"],"items_purchased_type":[],"build_version":"2020-12-22","purchased_purges":1,"victory":false,"max_hp_per_floor":[72,72,72,72,72,72,72,72,72,77,77],"card_choices":[{"not_picked":["Havoc","Headbutt"],"picked":"Wild Strike","floor":1},{"not_picked":["Heavy Blade","Havoc+1"],"picked":"Power Through+1","floor":4},{"not_picked":["Wild Strike","Dual Wield+1","Flame Barrier+1"],"picked":"SKIP","floor":5},{"not_picked":["Havoc+1","Bloodletting+1","Iron Wave"],"picked":"SKIP","floor":7},{"not_picked":["Flex+1","Clash","Havoc+1"],"picked":"SKIP","floor":8}],"player_experience":12186,"relics_obtained":[{"floor":2,"key":"Toxic Egg 2"},{"floor":8,"key":"Potion Belt"}],"event_choices":[],"is_beta":false,"boss_relics":[],"items_purged_floors":[3],"is_endless":false,"potions_floor_spawned":[4,5],"killed_by":"3 Sentries","ascension_level":0}}