{"host":"kw4o7b3ro2ktmmbe","time":1609729274,"event":{"mods":["BaseMod","Evolution","Minty Spire (QoL Compilation)","StSLib","The Runesmith","Wandering Minibosses"],"gold_per_floor":[118,20,20,20,37,37,53,53,53,53,69,85,85,85,85,205,205,221,237,237,237,261,261,274,307,359,359,395,23,23,23,23,118,168,183,203,203,214,58,83,101,101,182,182,230,255,255,255],"floor_reached":47,"playtime":5843,"items_purged":["Runesmith:CraftFirestone"],"score":718,"play_id":"f276d3e6-81c3-45a6-ab08-41b0dca8c7e7","local_time":"20210104160114","is_ascension_mode":true,"campfire_choices":[{"data":"Runesmith:CraftMagma","floor":6.0,"key":"SMITH"},{"data":"Runesmith:CraftIncendium","floor":8.0,"key":"SMITH"},{"data":"Runesmith:Fortify","floor":10.0,"key":"SMITH"},{"data":"Runesmith:Grindstone","floor":13.0,"key":"SMITH"},{"floor":15.0,"key":"REST"},{"data":"Runesmith:CraftMagma","floor":23.0,"key":"SMITH"},{"floor":27.0,"key":"REST"},{"data":"Runesmith:FieryHammer","floor":32.0,"key":"SMITH"},{"floor":42.0,"key":"REST"},{"floor":44.0,"key":"REST"}],"circlet_count":0,"master_deck":["Runesmith:EnergizedChisel","Runesmith:EnergizedChisel","Runesmith:EnergizedChisel","Runesmith:Strike_RS+1","Runesmith:Defend_RS+1","Runesmith:Defend_RS+1","Runesmith:Defend_RS","Runesmith:Defend_RS","Runesmith:Fortify+1","Runesmith:CraftMagma+1","Runesmith:CraftIncendium+1","Runesmith:Grindstone+1","Runesmith:Empowerment","Runesmith:MetallurgicalResearch","Runesmith:CraftMagma+1","Runesmith:FieryHammer+1","Runesmith:HammerThrow+1","Runesmith:Superposition+1","Runesmith:Permafrost+1","Runesmith:PoweredAnvil+1","Runesmith:ArcReactor+1","Madness","Madness","Runesmith:LithiumIon+1","Runesmith:CraftMagma","Runesmith:Terraform"],"relics":["Runesmith:BrokenRuby","EVO:Axolotl","Frozen Egg 2","Bloody Idol","SlaversCollar","Regal Pillow","Vajra","Mango","Unceasing Top","Tiny House","Bronze Scales","Singing Bowl","StoneCalendar","Nunchaku"],"acts_visited":["Exordium","TheCity","TheBeyond"],"potions_floor_usage":[],"damage_taken":[{"damage":0.0,"enemies":"Jaw Worm","floor":1.0,"turns":6.0},{"damage":0.0,"enemies":"Small Slimes","floor":5.0,"turns":3.0},{"damage":0.0,"enemies":"2 Louse","floor":7.0,"turns":3.0},{"damage":0.0,"enemies":"Blue Slaver","floor":11.0,"turns":3.0},{"damage":5.0,"enemies":"3 Louse","floor":12.0,"turns":2.0},{"damage":10.0,"enemies":"Slime Boss","floor":16.0,"turns":10.0},{"damage":0.0,"enemies":"3 Byrds","floor":18.0,"turns":3.0},{"damage":24.0,"enemies":"Shell Parasite","floor":19.0,"turns":7.0},{"damage":4.0,"enemies":"Centurion and Healer","floor":22.0,"turns":5.0},{"damage":10.0,"enemies":"Snake Plant","floor":24.0,"turns":5.0},{"damage":0.0,"enemies":"Book of Stabbing","floor":25.0,"turns":6.0},{"damage":5.0,"enemies":"Gremlin Leader","floor":28.0,"turns":6.0},{"damage":0.0,"enemies":"Collector","floor":33.0,"turns":9.0},{"damage":21.0,"enemies":"3 Darklings","floor":35.0,"turns":6.0},{"damage":17.0,"enemies":"3 Shapes","floor":36.0,"turns":7.0},{"damage":40.0,"enemies":"Spire Growth","floor":38.0,"turns":6.0},{"damage":0.0,"enemies":"Nemesis","floor":40.0,"turns":7.0},{"damage":20.0,"enemies":"Sphere and 2 Shapes","floor":41.0,"turns":5.0},{"damage":22.0,"enemies":"2 Orb Walkers","floor":45.0,"turns":6.0},{"damage":54,"enemies":"Reptomancer","floor":46,"turns":6},{"damage":57,"enemies":"Transient","floor":47,"turns":5}],"seed_played":"-1375530216467992356","potions_obtained":[{"floor":11.0,"key":"LiquidBronze"},{"floor":12.0,"key":"Weak Potion"},{"floor":16.0,"key":"FearPotion"},{"floor":22.0,"key":"SpeedPotion"},{"floor":28.0,"key":"AttackPotion"},{"floor":34.0,"key":"BlessingOfTheForge"},{"floor":40.0,"key":"LiquidBronze"},{"floor":41.0,"key":"EssenceOfSteel"},{"floor":45.0,"key":"Weak Potion"}],"is_trial":false,"path_per_floor":["M","$","?","$","M","R","M","R","T","R","M","M","R","?","R","B",null,"M","M","?","?","M","R","M","E","T","R","E","$","?","$","R","B",null,"M","M","?","M","$","E","M","R","T","R","?","E","M"],"character_chosen":"RUNESMITH_CLASS","items_purchased":["Fruit Juice","Unceasing Top","Runesmith:PoweredAnvil+1","Runesmith:LithiumIon+1"],"campfire_rested":4,"item_purchase_floors":[2,29,29,39],"current_hp_per_floor":[77,82,66,66,66,66,66,66,66,66,66,61,61,41,65,55,82,82,58,58,58,54,54,44,44,44,82,91,91,91,91,91,96,101,85,73,60,25,25,30,15,60,65,101,86,39,0,0],"gold":255,"neow_bonus":"TEN_PERCENT_HP_BONUS","is_daily":false,"chose_seed":false,"campfire_upgraded":6,"win_rate":0.0,"timestamp":1609729274,"path_taken":["M","$","?","$","M","R","M","R","T","R","M","M","R","?","R","BOSS","M","M","?","?","M","R","M","E","T","R","E","$","?","?","R","BOSS","M","M","?","M","$","E","M","R","T","R","?","E","M"],"items_purchased_type":["Potion","Relic","Card","Card"],"build_version":"2020-12-22","purchased_purges":1,"victory":false,"max_hp_per_floor":[77,82,82,82,82,82,82,82,82,82,82,82,82,82,82,82,82,82,82,82,82,82,82,82,82,82,82,96,96,96,96,96,96,101,101,101,101,101,101,101,101,101,101,101,103,105,105,105],"card_choices":[{"not_picked":["Runesmith:MakeshiftArmor","Runesmith:HammerTime","Runesmith:Overpower"],"picked":"SKIP","floor":1.0},{"not_picked":["Runesmith:StaticCage","Runesmith:ShiftingStrike"],"picked":"Runesmith:CraftMagma","floor":5.0},{"not_picked":["Runesmith:CraftMagma","Runesmith:UnstableHammer"],"picked":"Runesmith:CraftIncendium","floor":7.0},{"not_picked":["Runesmith:HeatedChisel","Runesmith:Electrocute"],"picked":"Runesmith:Grindstone","floor":11.0},{"not_picked":["Runesmith:BackupBattery","Runesmith:RuneHurl"],"picked":"Runesmith:Empowerment","floor":12.0},{"not_picked":["Runesmith:CraftMedicinae","Runesmith:LastStand"],"picked":"Runesmith:MetallurgicalResearch","floor":16.0},{"not_picked":["Runesmith:MakeshiftArmor","Runesmith:RuneHurl"],"picked":"Runesmith:CraftMagma","floor":18.0},{"not_picked":["Runesmith:CraftProtectio","Runesmith:WhiteBalance"],"picked":"Runesmith:FieryHammer","floor":19.0},{"not_picked":["Runesmith:Grindstone","Runesmith:HeatExchange","Runesmith:CraftProtectio"],"picked":"SKIP","floor":22.0},{"not_picked":["Runesmith:EnergizedChisel+1","Runesmith:ShiftingStrike"],"picked":"Runesmith:HammerThrow+1","floor":24.0},{"not_picked":["Runesmith:Attraction","Runesmith:Grindstone"],"picked":"Runesmith:Superposition+1","floor":25.0},{"not_picked":["Runesmith:ShiftingStrike","Runesmith:WhiteBalance+1"],"picked":"Runesmith:Permafrost+1","floor":28.0},{"not_picked":["Runesmith:LastStand","Runesmith:FissionHammer"],"picked":"Runesmith:ArcReactor+1","floor":33.0},{"not_picked":["Runesmith:CraftReservo+1","Runesmith:DoubleUp","Runesmith:BackupBattery"],"picked":"SKIP","floor":35.0},{"not_picked":["Runesmith:ChiselStab+1","Runesmith:ShiftingStrike+1","Runesmith:EnergizedChisel"],"picked":"SKIP","floor":36.0},{"not_picked":["Runesmith:HeatedChisel+1","Runesmith:FieryHammer","Runesmith:CraftProtectio"],"picked":"SKIP","floor":38.0},{"not_picked":["Runesmith:Grindstone","Runesmith:Supernova"],"picked":"Runesmith:CraftMagma","floor":40.0},{"not_picked":["Runesmith:HammerThrow","Runesmith:Malloc+1"],"picked":"Runesmith:Terraform","floor":41.0},{"not_picked":["Runesmith:UnstableHammer","Runesmith:ElementalConversion","Runesmith:BackupBattery+1"],"picked":"Singing Bowl","floor":45.0},{"not_picked":["Runesmith:Discharge+1","Runesmith:MakeshiftArmor","Runesmith:ElementalConversion"],"picked":"Singing Bowl","floor":46}],"player_experience":1793520,"relics_obtained":[{"floor":9.0,"key":"Frozen Egg 2"},{"floor":25.0,"key":"Regal Pillow"},{"floor":26.0,"key":"Vajra"},{"floor":28.0,"key":"Mango"},{"floor":40.0,"key":"Bronze Scales"},{"floor":43.0,"key":"Singing Bowl"},{"floor":45.0,"key":"StoneCalendar"},{"floor":46,"key":"Nunchaku"}],"event_choices":[{"damage_healed":0.0,"max_hp_gain":0.0,"max_hp_loss":0.0,"gold_gain":0.0,"event_name":"Shining Light","player_choice":"Entered Light","floor":3.0,"gold_loss":0.0,"damage_taken":16.0,"cards_upgraded":["Runesmith:Strike_RS","Runesmith:Defend_RS"]},{"damage_healed":0.0,"max_hp_gain":0.0,"max_hp_loss":0.0,"gold_gain":0.0,"event_name":"Golden Idol","player_choice":"Take Damage","floor":14.0,"gold_loss":0.0,"damage_taken":20.0,"relics_obtained":["Golden Idol"]},{"damage_healed":0.0,"max_hp_gain":0.0,"max_hp_loss":0.0,"gold_gain":0.0,"event_name":"Vampires","player_choice":"Ignored","floor":20.0,"gold_loss":0.0,"damage_taken":0.0},{"damage_healed":0.0,"max_hp_gain":0.0,"max_hp_loss":0.0,"gold_gain":0.0,"event_name":"Ghosts","player_choice":"Ignored","floor":21.0,"gold_loss":0.0,"damage_taken":0.0},{"damage_healed":0.0,"max_hp_gain":0.0,"max_hp_loss":0.0,"gold_gain":0.0,"event_name":"Forgotten Altar","player_choice":"Gave Idol","floor":30.0,"relics_lost":["Golden Idol"],"gold_loss":0.0,"damage_taken":0.0,"relics_obtained":["Bloody Idol"]},{"damage_healed":0.0,"max_hp_gain":0.0,"max_hp_loss":0.0,"gold_gain":0.0,"event_name":"Winding Halls","player_choice":"Embrace Madness","floor":37.0,"gold_loss":0.0,"damage_taken":13.0,"cards_obtained":["Madness","Madness"]},{"damage_healed":0.0,"max_hp_gain":0.0,"max_hp_loss":0.0,"gold_gain":0.0,"event_name":"Mysterious Sphere","player_choice":"Fight","floor":45.0,"gold_loss":0.0,"damage_taken":0.0}],"is_beta":false,"boss_relics":[{"not_picked":["Velvet Choker","Runic Dome"],"picked":"SlaversCollar"},{"not_picked":["Snecko Eye","Pandora\u0027s Box"],"picked":"Tiny House"}],"items_purged_floors":[39],"is_endless":false,"potions_floor_spawned":[11,12,16,22,28,40,41,45],"killed_by":"Transient","ascension_level":1}}