{"host":"ryuep8ewa00k39z9","time":1609721783,"event":{"mods":["AchievementEnabler","BaseMod","Best Route Mod","Colored Map","Colored Powertips","Displayed Cursed Tome","Highlight Path","Minty Spire (QoL Compilation)","Quick Restart","SuperFastMode"],"gold_per_floor":[117,137,150,100,110,35,35,35,103,116,116,16,0,17,17,116,116,129,129,142,152,9,9,9,9],"floor_reached":24,"playtime":2412,"items_purged":["Defend_B","Defend_B"],"score":244,"play_id":"10945608-d267-4e1d-a966-71f9509e3253","local_time":"20210103185623","is_ascension_mode":true,"campfire_choices":[{"floor":8.0,"key":"REST"},{"data":"Consume","floor":11.0,"key":"SMITH"},{"floor":15.0,"key":"REST"},{"floor":23,"key":"REST"}],"circlet_count":0,"master_deck":["Strike_B+1","Zap+1","Dualcast+1","Ball Lightning","Consume+1","Conserve Battery+1","Capacitor","Buffer","Ball Lightning","Turbo+1"],"relics":["Cracked Core","HornCleat","Empty Cage","War Paint"],"acts_visited":["Exordium","TheCity"],"potions_floor_usage":[21],"damage_taken":[{"damage":7.0,"enemies":"Jaw Worm","floor":1.0,"turns":3.0},{"damage":7.0,"enemies":"Small Slimes","floor":2.0,"turns":2.0},{"damage":1.0,"enemies":"Cultist","floor":3.0,"turns":3.0},{"damage":0.0,"enemies":"Gremlin Gang","floor":5.0,"turns":3.0},{"damage":15.0,"enemies":"Exordium Wildlife","floor":10.0,"turns":3.0},{"damage":0.0,"enemies":"Exordium Thugs","floor":14.0,"turns":3.0},{"damage":18.0,"enemies":"Hexaghost","floor":16.0,"turns":7.0},{"damage":23.0,"enemies":"2 Thieves","floor":18.0,"turns":4.0},{"damage":12.0,"enemies":"3 Byrds","floor":20.0,"turns":4.0},{"damage":17,"enemies":"Centurion and Healer","floor":21,"turns":6},{"damage":24,"enemies":"Book of Stabbing","floor":24,"turns":3}],"seed_played":"-8636262646752538479","potions_obtained":[{"floor":1.0,"key":"Strength Potion"},{"floor":2.0,"key":"DistilledChaos"},{"floor":5.0,"key":"Energy Potion"},{"floor":20.0,"key":"BlessingOfTheForge"}],"is_trial":false,"path_per_floor":["M","M","M","?","M","$","?","R","T","M","R","$","?","M","R","B",null,"M","?","M","M","$","R","E"],"character_chosen":"DEFECT","items_purchased":["War Paint"],"campfire_rested":3,"item_purchase_floors":[22],"current_hp_per_floor":[43,36,35,35,35,35,20,42,42,27,27,27,27,27,49,31,64,41,35,23,6,6,28,4,4],"gold":9,"neow_bonus":"REMOVE_TWO","is_daily":false,"chose_seed":false,"campfire_upgraded":1,"win_rate":0.0,"timestamp":1609721783,"path_taken":["M","M","M","?","M","$","?","R","T","M","R","?","?","M","R","BOSS","M","?","M","M","$","R","E"],"items_purchased_type":["Relic"],"build_version":"2020-12-22","purchased_purges":2,"victory":false,"max_hp_per_floor":[75,75,75,75,75,75,75,75,75,75,75,75,75,75,75,75,75,75,75,75,75,75,75,75,75],"card_choices":[{"not_picked":["Compile Driver","Hologram"],"picked":"Ball Lightning","floor":1.0},{"not_picked":["Chill","Skim"],"picked":"Consume","floor":2.0},{"not_picked":["Hologram","Doom and Gloom","Rip and Tear"],"picked":"SKIP","floor":3.0},{"not_picked":["Rebound","Redo"],"picked":"Conserve Battery","floor":5.0},{"not_picked":["Aggregate","Stack","Redo"],"picked":"SKIP","floor":10.0},{"not_picked":["Steam","Hologram"],"picked":"Capacitor","floor":14.0},{"not_picked":["Multi-Cast","All For One"],"picked":"Buffer","floor":16.0},{"not_picked":["Rip and Tear","Gash+1"],"picked":"Ball Lightning","floor":18.0},{"not_picked":["Cold Snap","Force Field"],"picked":"Turbo+1","floor":20.0},{"not_picked":["Streamline","Reprogram+1","Self Repair"],"picked":"SKIP","floor":21}],"player_experience":3752742,"relics_obtained":[{"floor":9.0,"key":"HornCleat"}],"event_choices":[{"cards_removed":["Strike_B"],"damage_healed":0.0,"max_hp_gain":0.0,"max_hp_loss":0.0,"gold_gain":0.0,"event_name":"The Cleric","player_choice":"Card Removal","floor":4.0,"gold_loss":50.0,"damage_taken":0.0},{"damage_healed":0.0,"max_hp_gain":0.0,"max_hp_loss":0.0,"gold_gain":0.0,"event_name":"Shining Light","player_choice":"Entered Light","floor":7.0,"gold_loss":0.0,"damage_taken":15.0,"cards_upgraded":["Dualcast","Strike_B"]},{"damage_healed":0.0,"max_hp_gain":0.0,"max_hp_loss":0.0,"gold_gain":0.0,"event_name":"World of Goop","player_choice":"Left Gold","floor":13.0,"gold_loss":16.0,"damage_taken":0.0},{"damage_healed":0.0,"max_hp_gain":0.0,"max_hp_loss":0.0,"gold_gain":0.0,"event_name":"Knowing Skull","player_choice":"","floor":19.0,"potions_obtained":[],"gold_loss":0.0,"damage_taken":6.0,"cards_obtained":[]}],"is_beta":false,"boss_relics":[{"not_picked":["Ectoplasm","Runic Dome"],"picked":"Empty Cage"}],"items_purged_floors":[6,12],"is_endless":false,"potions_floor_spawned":[1,2,5,20],"killed_by":"Book of Stabbing","ascension_level":6}}