{"host":"t3am9egsh7oyry6t","time":1609796092,"event":{"mods":["AchievementEnabler","BaseMod","Colored Powertips","Googly Eyes","Minty Spire (QoL Compilation)","Relic Stats","StSLib","Synergy Search"],"gold_per_floor":[116,133,143,155,155,180,199,214,214,240,240,260,292,319,331,443,455,484,512,541,566,578,590,635,647,659,97,122,122,122],"floor_reached":29,"playtime":2168,"items_purged":["Decay"],"score":339,"play_id":"9133af20-65e5-4491-a610-0d4931bb73ab","local_time":"20210104133452","is_ascension_mode":false,"campfire_choices":[{"data":"CutThroughFate","floor":11,"key":"SMITH"},{"data":"Fasting2","floor":15,"key":"SMITH"},{"data":"DevaForm","floor":23,"key":"SMITH"},{"data":"EmptyMind","floor":25,"key":"SMITH"}],"circlet_count":0,"master_deck":["Strike_P","Strike_P","Strike_P","Defend_P","Defend_P","Defend_P","Defend_P","Eruption","Vigilance","FearNoEvil","FlurryOfBlows","FollowUp","FlurryOfBlows","Halt","Consecrate","Swivel","CutThroughFate+1","WheelKick","DeusExMachina","Fasting2+1","DevaForm+1","Consecrate","InnerPeace","Halt+1","EmptyMind+1","Wallop","Magnetism","ClearTheMind+1"],"relics":["Coffee Dripper","Letter Opener","Mercury Hourglass","InkBottle","MawBank","SlaversCollar","Bird Faced Urn","Damaru","Bottled Lightning","Potion Belt"],"acts_visited":["Exordium","TheCity"],"potions_floor_usage":[10,28],"damage_taken":[{"damage":0,"enemies":"Jaw Worm","floor":1,"turns":3},{"damage":0,"enemies":"Small Slimes","floor":2,"turns":2},{"damage":0,"enemies":"Cultist","floor":3,"turns":2},{"damage":3,"enemies":"3 Louse","floor":4,"turns":3},{"damage":17,"enemies":"3 Sentries","floor":6,"turns":7},{"damage":0,"enemies":"Large Slime","floor":7,"turns":4},{"damage":0,"enemies":"Red Slaver","floor":8,"turns":3},{"damage":0,"enemies":"Gremlin Nob","floor":10,"turns":2},{"damage":0,"enemies":"Lots of Slimes","floor":12,"turns":2},{"damage":0,"enemies":"3 Sentries","floor":13,"turns":3},{"damage":0,"enemies":"2 Fungi Beasts","floor":14,"turns":2},{"damage":22,"enemies":"The Guardian","floor":16,"turns":7},{"damage":5,"enemies":"3 Byrds","floor":18,"turns":3},{"damage":0,"enemies":"Spheric Guardian","floor":19,"turns":2},{"damage":17,"enemies":"Shelled Parasite and Fungi","floor":20,"turns":4},{"damage":0,"enemies":"3 Cultists","floor":21,"turns":3},{"damage":26,"enemies":"Gremlin Leader","floor":24,"turns":6},{"damage":26,"enemies":"Book of Stabbing","floor":28,"turns":5},{"damage":6,"enemies":"Snake Plant","floor":29,"turns":1}],"seed_played":"8512062142916900071","potions_obtained":[{"floor":1,"key":"BottledMiracle"},{"floor":7,"key":"EntropicBrew"},{"floor":8,"key":"Fire Potion"},{"floor":12,"key":"GamblersBrew"},{"floor":16,"key":"Fire Potion"},{"floor":18,"key":"Fire Potion"}],"is_trial":false,"path_per_floor":["M","M","M","M","?","E","M","M","T","E","R","M","E","M","R","B",null,"M","M","M","M","?","R","E","R","T","$","E","M"],"character_chosen":"WATCHER","items_purchased":["Wallop","Magnetism","Bottled Lightning"],"campfire_rested":0,"item_purchase_floors":[27,27,27],"current_hp_per_floor":[72,72,72,69,62,45,45,45,45,45,45,45,45,45,45,23,72,67,67,50,50,50,50,24,24,24,24,2,0,0],"gold":122,"neow_bonus":"BOSS_RELIC","is_daily":false,"chose_seed":false,"campfire_upgraded":4,"win_rate":0.0,"timestamp":1609796092,"path_taken":["M","M","M","M","?","E","M","M","T","E","R","M","E","M","R","BOSS","M","M","M","M","?","R","E","R","T","$","E","M"],"items_purchased_type":["Card","Card","Relic"],"build_version":"2020-12-22","purchased_purges":1,"victory":false,"max_hp_per_floor":[72,72,72,72,72,72,72,72,72,72,72,72,72,72,72,72,72,72,72,72,72,72,72,72,72,72,72,72,72,72],"relic_stats":{"counters":[19,63],"Bird Faced Urn":[6],"Letter Opener":[110],"MawBank":168,"obtain_stats":[{"Potion Belt":28,"SlaversCollar":17,"Bird Faced Urn":24,"Damaru":26,"Coffee Dripper":0,"Letter Opener":6,"Bottled Lightning":27,"PureWater":0,"MawBank":13,"InkBottle":10,"Mercury Hourglass":9},{"Potion Belt":18,"SlaversCollar":12,"Bird Faced Urn":17,"Damaru":17,"Coffee Dripper":0,"Letter Opener":5,"Bottled Lightning":17,"PureWater":0,"MawBank":10,"InkBottle":8,"Mercury Hourglass":7},{"Potion Belt":62,"SlaversCollar":39,"Bird Faced Urn":57,"Damaru":57,"Coffee Dripper":0,"Letter Opener":17,"Bottled Lightning":57,"PureWater":0,"MawBank":30,"InkBottle":26,"Mercury Hourglass":24}],"InkBottle":[21],"Mercury Hourglass":[188]},"card_choices":[{"not_picked":["InnerPeace","BowlingBash"],"picked":"FearNoEvil","floor":1},{"not_picked":["EmptyFist","PathToVictory"],"picked":"FlurryOfBlows","floor":2},{"not_picked":["SashWhip","EmptyBody"],"picked":"FollowUp","floor":3},{"not_picked":["Ragnarok","EmptyFist"],"picked":"FlurryOfBlows","floor":4},{"not_picked":["Pray","BowlingBash"],"picked":"Halt","floor":6},{"not_picked":["EmptyBody","Evaluate"],"picked":"Consecrate","floor":7},{"not_picked":["PathToVictory","FlyingSleeves"],"picked":"Swivel","floor":8},{"not_picked":["Evaluate","CarveReality"],"picked":"CutThroughFate","floor":10},{"not_picked":["FlurryOfBlows","FollowUp"],"picked":"WheelKick","floor":12},{"not_picked":["Conclude","DeceiveReality"],"picked":"DeusExMachina","floor":13},{"not_picked":["FlyingSleeves","Prostrate"],"picked":"Fasting2","floor":14},{"not_picked":["LessonLearned","DeusExMachina"],"picked":"DevaForm","floor":16},{"not_picked":["EmptyFist","ClearTheMind","PathToVictory"],"picked":"SKIP","floor":18},{"not_picked":["FlyingSleeves","CrushJoints"],"picked":"Consecrate","floor":19},{"not_picked":["Collect","Protect"],"picked":"InnerPeace","floor":20},{"not_picked":["Ragnarok","WheelKick"],"picked":"Halt+1","floor":21},{"not_picked":["Brilliance","Fasting2"],"picked":"EmptyMind","floor":24},{"not_picked":["Protect","EmptyBody"],"picked":"ClearTheMind+1","floor":28}],"player_experience":485546,"relics_obtained":[{"floor":6,"key":"Letter Opener"},{"floor":9,"key":"Mercury Hourglass"},{"floor":10,"key":"InkBottle"},{"floor":13,"key":"MawBank"},{"floor":24,"key":"Bird Faced Urn"},{"floor":26,"key":"Damaru"},{"floor":28,"key":"Potion Belt"}],"event_choices":[{"cards_removed":["Strike_P"],"damage_healed":0,"gold_gain":0,"player_choice":"Card Removal","damage_taken":7,"max_hp_gain":0,"max_hp_loss":0,"event_name":"Golden Wing","floor":5,"gold_loss":0},{"damage_healed":0,"gold_gain":0,"player_choice":"Smashed Altar","damage_taken":0,"max_hp_gain":0,"max_hp_loss":0,"event_name":"Forgotten Altar","floor":22,"gold_loss":0,"cards_obtained":["Decay"]}],"is_beta":false,"boss_relics":[{"not_picked":["Fusion Hammer","SacredBark"],"picked":"SlaversCollar"}],"items_purged_floors":[27],"is_endless":false,"potions_floor_spawned":[1,7,8,12,16,18],"killed_by":"Snake Plant","ascension_level":0}}