{"host":"0e0lo445kffy4sr5","time":1609761825,"event":{"mods":["BaseMod","Minty Spire (QoL Compilation)","StSLib"],"gold_per_floor":[109,164,16,91,53,83,83,83,108,108,143,161,205,205,205,325,325,350,265,280,22,22,66,66,66,112,146,171,9,9,29,29,159,159,184,199,532,532,35,35,63,63,109,109,122,135,167,187,187,187,187],"floor_reached":50,"playtime":4795,"items_purged":["Writhe"],"score":702,"play_id":"b3c6afcc-994d-4c22-bb97-47d88048b420","local_time":"20210104070345","is_ascension_mode":false,"campfire_choices":[{"floor":8,"key":"REST"},{"data":"Bouncing Flask","floor":10,"key":"SMITH"},{"data":"Well Laid Plans","floor":15,"key":"SMITH"},{"floor":25,"key":"REST"},{"floor":30,"key":"REST"},{"floor":32,"key":"REST"},{"data":"Adrenaline","floor":40,"key":"SMITH"},{"data":"Neutralize","floor":42,"key":"SMITH"},{"data":"Bouncing Flask","floor":44,"key":"SMITH"},{"floor":49,"key":"REST"}],"circlet_count":0,"master_deck":["Strike_G","Strike_G","Strike_G","Strike_G","Strike_G","Defend_G","Defend_G","Defend_G","Defend_G","Defend_G","Survivor","Neutralize+1","All Out Attack","Bouncing Flask+1","Bouncing Flask+1","Outmaneuver","Well Laid Plans+1","Infinite Blades+1","Adrenaline+1","Footwork","Skewer","Eviscerate+1","Poisoned Stab+1","Bandage Up+1","Bouncing Flask+1","Venomology+1","CurseOfTheBell","Dramatic Entrance","Swift Strike","Panacea+1","Forethought+1","Tactician+1","Prepared+1","Parasite","Masterful Stab+1","Distraction+1"],"relics":["Ring of the Snake","NeowsBlessing","TwistedFunnel","Letter Opener","Juzu Bracelet","Centennial Puzzle","Pantograph","Busted Crown","Vajra","PreservedInsect","Ninja Scroll","Toxic Egg 2","Potion Belt","Kunai","Calling Bell","Strawberry","Pear","CaptainsWheel","ClockworkSouvenir","HornCleat","Nunchaku","Lantern","Blood Vial"],"acts_visited":["Exordium","TheCity","TheBeyond"],"potions_floor_usage":[16,31,33,36,36,41,45,45,45,46,46,47,47,47,48,48,50,50],"damage_taken":[{"damage":0,"enemies":"Cultist","floor":1,"turns":1},{"damage":0,"enemies":"Lagavulin","floor":6,"turns":1},{"damage":0,"enemies":"3 Sentries","floor":11,"turns":1},{"damage":2,"enemies":"Small Slimes","floor":12,"turns":2},{"damage":13,"enemies":"Lagavulin","floor":13,"turns":5},{"damage":18,"enemies":"Hexaghost","floor":16,"turns":7},{"damage":17,"enemies":"2 Thieves","floor":18,"turns":3},{"damage":9,"enemies":"Shell Parasite","floor":20,"turns":4},{"damage":25,"enemies":"Slavers","floor":23,"turns":3},{"damage":0,"enemies":"Gremlin Leader","floor":27,"turns":4},{"damage":20,"enemies":"Cultist and Chosen","floor":28,"turns":5},{"damage":4,"enemies":"3 Cultists","floor":31,"turns":4},{"damage":62,"enemies":"Automaton","floor":33,"turns":9},{"damage":4,"enemies":"Orb Walker","floor":35,"turns":3},{"damage":7,"enemies":"3 Darklings","floor":36,"turns":4},{"damage":1,"enemies":"Nemesis","floor":41,"turns":5},{"damage":0,"enemies":"Sphere and 2 Shapes","floor":45,"turns":1},{"damage":49,"enemies":"Writhing Mass","floor":46,"turns":5},{"damage":13,"enemies":"Giant Head","floor":47,"turns":4},{"damage":3,"enemies":"3 Darklings","floor":48,"turns":3},{"damage":89,"enemies":"Donu and Deca","floor":50,"turns":7}],"seed_played":"-6886080606083006523","potions_obtained":[{"floor":6,"key":"Swift Potion"},{"floor":13,"key":"Weak Potion"},{"floor":23,"key":"FearPotion"},{"floor":27,"key":"PowerPotion"},{"floor":28,"key":"Block Potion"},{"floor":33,"key":"ColorlessPotion"},{"floor":36,"key":"Weak Potion"},{"floor":41,"key":"ColorlessPotion"},{"floor":47,"key":"FearPotion"},{"floor":48,"key":"CunningPotion"}],"is_trial":false,"path_per_floor":["M","?","$","?","$","E","?","R","T","R","E","M","E","?","R","B",null,"M","?","M","$","?","E","?","R","T","E","M","$","R","M","R","B",null,"M","M","?","?","$","R","E","R","T","R","M","M","E","M","R","B"],"character_chosen":"THE_SILENT","items_purchased":["TwistedFunnel","Bouncing Flask","PreservedInsect","Footwork","Skewer","Bandage Up+1","ClockworkSouvenir","HornCleat","Forethought+1"],"campfire_rested":5,"item_purchase_floors":[3,5,21,21,21,29,39,39,39],"current_hp_per_floor":[70,70,70,59,59,59,42,63,63,63,63,61,48,48,48,52,70,53,53,44,44,44,19,19,40,40,40,20,20,41,43,64,14,87,87,86,86,76,76,76,81,81,81,81,81,38,31,30,56,0,0],"gold":187,"neow_bonus":"THREE_ENEMY_KILL","is_daily":false,"chose_seed":false,"campfire_upgraded":5,"win_rate":0.0,"timestamp":1609761825,"path_taken":["M","?","$","?","$","E","?","R","T","R","E","M","E","?","R","BOSS","M","?","M","$","?","E","?","R","T","E","M","$","R","M","R","BOSS","M","M","?","?","$","R","E","R","T","R","M","M","E","M","R","BOSS"],"items_purchased_type":["Relic","Card","Relic","Card","Card","Card","Relic","Relic","Card"],"build_version":"2020-12-13","purchased_purges":1,"victory":false,"max_hp_per_floor":[70,70,70,70,70,70,70,70,70,70,70,70,70,70,70,70,70,70,70,70,70,70,70,70,70,70,70,70,70,70,70,70,70,87,87,87,87,87,87,87,87,87,87,87,87,87,87,87,87,87,87],"card_choices":[{"not_picked":["Flying Knee","Backflip"],"picked":"All Out Attack","floor":1},{"not_picked":["Footwork","Flying Knee"],"picked":"Bouncing Flask","floor":6},{"not_picked":["Slice","Acrobatics"],"picked":"Outmaneuver","floor":11},{"not_picked":["Prepared","Leg Sweep"],"picked":"Well Laid Plans","floor":12},{"not_picked":["Endless Agony","Expertise"],"picked":"Infinite Blades","floor":13},{"not_picked":["A Thousand Cuts","Unload"],"picked":"Adrenaline","floor":16},{"not_picked":["Underhanded Strike"],"picked":"SKIP","floor":18},{"not_picked":["Deflect"],"picked":"SKIP","floor":20},{"not_picked":["Flechettes"],"picked":"SKIP","floor":23},{"not_picked":[],"picked":"Eviscerate+1","floor":27},{"not_picked":[],"picked":"Poisoned Stab+1","floor":28},{"not_picked":[],"picked":"Bouncing Flask+1","floor":31},{"not_picked":[],"picked":"Venomology+1","floor":33},{"not_picked":["Underhanded Strike"],"picked":"SKIP","floor":35},{"not_picked":["Deflect+1"],"picked":"SKIP","floor":36},{"not_picked":[],"picked":"Dramatic Entrance","floor":38},{"not_picked":[],"picked":"Swift Strike","floor":38},{"not_picked":[],"picked":"Panacea+1","floor":38},{"not_picked":[],"picked":"Tactician+1","floor":41},{"not_picked":[],"picked":"Prepared+1","floor":45},{"not_picked":[],"picked":"Masterful Stab+1","floor":46},{"not_picked":["Flying Knee"],"picked":"SKIP","floor":47},{"not_picked":[],"picked":"Distraction+1","floor":48}],"player_experience":7900,"relics_obtained":[{"floor":6,"key":"Letter Opener"},{"floor":9,"key":"Juzu Bracelet"},{"floor":11,"key":"Centennial Puzzle"},{"floor":13,"key":"Pantograph"},{"floor":23,"key":"Ninja Scroll"},{"floor":26,"key":"Potion Belt"},{"floor":27,"key":"Kunai"},{"floor":34,"key":"Strawberry"},{"floor":34,"key":"Pear"},{"floor":34,"key":"CaptainsWheel"},{"floor":41,"key":"Nunchaku"},{"floor":43,"key":"Lantern"},{"floor":47,"key":"Blood Vial"}],"event_choices":[{"damage_healed":0,"gold_gain":55,"player_choice":"Gained Gold","damage_taken":0,"max_hp_gain":0,"max_hp_loss":0,"event_name":"Golden Wing","floor":2,"gold_loss":0},{"damage_healed":0,"gold_gain":75,"player_choice":"Gather Gold","damage_taken":11,"max_hp_gain":0,"max_hp_loss":0,"event_name":"World of Goop","floor":4,"gold_loss":0},{"damage_healed":0,"gold_gain":0,"player_choice":"Take Damage","damage_taken":17,"relics_obtained":["Golden Idol"],"max_hp_gain":0,"max_hp_loss":0,"event_name":"Golden Idol","floor":7,"gold_loss":0},{"damage_healed":0,"gold_gain":0,"player_choice":"Grow","damage_taken":0,"max_hp_gain":0,"max_hp_loss":0,"event_name":"Living Wall","floor":14,"gold_loss":0,"cards_upgraded":["Infinite Blades"]},{"damage_healed":0,"gold_gain":0,"player_choice":"Obtained Relic","damage_taken":0,"relics_obtained":["Vajra"],"max_hp_gain":0,"max_hp_loss":0,"event_name":"Addict","floor":19,"gold_loss":85},{"damage_healed":0,"gold_gain":0,"player_choice":"Ignored","damage_taken":0,"max_hp_gain":0,"max_hp_loss":0,"event_name":"Vampires","floor":22,"gold_loss":0},{"damage_healed":0,"gold_gain":0,"player_choice":"Opened","damage_taken":0,"relics_obtained":["Toxic Egg 2"],"max_hp_gain":0,"max_hp_loss":0,"event_name":"The Mausoleum","floor":24,"gold_loss":0,"cards_obtained":["Writhe"]},{"damage_healed":0,"gold_gain":333,"player_choice":"Gave Idol","damage_taken":0,"max_hp_gain":0,"max_hp_loss":0,"event_name":"The Moai Head","floor":37,"relics_lost":["Golden Idol"],"gold_loss":0},{"damage_healed":0,"gold_gain":0,"player_choice":"Memory 3","damage_taken":10,"max_hp_gain":0,"max_hp_loss":0,"event_name":"SensoryStone","floor":38,"gold_loss":0}],"is_beta":false,"boss_relics":[{"not_picked":["Velvet Choker","Runic Dome"],"picked":"Busted Crown"},{"not_picked":["Empty Cage","Astrolabe"],"picked":"Calling Bell"}],"items_purged_floors":[29],"is_endless":false,"potions_floor_spawned":[6,13,23,27,28,33,36,41,47,48],"killed_by":"Donu and Deca","ascension_level":0}}