{"host":"98ajcw3do3zsggh8","time":1609784451,"event":{"mods":["BaseMod","Minty Spire (QoL Compilation)","Replay The Spire","StSLib","The Marked"],"gold_per_floor":[118,43,61,80,92,124,139,153,153,153,153,228,242,242,242,342,342,355,355,371,479,479,512,512,512,512],"floor_reached":25,"playtime":836,"items_purged":["Strike_R"],"score":270,"play_id":"9ef19043-8410-40fd-a7d6-cc5cc7b2bb8c","local_time":"20210104192051","is_ascension_mode":true,"campfire_choices":[{"data":"Body Slam","floor":11,"key":"SMITH"},{"data":"Shrug It Off","floor":15,"key":"SMITH"},{"floor":24,"key":"REST"}],"circlet_count":0,"master_deck":["Defend_R","Defend_R","Defend_R","Defend_R+1","Bash","Body Slam+1","Shrug It Off+1","Rage+1","Clash","ReplayTheSpireMod:Stacked","Hemogenesis","Clash+1","Infernal Blade+1","Bite","Bite","Bite","Bite","Bite"],"relics":["Burning Blood","NeowsBlessing","War Paint","Replay:WaspNest","ReplayTheSpireMod:Ring of Collecting","Ring of Chaos","MutagenicStrength","Anchor"],"acts_visited":["Exordium","TheCity"],"potions_floor_usage":[6,8,23,23,25,25],"damage_taken":[{"damage":0,"enemies":"Cultist","floor":1,"turns":1},{"damage":0,"enemies":"Small Slimes","floor":3,"turns":1},{"damage":0,"enemies":"2 Louse","floor":4,"turns":1},{"damage":6,"enemies":"2 Fungi Beasts","floor":5,"turns":4},{"damage":31,"enemies":"Gremlin Nob","floor":6,"turns":5},{"damage":19,"enemies":"Large Slime","floor":7,"turns":8},{"damage":12,"enemies":"Exordium Wildlife","floor":8,"turns":6},{"damage":0,"enemies":"3 Louse","floor":13,"turns":5},{"damage":28,"enemies":"Hexaghost","floor":16,"turns":9},{"damage":12,"enemies":"2 Thieves","floor":18,"turns":4},{"damage":1,"enemies":"Shell Parasite","floor":20,"turns":5},{"damage":61,"enemies":"Slavers","floor":23,"turns":5},{"damage":43,"enemies":"Gremlin Leader","floor":25,"turns":3}],"seed_played":"7485076765319724261","potions_obtained":[{"floor":1,"key":"Explosive Potion"},{"floor":5,"key":"Energy Potion"},{"floor":7,"key":"BloodPotion"},{"floor":13,"key":"BlessingOfTheForge"},{"floor":16,"key":"Explosive Potion"},{"floor":23,"key":"Block Potion"}],"is_trial":false,"path_per_floor":["M","$","M","M","M","E","M","M","T","?","R","?","M","?","R","B",null,"M","?","M","?","?","E","R","E"],"character_chosen":"IRONCLAD","items_purchased":[],"campfire_rested":1,"item_purchase_floors":[],"current_hp_per_floor":[80,80,80,80,80,55,42,36,36,36,36,25,31,31,31,9,80,74,74,79,47,47,13,29,0,0],"gold":512,"neow_bonus":"THREE_ENEMY_KILL","is_daily":false,"chose_seed":false,"campfire_upgraded":2,"win_rate":0.0,"timestamp":1609784451,"path_taken":["M","$","?","M","M","E","?","M","T","?","R","?","M","?","R","BOSS","M","?","M","?","?","E","R","E"],"items_purchased_type":[],"build_version":"2020-12-22","purchased_purges":1,"victory":false,"max_hp_per_floor":[80,80,80,80,80,80,80,80,80,80,80,80,80,80,80,80,80,80,80,80,80,56,56,56,56,56],"card_choices":[{"not_picked":["Dropkick","Iron Wave"],"picked":"Body Slam","floor":1},{"not_picked":["Havoc","Inflame"],"picked":"Shrug It Off","floor":3},{"not_picked":["ReplayTheSpireMod:LeadingStrike","True Grit","ReplayReversal"],"picked":"SKIP","floor":4},{"not_picked":["Twin Strike","Perfected Strike"],"picked":"Rage","floor":5},{"not_picked":["Life Link","Wild Strike","Rupture"],"picked":"SKIP","floor":6},{"not_picked":["Perfected Strike","Immolate"],"picked":"Clash","floor":7},{"not_picked":["Heavy Blade","Disarm"],"picked":"ReplayTheSpireMod:Stacked","floor":8},{"not_picked":["Flex","Disarm","Warcry"],"picked":"SKIP","floor":13},{"not_picked":["Bludgeon","Corruption"],"picked":"Hemogenesis","floor":16},{"not_picked":["Pummel","Iron Wave+1"],"picked":"Clash+1","floor":18},{"not_picked":["Shrug It Off","Entrench"],"picked":"Infernal Blade+1","floor":20},{"not_picked":["ReplayTheSpireMod:LeadingStrike","Twin Strike","Fiend Fire"],"picked":"SKIP","floor":23}],"player_experience":305968,"relics_obtained":[{"floor":6,"key":"War Paint"},{"floor":9,"key":"Replay:WaspNest"},{"floor":14,"key":"ReplayTheSpireMod:Ring of Collecting"},{"floor":23,"key":"Anchor"}],"event_choices":[{"damage_healed":0,"gold_gain":75,"player_choice":"Gather Gold","damage_taken":11,"max_hp_gain":0,"max_hp_loss":0,"event_name":"World of Goop","floor":12,"gold_loss":0},{"damage_healed":0,"gold_gain":0,"player_choice":"Inject Mutagens","damage_taken":0,"relics_obtained":["MutagenicStrength"],"max_hp_gain":0,"max_hp_loss":0,"event_name":"Drug Dealer","floor":19,"gold_loss":0},{"damage_healed":0,"gold_gain":0,"player_choice":"Became a vampire","damage_taken":0,"max_hp_gain":0,"max_hp_loss":24,"event_name":"Vampires","floor":22,"gold_loss":0,"cards_obtained":["Bite","Bite","Bite","Bite","Bite"]}],"is_beta":false,"boss_relics":[{"not_picked":["Tiny House","Fusion Hammer"],"picked":"Ring of Chaos"}],"items_purged_floors":[2],"is_endless":false,"potions_floor_spawned":[1,5,7,13,16,23],"killed_by":"Gremlin Leader","ascension_level":2}}