{"host":"cs4mnqnj3e1ejebq","time":1609734328,"event":{"mods":["BaseMod","Hermit","Minty Spire (QoL Compilation)","StSLib","The Runesmith"],"gold_per_floor":[118,118,118,130,130,155,155,187,240,267,280,280,297,322,322,426,453,472,488,563,589,38,63,74,118,118,118,153,153,173,198,198,302,302,325,386,404,420,437,437,467,500,549,549,549,549,549],"floor_reached":46,"playtime":1708,"items_purged":["Strike_G"],"score":763,"play_id":"9b64652d-0912-41fb-9e91-2f7be4fb0a5b","local_time":"20210104132528","is_ascension_mode":true,"campfire_choices":[{"data":"Survivor","floor":7.0,"key":"SMITH"},{"data":"Deadly Poison","floor":12.0,"key":"SMITH"},{"data":"Bane","floor":15.0,"key":"SMITH"},{"data":"Noxious Fumes","floor":27,"key":"SMITH"},{"data":"Panache","floor":29,"key":"SMITH"},{"data":"Tactician","floor":32,"key":"SMITH"},{"floor":40,"key":"DIG"},{"floor":45,"key":"DIG"}],"circlet_count":0,"master_deck":["Defend_G","Defend_G","Defend_G","Defend_G","Defend_G","Survivor+1","Neutralize+1","Blur","Catalyst+1","Tactician","Deadly Poison+1","Prepared","PiercingWail","Bane+1","Corpse Explosion","Burst+1","Burst+1","Backstab+1","Prepared","Tactician+1","Panache+1","Deadly Poison","Noxious Fumes+1","Poisoned Stab","Acrobatics+1","Backstab+1","Adrenaline","Calculated Gamble+1","Escape Plan","Jack Of All Trades","Adrenaline","Parasite","Catalyst+1"],"relics":["Ring of the Serpent","NeowsBlessing","Bag of Preparation","Question Card","Strawberry","Odd Mushroom","CeramicFish","Astrolabe","Runesmith:Nanobots","Tiny Chest","Meat on the Bone","Nunchaku","Shovel","Lantern","Orichalcum","Omamori","HornCleat","Vajra"],"acts_visited":["Exordium","TheCity","TheBeyond"],"potions_floor_usage":[23,28,30,33,33,33,33,41,41],"damage_taken":[{"damage":0.0,"enemies":"2 Louse","floor":1.0,"turns":1.0},{"damage":0.0,"enemies":"Small Slimes","floor":4.0,"turns":1.0},{"damage":0.0,"enemies":"3 Sentries","floor":6.0,"turns":2.0},{"damage":12.0,"enemies":"Gremlin Nob","floor":8.0,"turns":4.0},{"damage":11.0,"enemies":"The Mushroom Lair","floor":10.0,"turns":6.0},{"damage":0.0,"enemies":"Cultist","floor":11.0,"turns":5.0},{"damage":2.0,"enemies":"Blue Slaver","floor":13.0,"turns":4.0},{"damage":10.0,"enemies":"The Guardian","floor":16.0,"turns":5.0},{"damage":1.0,"enemies":"Spheric Guardian","floor":18.0,"turns":3.0},{"damage":6.0,"enemies":"3 Byrds","floor":19.0,"turns":3.0},{"damage":12,"enemies":"Shelled Parasite and Fungi","floor":21,"turns":5},{"damage":11,"enemies":"Gremlin Leader","floor":23,"turns":3},{"damage":0,"enemies":"Snake Plant","floor":24,"turns":2},{"damage":13,"enemies":"Book of Stabbing","floor":25,"turns":4},{"damage":7,"enemies":"Gremlin Leader","floor":28,"turns":6},{"damage":0,"enemies":"Centurion and Healer","floor":30,"turns":5},{"damage":7,"enemies":"Shelled Parasite and Fungi","floor":31,"turns":3},{"damage":2,"enemies":"Automaton","floor":33,"turns":6},{"damage":0,"enemies":"Orb Walker","floor":35,"turns":1},{"damage":0,"enemies":"2 Orb Walkers","floor":36,"turns":1},{"damage":7,"enemies":"3 Shapes","floor":38,"turns":4},{"damage":21,"enemies":"Spire Growth","floor":39,"turns":3},{"damage":21,"enemies":"Nemesis","floor":41,"turns":3},{"damage":0,"enemies":"Writhing Mass","floor":42,"turns":4},{"damage":68,"enemies":"4 Shapes","floor":46,"turns":3}],"seed_played":"5569665955112687610","potions_obtained":[{"floor":1.0,"key":"Poison Potion"},{"floor":8.0,"key":"Block Potion"},{"floor":11.0,"key":"Poison Potion"},{"floor":16.0,"key":"EntropicBrew"},{"floor":21,"key":"Explosive Potion"},{"floor":23,"key":"AttackPotion"},{"floor":24,"key":"DuplicationPotion"},{"floor":28,"key":"PowerPotion"},{"floor":31,"key":"LiquidBronze"},{"floor":35,"key":"Energy Potion"},{"floor":38,"key":"Fire Potion"}],"is_trial":false,"path_per_floor":["M","?","?","M","?","E","R","E","T","?","M","R","M","T","R","B",null,"M","M","?","M","$","E","M","E","T","R","E","R","M","M","R","B",null,"M","?","?","M","M","R","E","M","T","T","R","M"],"character_chosen":"THE_SILENT","items_purchased":["Runesmith:Nanobots","Panache","Deadly Poison"],"campfire_rested":0,"item_purchase_floors":[22,22,22],"current_hp_per_floor":[63,56,56,56,56,56,56,44,51,40,40,40,38,38,38,28,65,64,58,51,39,39,28,28,15,15,15,20,20,32,37,37,47,70,70,70,70,63,42,42,45,45,45,45,45,0,0],"gold":549,"neow_bonus":"THREE_ENEMY_KILL","is_daily":false,"chose_seed":false,"campfire_upgraded":6,"win_rate":0.0,"timestamp":1609734328,"path_taken":["M","?","?","?","?","E","R","E","T","?","M","R","M","?","R","BOSS","M","M","?","?","$","E","M","E","T","R","E","R","M","M","R","BOSS","M","?","?","M","M","R","E","?","T","?","R","M"],"items_purchased_type":["Relic","Card","Card"],"build_version":"2020-12-22","purchased_purges":1,"victory":false,"max_hp_per_floor":[70,70,70,70,70,70,70,70,77,77,77,77,77,77,77,77,77,77,77,77,77,77,77,77,77,77,77,77,77,77,77,77,77,77,77,77,77,77,77,77,77,77,77,77,77,77,77],"card_choices":[{"not_picked":["Reflex","Dagger Spray"],"picked":"Blur","floor":1.0},{"not_picked":["Predator","Sucker Punch"],"picked":"Catalyst","floor":4.0},{"not_picked":["Quick Slash","Skewer"],"picked":"Tactician","floor":6.0},{"not_picked":["Deflect","Riddle With Holes"],"picked":"Deadly Poison","floor":8.0},{"not_picked":["Flechettes","Quick Slash","Acrobatics"],"picked":"Prepared","floor":10.0},{"not_picked":["Flying Knee","Cloak And Dagger","All Out Attack"],"picked":"PiercingWail","floor":11.0},{"not_picked":["Tactician","Underhanded Strike","Blur"],"picked":"Bane","floor":13.0},{"not_picked":["Bullet Time","Grand Finale","A Thousand Cuts"],"picked":"Corpse Explosion","floor":16.0},{"not_picked":["Flying Knee","Finisher","Dagger Throw"],"picked":"Prepared","floor":18.0},{"not_picked":["Dodge and Roll","Backflip","Setup","PiercingWail"],"picked":"SKIP","floor":19.0},{"not_picked":["Heel Hook","Slice","Riddle With Holes"],"picked":"Tactician","floor":21},{"not_picked":["Outmaneuver","Underhanded Strike","A Thousand Cuts","Night Terror"],"picked":"SKIP","floor":23},{"not_picked":["Dodge and Roll","Skewer","Blur","Accuracy"],"picked":"SKIP","floor":24},{"not_picked":["Tactician","Deadly Poison","Prepared"],"picked":"Noxious Fumes","floor":25},{"not_picked":["PiercingWail","Quick Slash","Slice+1"],"picked":"Poisoned Stab","floor":28},{"not_picked":["Prepared+1","Flying Knee","Cloak And Dagger"],"picked":"Acrobatics+1","floor":30},{"not_picked":["Finisher","Footwork","PiercingWail"],"picked":"Backstab+1","floor":31},{"not_picked":["Tools of the Trade","Unload","Die Die Die"],"picked":"Adrenaline","floor":33},{"not_picked":["Backflip","Acrobatics+1","Blade Dance+1"],"picked":"Calculated Gamble+1","floor":35},{"not_picked":["Sucker Punch+1","PiercingWail","Prepared"],"picked":"Escape Plan","floor":36},{"not_picked":["PiercingWail","Finisher+1","Outmaneuver","Die Die Die"],"picked":"SKIP","floor":38},{"not_picked":["All Out Attack+1","Dodge and Roll","Dagger Spray","Deadly Poison+1"],"picked":"SKIP","floor":39},{"not_picked":["Deadly Poison","Corpse Explosion","Caltrops","Dagger Spray"],"picked":"SKIP","floor":41},{"not_picked":["Deflect+1","Quick Slash+1","Bane"],"picked":"Catalyst+1","floor":42}],"player_experience":205528,"relics_obtained":[{"floor":6.0,"key":"Bag of Preparation"},{"floor":8.0,"key":"Question Card"},{"floor":9.0,"key":"Strawberry"},{"floor":10.0,"key":"Odd Mushroom"},{"floor":14.0,"key":"CeramicFish"},{"floor":23,"key":"Tiny Chest"},{"floor":25,"key":"Meat on the Bone"},{"floor":28,"key":"Nunchaku"},{"floor":36,"key":"Shovel"},{"floor":40,"key":"Lantern"},{"floor":41,"key":"Orichalcum"},{"floor":43,"key":"Omamori"},{"floor":44,"key":"HornCleat"},{"floor":45,"key":"Vajra"}],"event_choices":[{"cards_removed":["Strike_G"],"damage_healed":0.0,"max_hp_gain":0.0,"max_hp_loss":0.0,"gold_gain":0.0,"event_name":"Golden Wing","player_choice":"Card Removal","floor":2.0,"gold_loss":0.0,"damage_taken":7.0},{"damage_healed":0.0,"max_hp_gain":0.0,"max_hp_loss":0.0,"gold_gain":0.0,"event_name":"Upgrade Shrine","player_choice":"Upgraded","floor":3.0,"gold_loss":0.0,"damage_taken":0.0,"cards_upgraded":["Neutralize"]},{"damage_healed":0.0,"max_hp_gain":0.0,"max_hp_loss":0.0,"gold_gain":0.0,"event_name":"Living Wall","player_choice":"Grow","floor":5.0,"gold_loss":0.0,"damage_taken":0.0,"cards_upgraded":["Catalyst"]},{"damage_healed":0.0,"max_hp_gain":0.0,"max_hp_loss":0.0,"gold_gain":0.0,"event_name":"Mushrooms","player_choice":"Fought Mushrooms","floor":10.0,"gold_loss":0.0,"damage_taken":0.0},{"damage_healed":0,"gold_gain":75,"player_choice":"Touch","damage_taken":7,"max_hp_gain":0,"max_hp_loss":0,"event_name":"FaceTrader","floor":20,"gold_loss":0},{"damage_healed":0,"gold_gain":0,"player_choice":"Fight","damage_taken":0,"max_hp_gain":0,"max_hp_loss":0,"event_name":"Mysterious Sphere","floor":36,"gold_loss":0},{"damage_healed":0,"gold_gain":0,"player_choice":"2 cards matched","damage_taken":0,"max_hp_gain":0,"max_hp_loss":0,"event_name":"Match and Keep!","floor":37,"gold_loss":0,"cards_obtained":["Jack Of All Trades","Adrenaline"]}],"is_beta":false,"boss_relics":[{"not_picked":["Runic Dome","SlaversCollar"],"picked":"Astrolabe"},{"not_picked":["Cursed Key","HoveringKite"],"picked":"Ring of the Serpent"}],"items_purged_floors":[22],"is_endless":false,"potions_floor_spawned":[1,8,11,16,21,23,24,28,31,35,38],"killed_by":"4 Shapes","ascension_level":6}}