{"host":"rl55h36hts1vjtzv","time":1609774329,"event":{"mods":["BaseMod","Colored Powertips","Minty Spire (QoL Compilation)","Relic Stats"],"gold_per_floor":[111,111,111,111,124,124,139,139,139,172,199,199,216,249,249,352,352,364,364,391,407,425,425,454,464,464,39,39,51,51,71,71,166,166,185,201,201,211,226,261,261,276,300,300,328,328,339,359,359,359],"floor_reached":51,"playtime":4639,"items_purged":["Strike_R"],"score":750,"play_id":"d5987180-9915-454a-bbb3-b4b011199fad","local_time":"20210104233209","is_ascension_mode":true,"campfire_choices":[{"data":"Iron Wave","floor":6.0,"key":"SMITH"},{"data":"Cleave","floor":8.0,"key":"SMITH"},{"floor":12.0,"key":"REST"},{"data":"Combust","floor":15.0,"key":"SMITH"},{"floor":23.0,"key":"REST"},{"floor":28.0,"key":"REST"},{"data":"Rampage","floor":32.0,"key":"SMITH"},{"floor":41.0,"key":"REST"},{"floor":44.0,"key":"REST"},{"floor":49,"key":"REST"}],"circlet_count":0,"master_deck":["Strike_R","Strike_R","Defend_R+1","Defend_R+1","Defend_R+1","Defend_R","Bash","Iron Wave+1","Cleave+1","Spot Weakness+1","Cleave","Combust+1","Juggernaut","Twin Strike","Inflame","Rampage+1","Disarm","Twin Strike+1","Battle Trance","Shrug It Off+1","Anger","Spot Weakness","Twin Strike+1","Pommel Strike","Inflame+1","Body Slam+1","Shrug It Off+1","Shrug It Off","Fire Breathing"],"relics":["Black Blood","Red Skull","Pen Nib","Odd Mushroom","War Paint","Omamori","Paper Frog","Kunai","Bag of Preparation","Boot","Pantograph","Sozu","Toy Ornithopter","Juzu Bracelet","Anchor"],"acts_visited":["Exordium","TheCity","TheBeyond"],"potions_floor_usage":[],"damage_taken":[{"damage":6.0,"enemies":"Jaw Worm","floor":1.0,"turns":3.0},{"damage":0.0,"enemies":"Small Slimes","floor":5.0,"turns":3.0},{"damage":2.0,"enemies":"Cultist","floor":7.0,"turns":4.0},{"damage":33.0,"enemies":"Lagavulin","floor":10.0,"turns":7.0},{"damage":13.0,"enemies":"The Mushroom Lair","floor":11.0,"turns":3.0},{"damage":1.0,"enemies":"Gremlin Gang","floor":13.0,"turns":2.0},{"damage":21.0,"enemies":"3 Sentries","floor":14.0,"turns":5.0},{"damage":44.0,"enemies":"The Guardian","floor":16.0,"turns":9.0},{"damage":34.0,"enemies":"2 Thieves","floor":18.0,"turns":4.0},{"damage":16.0,"enemies":"3 Byrds","floor":21.0,"turns":5.0},{"damage":23.0,"enemies":"3 Cultists","floor":22.0,"turns":5.0},{"damage":72.0,"enemies":"Book of Stabbing","floor":24.0,"turns":6.0},{"damage":17.0,"enemies":"Cultist and Chosen","floor":25.0,"turns":6.0},{"damage":30.0,"enemies":"Shelled Parasite and Fungi","floor":29.0,"turns":4.0},{"damage":1.0,"enemies":"Chosen and Byrds","floor":31.0,"turns":4.0},{"damage":50.0,"enemies":"Champ","floor":33.0,"turns":8.0},{"damage":2.0,"enemies":"3 Darklings","floor":35.0,"turns":3.0},{"damage":3.0,"enemies":"3 Shapes","floor":36.0,"turns":3.0},{"damage":9.0,"enemies":"Jaw Worm Horde","floor":38.0,"turns":3.0},{"damage":43.0,"enemies":"Sphere and 2 Shapes","floor":39.0,"turns":4.0},{"damage":51.0,"enemies":"Nemesis","floor":40.0,"turns":5.0},{"damage":29.0,"enemies":"Maw","floor":42.0,"turns":6.0},{"damage":46.0,"enemies":"Giant Head","floor":45.0,"turns":7.0},{"damage":10.0,"enemies":"Writhing Mass","floor":47.0,"turns":4.0},{"damage":20,"enemies":"Transient","floor":48,"turns":5},{"damage":96,"enemies":"Donu and Deca","floor":50,"turns":8}],"seed_played":"2490881046343438605","potions_obtained":[{"floor":5.0,"key":"Regen Potion"},{"floor":7.0,"key":"Explosive Potion"},{"floor":10.0,"key":"Explosive Potion"},{"floor":13.0,"key":"PowerPotion"},{"floor":24.0,"key":"BloodPotion"},{"floor":29.0,"key":"EssenceOfSteel"},{"floor":33.0,"key":"FairyPotion"}],"is_trial":false,"path_per_floor":["M","?","?","?","M","R","M","R","T","E","?","R","M","E","R","B",null,"M","?","T","M","M","R","E","M","T","$","R","M","T","M","R","B",null,"M","M","$","M","M","E","R","M","T","R","E","?","M","M","R","B",null],"character_chosen":"IRONCLAD","items_purchased":["Battle Trance","Bag of Preparation","Boot"],"campfire_rested":6,"item_purchase_floors":[27,27,27],"current_hp_per_floor":[88,70,75,75,81,81,85,85,85,73,66,93,93,78,78,40,93,71,71,71,67,56,83,41,36,36,36,63,45,45,56,56,43,93,93,93,93,93,62,23,50,33,33,60,26,26,28,20,47,19],"gold":359,"neow_bonus":"TEN_PERCENT_HP_BONUS","is_daily":false,"chose_seed":false,"campfire_upgraded":4,"win_rate":0.0,"timestamp":1609774329,"path_taken":["M","?","?","?","M","R","M","R","T","E","?","R","M","E","R","BOSS","M","?","?","M","?","R","E","M","T","$","R","?","?","M","R","BOSS","M","M","$","M","M","E","R","M","T","R","E","?","M","M","R","BOSS"],"items_purchased_type":["Card","Relic","Relic"],"build_version":"2020-12-22","purchased_purges":1,"victory":true,"max_hp_per_floor":[88,88,93,93,93,93,93,93,93,93,93,93,93,93,93,93,93,93,93,93,93,93,93,93,93,93,93,93,93,93,93,93,93,93,93,93,93,93,93,93,93,93,93,93,93,93,93,93,93,93],"relic_stats":{"Sozu":3,"counters":[26,126],"Pantograph":50,"Black Blood":237,"Pen Nib":[20],"Bag of Preparation":[26],"Juzu Bracelet":0,"Kunai":[16],"War Paint":["Defend_R","Spot Weakness"],"Boot":[12],"obtain_stats":[{"Black Blood":17,"Pen Nib":10,"Omamori":20,"Bag of Preparation":27,"Juzu Bracelet":43,"Odd Mushroom":11,"War Paint":14,"Boot":27,"Burning Blood":0,"Sozu":34,"Anchor":45,"Pantograph":30,"Kunai":26,"Red Skull":9,"Toy Ornithopter":40,"Paper Frog":24},{"Black Blood":8,"Pen Nib":4,"Omamori":9,"Bag of Preparation":13,"Juzu Bracelet":22,"Odd Mushroom":5,"War Paint":7,"Boot":13,"Burning Blood":0,"Sozu":16,"Anchor":23,"Pantograph":14,"Kunai":13,"Red Skull":3,"Toy Ornithopter":21,"Paper Frog":12},{"Black Blood":36,"Pen Nib":17,"Omamori":40,"Bag of Preparation":62,"Juzu Bracelet":102,"Odd Mushroom":20,"War Paint":27,"Boot":62,"Burning Blood":0,"Sozu":78,"Anchor":109,"Pantograph":66,"Kunai":62,"Red Skull":10,"Toy Ornithopter":96,"Paper Frog":56}],"Toy Ornithopter":0},"card_choices":[{"not_picked":["Clothesline","Heavy Blade"],"picked":"Iron Wave","floor":1.0},{"not_picked":["Heavy Blade","Power Through","Body Slam"],"picked":"SKIP","floor":5.0},{"not_picked":["Corruption","Clash"],"picked":"Cleave","floor":7.0},{"not_picked":["Thunderclap","Iron Wave"],"picked":"Spot Weakness","floor":10.0},{"not_picked":["Perfected Strike","Clothesline"],"picked":"Cleave","floor":13.0},{"not_picked":["Twin Strike","Dual Wield"],"picked":"Combust","floor":14.0},{"not_picked":["Reaper","Feed"],"picked":"Juggernaut","floor":16.0},{"not_picked":["Sword Boomerang","True Grit"],"picked":"Twin Strike","floor":18.0},{"not_picked":["Searing Blow","Burning Pact+1"],"picked":"Inflame","floor":21.0},{"not_picked":["Twin Strike","Sever Soul"],"picked":"Rampage","floor":22.0},{"not_picked":["Uppercut","Bloodletting"],"picked":"Disarm","floor":24.0},{"not_picked":["Iron Wave","Headbutt"],"picked":"Twin Strike+1","floor":25.0},{"not_picked":["Feel No Pain","Entrench+1"],"picked":"Shrug It Off+1","floor":29.0},{"not_picked":["Disarm","Thunderclap"],"picked":"Anger","floor":31.0},{"not_picked":["Clothesline","Perfected Strike+1"],"picked":"Spot Weakness","floor":35.0},{"not_picked":["Body Slam+1","Sword Boomerang+1"],"picked":"Twin Strike+1","floor":36.0},{"not_picked":["True Grit+1","Perfected Strike+1"],"picked":"Pommel Strike","floor":38.0},{"not_picked":["Seeing Red","Sword Boomerang+1"],"picked":"Inflame+1","floor":39.0},{"not_picked":["Thunderclap+1","Clothesline+1"],"picked":"Body Slam+1","floor":40.0},{"not_picked":["Sword Boomerang","Seeing Red"],"picked":"Shrug It Off+1","floor":42.0},{"not_picked":["Perfected Strike","Reaper"],"picked":"Shrug It Off","floor":45.0},{"not_picked":["Headbutt+1","Pommel Strike","Flex+1"],"picked":"SKIP","floor":47.0},{"not_picked":["Heavy Blade","Carnage","Iron Wave"],"picked":"SKIP","floor":48}],"player_experience":69260,"relics_obtained":[{"floor":9.0,"key":"Red Skull"},{"floor":10.0,"key":"Pen Nib"},{"floor":11.0,"key":"Odd Mushroom"},{"floor":14.0,"key":"War Paint"},{"floor":20.0,"key":"Omamori"},{"floor":24.0,"key":"Paper Frog"},{"floor":26.0,"key":"Kunai"},{"floor":30.0,"key":"Pantograph"},{"floor":40.0,"key":"Toy Ornithopter"},{"floor":43.0,"key":"Juzu Bracelet"},{"floor":45.0,"key":"Anchor"}],"event_choices":[{"damage_healed":0.0,"max_hp_gain":0.0,"max_hp_loss":0.0,"gold_gain":0.0,"event_name":"Shining Light","player_choice":"Entered Light","floor":2.0,"gold_loss":0.0,"damage_taken":18.0,"cards_upgraded":["Defend_R","Defend_R"]},{"damage_healed":0.0,"max_hp_gain":5.0,"max_hp_loss":0.0,"gold_gain":0.0,"event_name":"Big Fish","player_choice":"Donut","floor":3.0,"gold_loss":0.0,"damage_taken":0.0},{"cards_removed":["Strike_R"],"damage_healed":0.0,"max_hp_gain":0.0,"max_hp_loss":0.0,"gold_gain":0.0,"event_name":"Living Wall","player_choice":"Forget","floor":4.0,"gold_loss":0.0,"damage_taken":0.0},{"damage_healed":0.0,"max_hp_gain":0.0,"max_hp_loss":0.0,"gold_gain":0.0,"event_name":"Mushrooms","player_choice":"Fought Mushrooms","floor":11.0,"gold_loss":0.0,"damage_taken":0.0},{"damage_healed":0.0,"max_hp_gain":0.0,"max_hp_loss":0.0,"gold_gain":0.0,"event_name":"Ghosts","player_choice":"Ignored","floor":19.0,"gold_loss":0.0,"damage_taken":0.0},{"damage_healed":0.0,"max_hp_gain":0.0,"max_hp_loss":0.0,"gold_gain":0.0,"cards_transformed":["Strike_R"],"event_name":"Transmorgrifier","player_choice":"Transformed","floor":46.0,"gold_loss":0.0,"damage_taken":0.0,"cards_obtained":["Fire Breathing"]}],"is_beta":false,"boss_relics":[{"not_picked":["SacredBark","Velvet Choker"],"picked":"Black Blood"},{"not_picked":["Snecko Eye","Mark of Pain"],"picked":"Sozu"}],"items_purged_floors":[27],"is_endless":false,"potions_floor_spawned":[5,7,10,13,24,29,33,39,42,45],"ascension_level":1}}