{"host":"u0qetpmu4y58k1tf","time":1609771200,"event":{"mods":["AchievementEnabler","BaseMod","Colored Map","Colored Powertips","Hermit","Marisa£¨Ùöéë¡¡Øª×âÞÞ£©","Minty Spire (QoL Compilation)","Replay The Spire","StSLib","SuperFastMode","The Bug Knight","The Cursed","The Hierophant","The Runesmith"],"gold_per_floor":[112,112,1,20,20,54,76,92,92,108,108,165,175,175,175,272,272,284,284,22,22,32,63,13,13,13,27,46,46,46,46,46,46,46],"floor_reached":33,"playtime":1286,"items_purged":["Strike_B","Strike_B"],"score":313,"play_id":"c115029a-6b57-4a38-88f6-3ab2fe16fc88","local_time":"20210104234000","is_ascension_mode":false,"campfire_choices":[{"data":"Zap","floor":11.0,"key":"SMITH"},{"floor":25.0,"key":"REST"},{"floor":29.0,"key":"REST"},{"floor":32,"key":"REST"}],"circlet_count":0,"master_deck":["Strike_B","Strike_B","Defend_B","Defend_B","Defend_B","Defend_B","Zap+1","Dualcast","Coolheaded+1","Gash+1","Scrape","Chill","Beam Cell","Chill","Streamline","CurseOfTheBell","Pot Of Greed","Pot Of Greed","Gash+1","Crow Ritual","Shame","Redo"],"relics":["Cracked Core","NeowsBlessing","Mirror","Question Card","Odd Mushroom","Replay:Bottled Flurry","Ancient Tea Set","Replay:Ringing Soul","Calling Bell","Snack Pack","WingedGreaves","Grinning Jar","Quantum Egg","Golden Egg","Molten Egg 2"],"acts_visited":["Exordium","TheCity"],"potions_floor_usage":[33,33],"damage_taken":[{"damage":0.0,"enemies":"Jaw Worm","floor":1.0,"turns":1.0},{"damage":0.0,"enemies":"2 Louse","floor":4.0,"turns":1.0},{"damage":0.0,"enemies":"Lagavulin","floor":6.0,"turns":1.0},{"damage":19.0,"enemies":"The Mushroom Lair","floor":7.0,"turns":4.0},{"damage":4.0,"enemies":"Cultist","floor":8.0,"turns":3.0},{"damage":2.0,"enemies":"Exordium Thugs","floor":10.0,"turns":5.0},{"damage":6.0,"enemies":"Lagavulin Event","floor":12.0,"turns":4.0},{"damage":2.0,"enemies":"Large Slime","floor":13.0,"turns":4.0},{"damage":15.0,"enemies":"Slime Boss","floor":16.0,"turns":8.0},{"damage":19.0,"enemies":"3 Byrds","floor":18.0,"turns":7.0},{"damage":16.0,"enemies":"Centurion and Healer","floor":22.0,"turns":7.0},{"damage":38.0,"enemies":"Slavers","floor":23.0,"turns":7.0},{"damage":21.0,"enemies":"Snake Plant","floor":27.0,"turns":3.0},{"damage":18.0,"enemies":"Cultist and Chosen","floor":28.0,"turns":6.0},{"damage":16,"enemies":"Colosseum Slavers","floor":31,"turns":5},{"damage":83,"enemies":"Automaton","floor":33,"turns":6}],"seed_played":"7070892563864806794","potions_obtained":[{"floor":1.0,"key":"Toxic Potion"},{"floor":4.0,"key":"DistilledChaos"},{"floor":10.0,"key":"FocusPotion"},{"floor":12.0,"key":"Dexterity Potion"},{"floor":23.0,"key":"ColorlessPotion"},{"floor":27.0,"key":"Explosive Potion"}],"is_trial":false,"path_per_floor":["M","?","$","M","$","E","?","M","T","M","R","?","M","T","R_BF","B",null,"M","?","$","?","M","E","?","R","T","M","M","R","$","?","R","B"],"character_chosen":"DEFECT","items_purchased":["Gash+1","Crow Ritual"],"campfire_rested":3,"item_purchase_floors":[3,20],"current_hp_per_floor":[75,72,72,72,72,72,53,49,49,47,47,41,39,39,61,46,78,66,58,61,64,50,16,16,42,42,30,14,41,41,27,54,0,0],"gold":46,"neow_bonus":"THREE_ENEMY_KILL","is_daily":false,"chose_seed":false,"campfire_upgraded":1,"win_rate":0.0,"timestamp":1609771200,"path_taken":["M","?","$","M","$","E","?","M","T","M","R","?","M","?","R_BF","BOSS","M","?","?","?","M","E","?","R","T","?","M","R","?","?","R","BOSS"],"items_purchased_type":["Card","Card"],"build_version":"2020-12-22","purchased_purges":2,"victory":false,"max_hp_per_floor":[75,75,75,75,75,75,75,75,75,75,75,75,75,75,75,75,78,81,81,84,87,87,87,87,87,87,90,90,90,90,90,90,90,90],"card_choices":[{"not_picked":["Skim","Leap"],"picked":"Coolheaded","floor":1.0},{"not_picked":["Self Repair","Consume","Coolheaded"],"picked":"SKIP","floor":4.0},{"not_picked":["Panic Button","Compile Driver"],"picked":"Scrape","floor":6.0},{"not_picked":["Panic Button","Stack","Double Energy"],"picked":"Chill","floor":8.0},{"not_picked":["Streamline","Ball Lightning","Storm"],"picked":"Beam Cell","floor":10.0},{"not_picked":["Multi-Cast","Glacier","Hello World"],"picked":"Chill","floor":12.0},{"not_picked":["Ball Lightning","Hologram","Skim"],"picked":"Streamline","floor":13.0},{"not_picked":["Aggregate","Stack","Cold Snap"],"picked":"Gash+1","floor":18.0},{"not_picked":["ReplayTheSpireMod:Repulse","BasicCrystalCard","Darkness","Sweeping Beam+1"],"picked":"SKIP","floor":22.0},{"not_picked":["Leap","Sweeping Beam","Conserve Battery","Coolheaded"],"picked":"SKIP","floor":23.0},{"not_picked":["Steam Power","FIFO Queue","Hologram"],"picked":"Redo","floor":27.0},{"not_picked":["Chaos","Leap","Rip and Tear+1","Loop"],"picked":"SKIP","floor":28.0}],"player_experience":13202,"relics_obtained":[{"floor":6.0,"key":"Question Card"},{"floor":7.0,"key":"Odd Mushroom"},{"floor":9.0,"key":"Replay:Bottled Flurry"},{"floor":12.0,"key":"Ancient Tea Set"},{"floor":14.0,"key":"Replay:Ringing Soul"},{"floor":17.0,"key":"Snack Pack"},{"floor":17.0,"key":"WingedGreaves"},{"floor":17.0,"key":"Grinning Jar"},{"floor":23.0,"key":"Golden Egg"},{"floor":26.0,"key":"Molten Egg 2"}],"event_choices":[{"damage_healed":0.0,"max_hp_gain":0.0,"max_hp_loss":0.0,"gold_gain":0.0,"event_name":"Scrap Ooze","player_choice":"Success","floor":2.0,"gold_loss":0.0,"damage_taken":3.0,"relics_obtained":["Mirror"]},{"damage_healed":0.0,"max_hp_gain":0.0,"max_hp_loss":0.0,"gold_gain":0.0,"event_name":"Mushrooms","player_choice":"Fought Mushrooms","floor":7.0,"gold_loss":0.0,"damage_taken":0.0},{"damage_healed":0.0,"max_hp_gain":0.0,"max_hp_loss":0.0,"gold_gain":0.0,"event_name":"Dead Adventurer","player_choice":"Searched \u00271\u0027 times","floor":12.0,"gold_loss":0.0,"damage_taken":0.0},{"damage_healed":0.0,"max_hp_gain":0.0,"max_hp_loss":0.0,"gold_gain":0.0,"event_name":"Wheel of Change","player_choice":"Damaged","floor":19.0,"gold_loss":0.0,"damage_taken":8.0},{"damage_healed":0.0,"max_hp_gain":0.0,"max_hp_loss":0.0,"gold_gain":0.0,"event_name":"Addict","player_choice":"Stole Relic","floor":21.0,"gold_loss":0.0,"damage_taken":0.0,"relics_obtained":["Quantum Egg"],"cards_obtained":["Shame"]},{"damage_healed":0.0,"max_hp_gain":0.0,"max_hp_loss":0.0,"gold_gain":0.0,"event_name":"The Joust","player_choice":"Bet on Owner","floor":24.0,"gold_loss":50.0,"damage_taken":0.0},{"damage_healed":0,"gold_gain":0,"player_choice":"Fight","damage_taken":0,"max_hp_gain":0,"max_hp_loss":0,"event_name":"Colosseum","floor":31,"gold_loss":0},{"damage_healed":0,"gold_gain":0,"player_choice":"Fled From Nobs","damage_taken":0,"max_hp_gain":0,"max_hp_loss":0,"event_name":"Colosseum","floor":31,"gold_loss":0}],"is_beta":false,"boss_relics":[{"not_picked":["Runic Pyramid","Velvet Choker"],"picked":"Calling Bell"}],"items_purged_floors":[3,20],"is_endless":false,"potions_floor_spawned":[1,4,10,12,23,27,31],"killed_by":"Automaton","ascension_level":0}}