{"host":"ovxa65d68iy9l57e","time":1609798637,"event":{"mods":["AchievementEnabler","BaseMod","Better Altar","Better Skull","Better Vampires","Colored Map","Curses Come First","Minty Spire (QoL Compilation)","Relic Stats","StSLib"],"gold_per_floor":[109,34,50,63,81,116,116,132,206,234,252,252,2,12,12,111,111,129,141,68,88,88,123,123,134,160,179,53,53,53,53],"floor_reached":30,"playtime":2433,"items_purged":[],"score":304,"play_id":"1192591e-53d9-44f9-9a8d-f4f97e180785","local_time":"20210104231717","is_ascension_mode":true,"campfire_choices":[{"floor":12,"key":"REST"},{"data":"Echo Form","floor":15,"key":"SMITH"},{"floor":24,"key":"REST"}],"circlet_count":0,"master_deck":["Zap","Dualcast","Leap","Sunder","Ball Lightning","Coolheaded","Sweeping Beam","Echo Form+1","Skim","Redo","Core Surge","Loop","Core Surge","Thunder Strike","Leap","Fusion","Machine Learning","Electrodynamics","Beam Cell","Melter","Capacitor","Sweeping Beam+1","Self Repair"],"relics":["Cracked Core","Turnip","DataDisk","Bottled Tornado","Ginger","Question Card","Pandora\u0027s Box","Bronze Scales","Nloth\u0027s Gift"],"acts_visited":["Exordium","TheCity"],"potions_floor_usage":[6,6,6,10,23,23,30,30],"damage_taken":[{"damage":3,"enemies":"2 Louse","floor":1,"turns":2},{"damage":7,"enemies":"Small Slimes","floor":3,"turns":2},{"damage":2,"enemies":"Jaw Worm","floor":4,"turns":3},{"damage":10,"enemies":"Lots of Slimes","floor":5,"turns":4},{"damage":7,"enemies":"Lagavulin","floor":6,"turns":5},{"damage":5,"enemies":"Exordium Thugs","floor":8,"turns":6},{"damage":3,"enemies":"3 Sentries","floor":10,"turns":5},{"damage":3,"enemies":"2 Fungi Beasts","floor":11,"turns":2},{"damage":2,"enemies":"Exordium Wildlife","floor":14,"turns":4},{"damage":18,"enemies":"Hexaghost","floor":16,"turns":11},{"damage":35,"enemies":"3 Byrds","floor":18,"turns":4},{"damage":3,"enemies":"Chosen","floor":19,"turns":4},{"damage":15,"enemies":"Snake Plant","floor":21,"turns":6},{"damage":42,"enemies":"Slavers","floor":23,"turns":4},{"damage":18,"enemies":"Chosen and Byrds","floor":25,"turns":7},{"damage":6,"enemies":"Cultist and Chosen","floor":27,"turns":4},{"damage":3,"enemies":"Book of Stabbing","floor":30,"turns":2}],"seed_played":"-6016280995445213133","potions_obtained":[{"floor":1,"key":"GamblersBrew"},{"floor":4,"key":"Dexterity Potion"},{"floor":5,"key":"Fire Potion"},{"floor":8,"key":"BlessingOfTheForge"},{"floor":16,"key":"FearPotion"},{"floor":19,"key":"Energy Potion"},{"floor":27,"key":"BlessingOfTheForge"}],"is_trial":false,"path_per_floor":["M","$","M","M","M","E","?","M","T","E","M","R","$","M","R","B",null,"M","M","$","M","?","E","R","M","T","M","$","?","E"],"character_chosen":"DEFECT","items_purchased":["Sunder","Question Card","Capacitor","Self Repair","Block Potion"],"campfire_rested":2,"item_purchase_floors":[2,13,20,28,28],"current_hp_per_floor":[51,51,44,42,32,25,25,20,20,17,14,36,36,34,34,16,75,40,37,37,22,47,5,27,9,9,3,3,3,0,0],"gold":53,"neow_bonus":"ONE_RARE_RELIC","is_daily":false,"chose_seed":false,"campfire_upgraded":1,"win_rate":0.0,"timestamp":1609798637,"path_taken":["M","$","M","M","M","E","?","M","T","E","M","R","$","M","R","BOSS","M","M","$","M","?","E","R","M","T","M","$","?","E"],"items_purchased_type":["Card","Relic","Card","Card","Potion"],"build_version":"2020-12-22","purchased_purges":0,"victory":false,"max_hp_per_floor":[75,75,75,75,75,75,75,75,75,75,75,75,75,75,75,75,75,75,75,75,75,75,75,75,75,75,75,75,75,75,75],"relic_stats":{"counters":[17,75],"Bronze Scales":[21],"Pandora\u0027s Box":["Loop","Core Surge","Thunder Strike","Leap","Fusion","Machine Learning","Electrodynamics","Beam Cell"],"Turnip":[7],"Nloth\u0027s Gift":0,"Ginger":[14],"Question Card":8,"obtain_stats":[{"DataDisk":6,"Anchor":23,"Bronze Scales":26,"Pandora\u0027s Box":17,"Turnip":0,"Nloth\u0027s Gift":29,"Ginger":10,"Bottled Tornado":9,"Cracked Core":0,"Question Card":13},{"DataDisk":5,"Anchor":14,"Bronze Scales":15,"Pandora\u0027s Box":10,"Turnip":0,"Nloth\u0027s Gift":16,"Ginger":7,"Bottled Tornado":6,"Cracked Core":0,"Question Card":8},{"DataDisk":16,"Anchor":62,"Bronze Scales":69,"Pandora\u0027s Box":44,"Turnip":0,"Nloth\u0027s Gift":73,"Ginger":27,"Bottled Tornado":22,"Cracked Core":0,"Question Card":29}]},"card_choices":[{"not_picked":["Rip and Tear","Steam Power"],"picked":"Leap","floor":1},{"not_picked":["Streamline","Beam Cell"],"picked":"Ball Lightning","floor":3},{"not_picked":["Compile Driver","Force Field","FTL"],"picked":"SKIP","floor":4},{"not_picked":["Leap","Stack"],"picked":"Coolheaded","floor":5},{"not_picked":["Cold Snap","Doom and Gloom"],"picked":"Sweeping Beam","floor":6},{"not_picked":["Lockon","Recycle"],"picked":"Echo Form","floor":8},{"not_picked":["Go for the Eyes","Barrage"],"picked":"Skim","floor":10},{"not_picked":["Tempest","Stack","Doom and Gloom"],"picked":"SKIP","floor":11},{"not_picked":["Turbo","Tempest","Go for the Eyes"],"picked":"Redo","floor":14},{"not_picked":["Echo Form","Machine Learning","Reboot"],"picked":"Core Surge","floor":16},{"not_picked":["Gash","Go for the Eyes","Darkness"],"picked":"Melter","floor":18},{"not_picked":["Steam","Compile Driver","Barrage","Coolheaded"],"picked":"SKIP","floor":19},{"not_picked":["FTL","Conserve Battery","Go for the Eyes","Compile Driver"],"picked":"SKIP","floor":21},{"not_picked":["BootSequence","Beam Cell","Static Discharge+1","Compile Driver+1"],"picked":"SKIP","floor":23},{"not_picked":["Coolheaded","Turbo","Cold Snap"],"picked":"Sweeping Beam+1","floor":25},{"not_picked":["Scrape","Coolheaded","Chaos","Conserve Battery+1"],"picked":"SKIP","floor":27}],"player_experience":251163,"relics_obtained":[{"floor":6,"key":"DataDisk"},{"floor":9,"key":"Bottled Tornado"},{"floor":10,"key":"Ginger"},{"floor":23,"key":"Anchor"},{"floor":26,"key":"Bronze Scales"}],"event_choices":[{"damage_healed":0,"gold_gain":0,"player_choice":"Ignored","damage_taken":0,"max_hp_gain":0,"max_hp_loss":0,"event_name":"Golden Idol","floor":7,"gold_loss":0},{"damage_healed":25,"gold_gain":0,"player_choice":"Heal","damage_taken":0,"max_hp_gain":0,"max_hp_loss":0,"event_name":"The Library","floor":22,"gold_loss":0},{"damage_healed":0,"gold_gain":0,"player_choice":"Traded Relic","damage_taken":0,"relics_obtained":["Nloth\u0027s Gift"],"max_hp_gain":0,"max_hp_loss":0,"event_name":"N\u0027loth","floor":29,"relics_lost":["Anchor"],"gold_loss":0}],"is_beta":false,"boss_relics":[{"not_picked":["Tiny House","Astrolabe"],"picked":"Pandora\u0027s Box"}],"items_purged_floors":[],"is_endless":false,"potions_floor_spawned":[1,4,5,8,16,19,27],"killed_by":"Book of Stabbing","ascension_level":3}}