{"host":"lhth1efayex2023z","time":1609722175,"event":{"mods":["BaseMod","Colored Map","Googly Eyes","Minty Spire (QoL Compilation)","StSLib"],"gold_per_floor":[360,360,377,392,17,44,62,96,120,139,139,169,189,202,202,276,276,291,309,55,55,65,91,91,91,91,153,183,13,29,57,57,57,57],"floor_reached":33,"playtime":983,"items_purged":["Defend_R","Power Through"],"score":584,"play_id":"f20e2927-1d4c-4118-a1ba-4febd1a67b30","local_time":"20210103180255","is_ascension_mode":true,"campfire_choices":[{"data":"Armaments","floor":11.0,"key":"SMITH"},{"data":"Inflame","floor":15.0,"key":"SMITH"},{"data":"Warcry","floor":24.0,"key":"SMITH"},{"data":"Berserk","floor":32,"key":"SMITH"}],"circlet_count":0,"master_deck":["AscendersBane","Strike_R","Strike_R","Strike_R","Strike_R","Strike_R","Defend_R","Defend_R","Defend_R","Bash+1","Flex","Cleave","Clash","Armaments+1","Bludgeon","Clash","Clash","Offering","Inflame+1","Immolate","Dual Wield+1","True Grit","Warcry+1","Berserk+1","Shrug It Off","Warcry","Demon Form"],"relics":["Burning Blood","Meat on the Bone","Bag of Preparation","PreservedInsect","Oddly Smooth Stone","Sozu","Red Skull","Nloth\u0027s Gift","Paper Frog","SsserpentHead","Blood Vial","Vajra","Bronze Scales","Art of War"],"acts_visited":["Exordium","TheCity"],"potions_floor_usage":[],"damage_taken":[{"damage":15.0,"enemies":"Jaw Worm","floor":1.0,"turns":5.0},{"damage":1.0,"enemies":"Cultist","floor":3.0,"turns":3.0},{"damage":7.0,"enemies":"2 Louse","floor":4.0,"turns":3.0},{"damage":45.0,"enemies":"3 Sentries","floor":6.0,"turns":8.0},{"damage":18.0,"enemies":"Gremlin Gang","floor":7.0,"turns":5.0},{"damage":30.0,"enemies":"Lagavulin","floor":8.0,"turns":4.0},{"damage":12.0,"enemies":"Exordium Wildlife","floor":10.0,"turns":4.0},{"damage":0.0,"enemies":"3 Sentries","floor":12.0,"turns":4.0},{"damage":6.0,"enemies":"Red Slaver","floor":13.0,"turns":1.0},{"damage":0.0,"enemies":"Looter","floor":14.0,"turns":2.0},{"damage":24.0,"enemies":"Hexaghost","floor":16.0,"turns":8.0},{"damage":6.0,"enemies":"Shell Parasite","floor":18.0,"turns":3.0},{"damage":0.0,"enemies":"Chosen","floor":19.0,"turns":3.0},{"damage":28.0,"enemies":"Snecko","floor":22.0,"turns":4.0},{"damage":18.0,"enemies":"Gremlin Leader","floor":23.0,"turns":3.0},{"damage":12.0,"enemies":"Centurion and Healer","floor":27.0,"turns":3.0},{"damage":13.0,"enemies":"Slavers","floor":28.0,"turns":3.0},{"damage":24,"enemies":"Chosen and Byrds","floor":30,"turns":2},{"damage":9,"enemies":"Book of Stabbing","floor":31,"turns":2},{"damage":57,"enemies":"Collector","floor":33,"turns":3}],"seed_played":"1588495071109785608","potions_obtained":[{"floor":4.0,"key":"FearPotion"},{"floor":7.0,"key":"Explosive Potion"},{"floor":8.0,"key":"EssenceOfSteel"},{"floor":13.0,"key":"Block Potion"},{"floor":14.0,"key":"EssenceOfSteel"}],"is_trial":false,"path_per_floor":["M","?","M","M","$","E","M","E","T","M","R","E","M","M","R","B",null,"M","M","$","?","M","E","R","?","T","M","E","$","M","E","R","B"],"character_chosen":"IRONCLAD","items_purchased":["Meat on the Bone","Armaments","Red Skull","Bronze Scales","Shrug It Off"],"campfire_rested":0,"item_purchase_floors":[5,5,20,29,29],"current_hp_per_floor":[63,63,68,67,67,40,40,28,28,34,34,52,52,58,58,52,67,67,72,72,72,50,50,50,50,50,46,53,53,49,48,48,0,0],"gold":57,"neow_bonus":"TWO_FIFTY_GOLD","is_daily":false,"chose_seed":false,"campfire_upgraded":4,"win_rate":0.0,"timestamp":1609722175,"path_taken":["M","?","M","?","$","E","M","E","T","M","R","E","M","M","R","BOSS","M","M","$","?","?","E","R","?","T","?","E","$","M","E","R","BOSS"],"items_purchased_type":["Relic","Card","Relic","Relic","Card"],"build_version":"2020-12-22","purchased_purges":2,"victory":false,"max_hp_per_floor":[72,72,72,72,72,72,72,72,72,72,72,72,72,72,72,72,72,72,72,72,72,72,72,72,72,72,72,72,72,72,72,72,72,72],"card_choices":[{"not_picked":["Iron Wave","Shockwave"],"picked":"Flex","floor":1.0},{"not_picked":["Disarm","Warcry"],"picked":"Cleave","floor":3.0},{"not_picked":["Cleave","Evolve"],"picked":"Clash","floor":4.0},{"not_picked":["Intimidate","Burning Pact"],"picked":"Bludgeon","floor":6.0},{"not_picked":["Flame Barrier","Clothesline"],"picked":"Clash","floor":7.0},{"not_picked":["Havoc","Headbutt"],"picked":"Clash","floor":8.0},{"not_picked":["Infernal Blade","Second Wind"],"picked":"Power Through","floor":10.0},{"not_picked":["Ghostly Armor","Headbutt"],"picked":"Offering","floor":12.0},{"not_picked":["Shrug It Off","Sword Boomerang","Blood for Blood"],"picked":"SKIP","floor":13.0},{"not_picked":["Warcry","Sword Boomerang"],"picked":"Inflame","floor":14.0},{"not_picked":["Barricade","Juggernaut"],"picked":"Immolate","floor":16.0},{"not_picked":["Havoc","Searing Blow"],"picked":"Dual Wield+1","floor":18.0},{"not_picked":["Carnage","Metallicize"],"picked":"True Grit","floor":19.0},{"not_picked":["Cleave","Entrench"],"picked":"Warcry","floor":22.0},{"not_picked":["Metallicize","Impervious","Heavy Blade+1"],"picked":"SKIP","floor":23.0},{"not_picked":["Body Slam","Infernal Blade","Perfected Strike"],"picked":"SKIP","floor":27.0},{"not_picked":["Intimidate","Rupture"],"picked":"Berserk","floor":28.0},{"not_picked":["Clash","Perfected Strike"],"picked":"Warcry","floor":30},{"not_picked":["Rage","Cleave"],"picked":"Demon Form","floor":31}],"player_experience":454052,"relics_obtained":[{"floor":6.0,"key":"Potion Belt"},{"floor":8.0,"key":"Bag of Preparation"},{"floor":9.0,"key":"PreservedInsect"},{"floor":12.0,"key":"Oddly Smooth Stone"},{"floor":23.0,"key":"Paper Frog"},{"floor":26.0,"key":"Blood Vial"},{"floor":28.0,"key":"Vajra"},{"floor":31,"key":"Art of War"}],"event_choices":[{"damage_healed":0.0,"max_hp_gain":0.0,"max_hp_loss":0.0,"gold_gain":0.0,"event_name":"Upgrade Shrine","player_choice":"Upgraded","floor":2.0,"gold_loss":0.0,"damage_taken":0.0,"cards_upgraded":["Bash"]},{"damage_healed":0.0,"max_hp_gain":0.0,"max_hp_loss":0.0,"gold_gain":0.0,"event_name":"N\u0027loth","player_choice":"Traded Relic","floor":21.0,"relics_lost":["Potion Belt"],"gold_loss":0.0,"damage_taken":0.0,"relics_obtained":["Nloth\u0027s Gift"]},{"damage_healed":0.0,"max_hp_gain":0.0,"max_hp_loss":0.0,"gold_gain":0.0,"event_name":"FaceTrader","player_choice":"Trade","floor":25.0,"gold_loss":0.0,"damage_taken":0.0,"relics_obtained":["SsserpentHead"]}],"is_beta":false,"boss_relics":[{"not_picked":["SacredBark","Ectoplasm"],"picked":"Sozu"}],"items_purged_floors":[5,20],"is_endless":false,"potions_floor_spawned":[4,7,8,13,14,22,27,28,30,31],"killed_by":"Collector","ascension_level":13}}