{"host":"l84l8xigz5v5foa2","time":1609769018,"event":{"mods":["2.2 Compatiblity","AchievementEnabler","BaseMod","Better Note","Better Vampires","Card Filter","Colored Map","DeckTracker","Downfall","Gremlin Skip","Highlight Path","Keyboard Shortcuts","Minty Spire (QoL Compilation)","Permanent Neow","Quick Restart","Relic Filter","Relic Stats","StSLib","SuperFastMode","Transform Curses","Unknown Chances"],"gold_per_floor":[99,119,119,219,232,242,316,316,330,330,357,370,220,220,230,304,304,304,315,326,326,336,336,413,338,366,366,394,394,494,522,538,611,611,611,622,622,413,423,450,450,685,719,719,739,739,739,765,783,783,783,809,27,27,27],"floor_reached":56,"playtime":3215,"items_purged":["hexamod:Strike","hexamod:Strike","hexamod:Defend"],"score":2536,"play_id":"95304aca-24ff-424a-8eee-319743e0c65a","local_time":"20210104230338","is_ascension_mode":true,"campfire_choices":[{"data":"hexamod:Float","floor":1.0,"key":"SMITH"},{"data":"hexamod:EmpoweringStance","floor":8.0,"key":"SMITH"},{"data":"hexamod:HeatMetal","floor":10.0,"key":"SMITH"},{"data":"hexamod:Hexaguard","floor":13.0,"key":"SMITH"},{"floor":18.0,"key":"RECALL"},{"data":"hexamod:GhostOfSpirePast","floor":23.0,"key":"SMITH"},{"data":"hexamod:HauntingEcho","floor":25.0,"key":"SMITH"},{"data":"hexamod:Incineration","floor":27.0,"key":"SMITH"},{"data":"hexamod:EmpoweringStance","floor":35.0,"key":"SMITH"},{"data":"hexamod:Defend","floor":44.0,"key":"SMITH"},{"data":"hexamod:Defend","floor":46.0,"key":"SMITH"},{"data":"expansioncontent:DefensiveStance","floor":54.0,"key":"SMITH"}],"circlet_count":0,"master_deck":["AscendersBane","hexamod:Strike+1","hexamod:Defend+1","hexamod:Defend+1","hexamod:Defend+1","hexamod:Sear","hexamod:Float+1","hexamod:EmpoweringStance+1","hexamod:GhostOfSpirePast+1","hexamod:Hexaguard+1","hexamod:StepThrough","hexamod:HeatMetal+1","hexamod:GhostOfSpirePast","hexamod:GhostOfSpirePast","hexamod:FirstSeal","hexamod:BacktrackSmack","hexamod:HauntingEcho+1","hexamod:StepThrough+1","hexamod:Incineration+1","hexamod:EmpoweringStance+1","expansioncontent:DefensiveStance+1"],"relics":["hexamod:SpiritBrand","Ginger","Torii","downfall:HeartBlessingBlue","downfall:HeartBlessingGreen","hexamod:IceCube","Singing Bowl","downfall:HeartBlessingRed","The Courier","FossilizedHelix","Sundial","Lizard Tail","Whetstone","Runic Pyramid","Toolbox","hexamod:CandleOfCauterizing","Anchor","hexamod:SoulConsumer","Ornamental Fan","Pen Nib","Bag of Preparation","hexamod:BolsterEngine","Toy Ornithopter","TungstenRod"],"acts_visited":["Exordium","TheCity","TheBeyond","TheEnding"],"potions_floor_usage":[55,55],"damage_taken":[{"damage":3.0,"enemies":"2 Louse","floor":2.0,"turns":3.0},{"damage":0.0,"enemies":"Small Slimes","floor":5.0,"turns":3.0},{"damage":0.0,"enemies":"Cultist","floor":6.0,"turns":3.0},{"damage":0.0,"enemies":"Blue Slaver","floor":9.0,"turns":3.0},{"damage":13.0,"enemies":"3 Sentries","floor":11.0,"turns":8.0},{"damage":7.0,"enemies":"3 Louse","floor":12.0,"turns":3.0},{"damage":0.0,"enemies":"Large Slime","floor":15.0,"turns":5.0},{"damage":14.0,"enemies":"downfall:Silent","floor":16.0,"turns":8.0},{"damage":6.0,"enemies":"3 Byrds","floor":19.0,"turns":5.0},{"damage":10.0,"enemies":"Shell Parasite","floor":20.0,"turns":4.0},{"damage":1.0,"enemies":"Centurion and Healer","floor":22.0,"turns":6.0},{"damage":1.0,"enemies":"Book of Stabbing","floor":26.0,"turns":4.0},{"damage":23.0,"enemies":"Gremlin Leader","floor":28.0,"turns":6.0},{"damage":0.0,"enemies":"downfall:Defect","floor":30.0,"turns":4.0},{"damage":2.0,"enemies":"Book of Stabbing","floor":31.0,"turns":5.0},{"damage":0.0,"enemies":"3 Cultists","floor":32.0,"turns":4.0},{"damage":0.0,"enemies":"downfall:Watcher","floor":33.0,"turns":5.0},{"damage":0.0,"enemies":"3 Shapes","floor":36.0,"turns":4.0},{"damage":0.0,"enemies":"downfall:FleeingMerchant","floor":38.0,"turns":4.0},{"damage":9.0,"enemies":"3 Darklings","floor":39.0,"turns":4.0},{"damage":9.0,"enemies":"Reptomancer","floor":40.0,"turns":4.0},{"damage":0.0,"enemies":"downfall:FleeingMerchant","floor":42.0,"turns":4.0},{"damage":0.0,"enemies":"Giant Head","floor":43.0,"turns":4.0},{"damage":0.0,"enemies":"Transient","floor":45.0,"turns":6.0},{"damage":0.0,"enemies":"Nemesis","floor":48.0,"turns":5.0},{"damage":0.0,"enemies":"Jaw Worm Horde","floor":49.0,"turns":4.0},{"damage":3.0,"enemies":"downfall:Defect","floor":50.0,"turns":6.0},{"damage":0.0,"enemies":"downfall:CharBossMerchant","floor":52.0,"turns":6.0},{"damage":16,"enemies":"downfall:NeowBoss","floor":55,"turns":13}],"seed_played":"2313838374665548044","potions_obtained":[{"floor":6.0,"key":"DuplicationPotion"},{"floor":9.0,"key":"Energy Potion"},{"floor":22.0,"key":"LiquidBronze"},{"floor":26.0,"key":"BlessingOfTheForge"},{"floor":28.0,"key":"Regen Potion"},{"floor":31.0,"key":"GamblersBrew"},{"floor":39.0,"key":"DuplicationPotion"},{"floor":40.0,"key":"GamblersBrew"},{"floor":48.0,"key":"PowerPotion"}],"is_trial":false,"path_per_floor":["R","M","?","?","M","M","T","R","M","R","E","M","R","?","M","B",null,"R","M","M","?","M","R","T","R","E","R","E","?","?","E","M","B",null,"R","M","?","$","M","E","T","$","E","R","M","R","?","E","M","B",null,"E","$","R","B",null],"character_chosen":"THE_SPIRIT","items_purchased":["Toolbox","Bag of Preparation","hexamod:BolsterEngine","Toy Ornithopter","TungstenRod","expansioncontent:DefensiveStance"],"campfire_rested":0,"item_purchase_floors":[38,53,53,53,53,53],"current_hp_per_floor":[57,54,36,36,36,36,36,36,36,36,23,16,26,19,26,19,60,60,61,58,58,64,64,64,64,70,70,56,35,56,63,72,79,84,84,88,76,85,85,85,85,94,98,98,100,100,100,102,104,104,104,106,106,106,97],"gold":27,"neow_bonus":"ONE_RANDOM_RARE_CARD","is_daily":false,"chose_seed":false,"campfire_upgraded":11,"win_rate":0.0,"timestamp":1609769018,"path_taken":["R","M","?","?","M","M","T","R","M","R","E","M","R","?","M","BOSS","R","M","M","?","?","R","T","R","E","R","E","?","?","E","M","BOSS","R","M","?","$","?","E","T","?","E","R","M","R","?","E","M","BOSS","E","$","R","BOSS"],"items_purchased_type":["Relic","Relic","Relic","Relic","Relic","Card"],"build_version":"2020-12-22","purchased_purges":3,"victory":true,"max_hp_per_floor":[63,63,63,63,63,63,63,63,63,63,63,63,73,73,73,73,73,73,73,73,73,73,73,73,73,73,73,75,80,82,84,86,86,86,86,88,88,90,92,94,94,96,98,98,100,100,100,102,104,104,104,106,106,106,106],"relic_stats":{"Torii":14,"Singing Bowl":28,"counters":[29,143],"Pen Nib":[4],"Bag of Preparation":[2],"Ginger":[22],"Whetstone":["hexamod:Strike","hexamod:StepThrough"],"Lizard Tail":0,"Sundial":[26],"Ornamental Fan":[84],"obtain_stats":[{"hexamod:CandleOfCauterizing":40,"Torii":11,"Singing Bowl":24,"downfall:HeartBlessingRed":25,"downfall:HeartBlessingGreen":13,"The Courier":26,"Pen Nib":52,"Bag of Preparation":53,"Ginger":3,"Whetstone":31,"Lizard Tail":30,"Anchor":41,"downfall:HeartBlessingBlue":13,"Sundial":30,"Ornamental Fan":48,"Toolbox":38,"hexamod:SoulConsumer":43,"hexamod:BolsterEngine":53,"hexamod:SpiritBrand":0,"hexamod:IceCube":17,"FossilizedHelix":28,"Toy Ornithopter":53,"TungstenRod":53,"Runic Pyramid":34},{"hexamod:CandleOfCauterizing":21,"Torii":5,"Singing Bowl":11,"downfall:HeartBlessingRed":11,"downfall:HeartBlessingGreen":6,"The Courier":12,"Pen Nib":28,"Bag of Preparation":28,"Ginger":1,"Whetstone":15,"Lizard Tail":14,"Anchor":21,"downfall:HeartBlessingBlue":6,"Sundial":14,"Ornamental Fan":25,"Toolbox":19,"hexamod:SoulConsumer":23,"hexamod:BolsterEngine":28,"hexamod:SpiritBrand":0,"hexamod:IceCube":8,"FossilizedHelix":13,"Toy Ornithopter":28,"TungstenRod":28,"Runic Pyramid":17},{"hexamod:CandleOfCauterizing":95,"Torii":20,"Singing Bowl":51,"downfall:HeartBlessingRed":51,"downfall:HeartBlessingGreen":23,"The Courier":55,"Pen Nib":130,"Bag of Preparation":130,"Ginger":3,"Whetstone":70,"Lizard Tail":65,"Anchor":95,"downfall:HeartBlessingBlue":23,"Sundial":65,"Ornamental Fan":114,"Toolbox":87,"hexamod:SoulConsumer":103,"hexamod:BolsterEngine":130,"hexamod:SpiritBrand":0,"hexamod:IceCube":36,"FossilizedHelix":61,"Toy Ornithopter":130,"TungstenRod":130,"Runic Pyramid":79}],"Toy Ornithopter":0,"TungstenRod":1},"card_choices":[{"not_picked":["hexamod:BurningTouch","hexamod:GhostShield"],"picked":"hexamod:GhostOfSpirePast","floor":2.0},{"not_picked":["hexamod:BurningTouch","hexamod:Again"],"picked":"hexamod:Hexaguard","floor":5.0},{"not_picked":["hexamod:SwordOfDarkness","hexamod:RecurringNightmare"],"picked":"hexamod:StepThrough","floor":6.0},{"not_picked":["hexamod:NightmareStrike","hexamod:GhostLash"],"picked":"hexamod:HeatMetal","floor":9.0},{"not_picked":["hexamod:ChargedBarrage","hexamod:FastForward"],"picked":"hexamod:GhostOfSpirePast","floor":11.0},{"not_picked":["hexamod:GhostShield","hexamod:BurningTouch"],"picked":"hexamod:GhostOfSpirePast","floor":12.0},{"not_picked":["hexamod:Firestarter","hexamod:InspiringFlames"],"picked":"hexamod:BacktrackSmack","floor":15.0},{"not_picked":["hexamod:GhostLash","hexamod:AdvancingGuard"],"picked":"hexamod:HauntingEcho","floor":19.0},{"not_picked":["hexamod:GhostLash+1","hexamod:FlamesFromBeyond","hexamod:SwordOfDarkness"],"picked":"SKIP","floor":20.0},{"not_picked":["hexamod:AdvancingGuard","hexamod:RetreatToShadows"],"picked":"hexamod:StepThrough","floor":22.0},{"not_picked":["hexamod:GhostLash+1","hexamod:ChargedBarrage"],"picked":"hexamod:Incineration","floor":26.0},{"not_picked":["hexamod:ExtraCrispy","hexamod:BurningTouch","hexamod:Incineration"],"picked":"Singing Bowl","floor":28.0},{"not_picked":["hexamod:EtherealExpedition+1","hexamod:BacktrackSmack+1","hexamod:NecessarySacrifice"],"picked":"Singing Bowl","floor":30.0},{"not_picked":["hexamod:Firestarter+1","hexamod:CrushingStance","hexamod:NightmareStrike"],"picked":"Singing Bowl","floor":31.0},{"not_picked":["hexamod:SwordOfDarkness","hexamod:HeatMetal","hexamod:ThermalTransfer"],"picked":"Singing Bowl","floor":32.0},{"not_picked":["hexamod:ParanormalForm","hexamod:FifthSeal"],"picked":"hexamod:EmpoweringStance","floor":33.0},{"not_picked":["hexamod:NightmareStrike","hexamod:EmpoweredFlame+1","hexamod:RainOfEmbers+1"],"picked":"Singing Bowl","floor":36.0},{"not_picked":["hexamod:ShieldOfDarkness","hexamod:GhostflameInferno","hexamod:ChargedBarrage+1"],"picked":"Singing Bowl","floor":38.0},{"not_picked":["hexamod:Haunt+1","hexamod:GhostLash","hexamod:RadiantFlame+1"],"picked":"Singing Bowl","floor":39.0},{"not_picked":["hexamod:GhostLash","hexamod:RadiantFlame+1","hexamod:AdvancingGuard+1"],"picked":"Singing Bowl","floor":40.0},{"not_picked":["hexamod:FastForward","hexamod:AdvancingGuard","hexamod:GhostShield"],"picked":"Singing Bowl","floor":42.0},{"not_picked":["hexamod:SpectersWail","hexamod:RadiantFlame","hexamod:EtherealExpedition+1"],"picked":"Singing Bowl","floor":43.0},{"not_picked":["hexamod:CatchUp","hexamod:StepThrough+1","hexamod:ShieldOfDarkness"],"picked":"Singing Bowl","floor":45.0},{"not_picked":["hexamod:VolcanoVisage","hexamod:SwordOfDarkness","hexamod:PhantomCloak"],"picked":"Singing Bowl","floor":48.0},{"not_picked":["hexamod:SecondSeal","hexamod:HeatShield","hexamod:NightmareGuise+1"],"picked":"Singing Bowl","floor":49.0},{"not_picked":["hexamod:AdvancingGuard","hexamod:SwordOfDarkness","hexamod:BurningTouch"],"picked":"Singing Bowl","floor":52.0}],"player_experience":2846115,"relics_obtained":[{"floor":11.0,"key":"Torii"},{"floor":24.0,"key":"Singing Bowl"},{"floor":26.0,"key":"The Courier"},{"floor":28.0,"key":"FossilizedHelix"},{"floor":30.0,"key":"Sundial"},{"floor":30.0,"key":"Lizard Tail"},{"floor":31.0,"key":"Whetstone"},{"floor":40.0,"key":"hexamod:CandleOfCauterizing"},{"floor":41.0,"key":"Anchor"},{"floor":43.0,"key":"hexamod:SoulConsumer"},{"floor":48.0,"key":"Ornamental Fan"},{"floor":52.0,"key":"Pen Nib"}],"event_choices":[{"damage_healed":0.0,"max_hp_gain":0.0,"max_hp_loss":0.0,"gold_gain":0.0,"event_name":"Scrap Ooze","player_choice":"Success","floor":3.0,"gold_loss":0.0,"damage_taken":18.0,"relics_obtained":["Ginger"]},{"cards_removed":["Slimebound:Icky"],"damage_healed":0.0,"max_hp_gain":0.0,"max_hp_loss":0.0,"gold_gain":0.0,"event_name":"Wheel of Change","player_choice":"Card Removal","floor":21.0,"gold_loss":0.0,"damage_taken":0.0}],"is_beta":false,"boss_relics":[{"not_picked":["Sozu","Astrolabe"],"picked":"hexamod:IceCube"},{"not_picked":["Pandora\u0027s Box","SlaversCollar"],"picked":"Runic Pyramid"}],"items_purged_floors":[38,42,53],"is_endless":false,"potions_floor_spawned":[6,9,22,26,28,31,39,40,43,48],"ascension_level":20}}