{"host":"qekv59dthhdg54sz","time":1609756443,"event":{"mods":["AchievementEnabler","BaseMod","Colored Map","DeckTracker","KOR Keyword Fix","Minty Spire (QoL Compilation)","Rare Cards Sparkle","StSLib","SuperFastMode"],"gold_per_floor":[113,113,113,125,125,125,145,173,173,98,98,122,136,136,136,215,215,234,266,14,14,14,14,26,26,26,26,36,47,76,13,13,13,13],"floor_reached":33,"playtime":794,"items_purged":["Strike_G","Strike_G","Defend_G"],"score":562,"play_id":"5251c81b-fced-430a-a2ef-ce189231a285","local_time":"20210104193403","is_ascension_mode":true,"campfire_choices":[{"data":"Quick Slash","floor":6.0,"key":"SMITH"},{"floor":11.0,"key":"REST"},{"data":"Finisher","floor":15.0,"key":"SMITH"},{"data":"Storm of Steel","floor":23.0,"key":"SMITH"},{"data":"Backflip","floor":25.0,"key":"SMITH"},{"floor":32,"key":"REST"}],"circlet_count":0,"master_deck":["AscendersBane","Strike_G","Defend_G","Defend_G","Defend_G","Defend_G","Survivor","Neutralize+1","Quick Slash+1","Backstab","Dagger Throw","Dagger Spray","Terror","Finisher+1","Glass Knife","Acrobatics","Backflip+1","Storm of Steel+1","Well Laid Plans","Blur","Blade Dance"],"relics":["Ring of the Snake","Darkstone Periapt","Matryoshka","Eternal Feather","Kunai","Odd Mushroom","Pantograph","Shuriken","Red Mask","Membership Card","Mummified Hand","Regal Pillow"],"acts_visited":["Exordium","TheCity"],"potions_floor_usage":[30,33],"damage_taken":[{"damage":7.0,"enemies":"Jaw Worm","floor":1.0,"turns":7.0},{"damage":2.0,"enemies":"Small Slimes","floor":4.0,"turns":5.0},{"damage":0.0,"enemies":"2 Louse","floor":7.0,"turns":3.0},{"damage":26.0,"enemies":"Gremlin Nob","floor":8.0,"turns":5.0},{"damage":7.0,"enemies":"The Mushroom Lair","floor":12.0,"turns":3.0},{"damage":4.0,"enemies":"Exordium Wildlife","floor":13.0,"turns":3.0},{"damage":1.0,"enemies":"Hexaghost","floor":16.0,"turns":9.0},{"damage":0.0,"enemies":"Spheric Guardian","floor":18.0,"turns":3.0},{"damage":12.0,"enemies":"Masked Bandits","floor":19.0,"turns":3.0},{"damage":12.0,"enemies":"Chosen","floor":24.0,"turns":4.0},{"damage":0.0,"enemies":"Book of Stabbing","floor":27.0,"turns":1.0},{"damage":0.0,"enemies":"Snecko","floor":28.0,"turns":2.0},{"damage":23.0,"enemies":"3 Cultists","floor":29.0,"turns":5.0},{"damage":21,"enemies":"Slavers","floor":30,"turns":7},{"damage":59,"enemies":"Collector","floor":33,"turns":8}],"seed_played":"-6302645439681305476","potions_obtained":[{"floor":7.0,"key":"EssenceOfSteel"},{"floor":8.0,"key":"Swift Potion"},{"floor":16.0,"key":"Strength Potion"},{"floor":24.0,"key":"SmokeBomb"},{"floor":29.0,"key":"Dexterity Potion"},{"floor":30,"key":"Energy Potion"}],"is_trial":false,"path_per_floor":["M","?","?","M","?","R","M","E","T","$","R","?","M","T","R","B",null,"M","?","$","?","?","R","M","R","T","E","M","M","E","$","R","B"],"character_chosen":"THE_SILENT","items_purchased":["Membership Card","Storm of Steel"],"campfire_rested":2,"item_purchase_floors":[20,20],"current_hp_per_floor":[52,45,45,43,32,32,32,6,6,6,31,24,20,20,29,53,63,63,51,51,51,51,63,51,63,63,63,63,40,19,19,65,7,7],"gold":13,"neow_bonus":"UPGRADE_CARD","is_daily":false,"chose_seed":true,"campfire_upgraded":4,"win_rate":0.0,"timestamp":1609756443,"path_taken":["M","?","?","M","?","R","M","E","T","$","R","?","?","?","R","BOSS","M","?","$","?","?","R","M","R","T","E","M","M","E","$","R","BOSS"],"items_purchased_type":["Relic","Card"],"build_version":"2020-12-22","purchased_purges":3,"victory":false,"max_hp_per_floor":[66,66,66,66,66,66,66,66,66,66,66,66,66,66,66,66,66,66,66,66,66,66,66,66,66,66,66,66,66,66,66,66,66,66],"card_choices":[{"not_picked":["Sucker Punch","Setup"],"picked":"Quick Slash","floor":1.0},{"not_picked":["Flying Knee","Crippling Poison"],"picked":"Backstab","floor":4.0},{"not_picked":["Dagger Spray","PiercingWail"],"picked":"Dagger Throw","floor":7.0},{"not_picked":["Accuracy","Terror"],"picked":"Dagger Spray","floor":8.0},{"not_picked":["Expertise","Reflex"],"picked":"Terror","floor":12.0},{"not_picked":["Deflect","Dodge and Roll"],"picked":"Finisher","floor":13.0},{"not_picked":["Unload","Die Die Die"],"picked":"Glass Knife","floor":16.0},{"not_picked":["Dodge and Roll","Endless Agony"],"picked":"Acrobatics","floor":18.0},{"not_picked":["Flechettes","Masterful Stab"],"picked":"Backflip","floor":19.0},{"not_picked":["Heel Hook","Flechettes","Prepared"],"picked":"SKIP","floor":24.0},{"not_picked":["Acrobatics","Bane"],"picked":"Blur","floor":28.0},{"not_picked":["Slice","PiercingWail","Finisher"],"picked":"SKIP","floor":29.0},{"not_picked":["Dagger Spray","Dodge and Roll"],"picked":"Blade Dance","floor":30}],"player_experience":751785,"relics_obtained":[{"floor":8.0,"key":"Matryoshka"},{"floor":9.0,"key":"Eternal Feather"},{"floor":9.0,"key":"Kunai"},{"floor":12.0,"key":"Odd Mushroom"},{"floor":14.0,"key":"Pantograph"},{"floor":14.0,"key":"Shuriken"},{"floor":19.0,"key":"Red Mask"},{"floor":26.0,"key":"Mummified Hand"},{"floor":30,"key":"Regal Pillow"}],"event_choices":[{"cards_removed":["Strike_G"],"damage_healed":0.0,"max_hp_gain":0.0,"max_hp_loss":0.0,"gold_gain":0.0,"event_name":"Golden Wing","player_choice":"Card Removal","floor":2.0,"gold_loss":0.0,"damage_taken":7.0},{"cards_removed":["Strike_G"],"damage_healed":0.0,"max_hp_gain":0.0,"max_hp_loss":0.0,"gold_gain":0.0,"event_name":"Living Wall","player_choice":"Forget","floor":3.0,"gold_loss":0.0,"damage_taken":0.0},{"damage_healed":0.0,"max_hp_gain":0.0,"max_hp_loss":0.0,"gold_gain":0.0,"event_name":"Scrap Ooze","player_choice":"Success","floor":5.0,"gold_loss":0.0,"damage_taken":11.0,"relics_obtained":["Darkstone Periapt"]},{"damage_healed":0.0,"max_hp_gain":0.0,"max_hp_loss":0.0,"gold_gain":0.0,"event_name":"Mushrooms","player_choice":"Fought Mushrooms","floor":12.0,"gold_loss":0.0,"damage_taken":0.0},{"damage_healed":0.0,"max_hp_gain":0.0,"max_hp_loss":0.0,"gold_gain":0.0,"event_name":"Masked Bandits","player_choice":"Fought Bandits","floor":19.0,"gold_loss":0.0,"damage_taken":0.0},{"damage_healed":0.0,"max_hp_gain":0.0,"max_hp_loss":0.0,"gold_gain":0.0,"event_name":"The Library","player_choice":"Read","floor":21.0,"gold_loss":0.0,"damage_taken":0.0,"cards_obtained":["Well Laid Plans"]},{"damage_healed":0.0,"max_hp_gain":0.0,"max_hp_loss":0.0,"gold_gain":0.0,"event_name":"Match and Keep!","player_choice":"0 cards matched","floor":22.0,"gold_loss":0.0,"damage_taken":0.0,"cards_obtained":[]}],"is_beta":false,"boss_relics":[{"not_picked":["Snecko Eye","Calling Bell","Velvet Choker"]}],"items_purged_floors":[10,20,31],"is_endless":false,"potions_floor_spawned":[7,8,16,24,29,30],"killed_by":"Collector","ascension_level":20}}