{"host":"6azrrw3tf7wb0f4b","time":1609780459,"event":{"mods":["BaseMod","DeckTracker","Minty Spire (QoL Compilation)","SuperFastMode"],"gold_per_floor":[109,126,139,154,154,154,181,181,181,192,208,223,291,303,303,379,379,393,354,364,279,299,299,326,326,349,292,292,292],"floor_reached":28,"playtime":605,"items_purged":[],"score":448,"play_id":"b48fb4ff-9c77-4b8a-9c30-b73f0eefd4da","local_time":"20210105021419","is_ascension_mode":true,"campfire_choices":[{"data":"Body Slam","floor":6,"key":"SMITH"},{"floor":8,"key":"REST"},{"floor":15,"key":"REST"},{"data":"Armaments","floor":23,"key":"SMITH"}],"circlet_count":0,"master_deck":["AscendersBane","Strike_R","Strike_R","Strike_R","Strike_R","Strike_R","Defend_R","Defend_R","Defend_R","Defend_R","Bash","Blind","Clothesline","Body Slam+1","Reaper","Seeing Red","Blood for Blood","Sever Soul","Armaments+1","Fiend Fire","Battle Trance","Disarm"],"relics":["Burning Blood","CaptainsWheel","Mercury Hourglass","Mummified Hand","Snecko Eye","Blue Candle","Ginger","Orichalcum"],"acts_visited":["Exordium","TheCity"],"potions_floor_usage":[4,4],"damage_taken":[{"damage":1,"enemies":"2 Louse","floor":1,"turns":4},{"damage":4,"enemies":"Cultist","floor":2,"turns":4},{"damage":15,"enemies":"Small Slimes","floor":3,"turns":4},{"damage":0,"enemies":"2 Fungi Beasts","floor":4,"turns":3},{"damage":53,"enemies":"Gremlin Nob","floor":7,"turns":6},{"damage":25,"enemies":"Exordium Wildlife","floor":10,"turns":4},{"damage":25,"enemies":"Gremlin Gang","floor":11,"turns":4},{"damage":15,"enemies":"Blue Slaver","floor":12,"turns":5},{"damage":6,"enemies":"3 Louse","floor":14,"turns":2},{"damage":31,"enemies":"The Guardian","floor":16,"turns":12},{"damage":0,"enemies":"Chosen","floor":18,"turns":2},{"damage":9,"enemies":"3 Byrds","floor":20,"turns":5},{"damage":9,"enemies":"Cultist and Chosen","floor":22,"turns":4},{"damage":74,"enemies":"Slavers","floor":24,"turns":7},{"damage":14,"enemies":"Shelled Parasite and Fungi","floor":28,"turns":1}],"seed_played":"-403044156819914092","potions_obtained":[{"floor":1,"key":"Block Potion"},{"floor":2,"key":"Explosive Potion"},{"floor":7,"key":"ElixirPotion"},{"floor":12,"key":"FearPotion"}],"is_trial":false,"path_per_floor":["M","M","M","M","?","R","E","R","T","M","M","M","T","M","R","B",null,"M","$","M","?","M","R","E","?","T","$","M"],"character_chosen":"IRONCLAD","items_purchased":["Battle Trance","PowerPotion"],"campfire_rested":2,"item_purchase_floors":[19,27],"current_hp_per_floor":[73,75,66,72,72,72,25,47,47,33,23,18,18,18,40,21,62,68,68,71,71,73,73,14,14,14,14,0,0],"gold":292,"neow_bonus":"RANDOM_COLORLESS","is_daily":false,"chose_seed":false,"campfire_upgraded":2,"win_rate":0.0,"timestamp":1609780459,"path_taken":["M","M","M","M","?","R","E","R","T","M","M","?","?","M","R","BOSS","M","$","M","?","M","R","E","?","T","?","?"],"items_purchased_type":["Card","Potion"],"build_version":"2020-12-22","purchased_purges":0,"victory":false,"max_hp_per_floor":[75,75,75,75,75,75,75,75,75,75,75,75,75,75,75,75,75,75,75,75,75,75,75,75,75,75,75,75,75],"card_choices":[{"not_picked":["Jack Of All Trades","Discovery"],"picked":"Blind","floor":0},{"not_picked":["Second Wind","Cleave"],"picked":"Clothesline","floor":1},{"not_picked":["Combust","Intimidate"],"picked":"Body Slam","floor":2},{"not_picked":["Warcry","True Grit"],"picked":"Reaper","floor":3},{"not_picked":["Cleave","Perfected Strike"],"picked":"Seeing Red","floor":4},{"not_picked":["Power Through","Metallicize"],"picked":"Blood for Blood","floor":7},{"not_picked":["Thunderclap","Heavy Blade"],"picked":"Sever Soul","floor":10},{"not_picked":["Dropkick","Twin Strike","Bloodletting"],"picked":"SKIP","floor":11},{"not_picked":["Exhume","True Grit"],"picked":"Armaments","floor":12},{"not_picked":["Perfected Strike","Heavy Blade","Clash"],"picked":"SKIP","floor":14},{"not_picked":["Bludgeon","Berserk"],"picked":"Fiend Fire","floor":16},{"not_picked":["Iron Wave","Headbutt+1","Thunderclap"],"picked":"SKIP","floor":18},{"not_picked":["Wild Strike","Sword Boomerang","Rampage"],"picked":"SKIP","floor":20},{"not_picked":["Thunderclap","True Grit"],"picked":"Disarm","floor":22},{"not_picked":["Juggernaut","Wild Strike+1","Iron Wave"],"picked":"SKIP","floor":24}],"player_experience":671729,"relics_obtained":[{"floor":7,"key":"CaptainsWheel"},{"floor":9,"key":"Mercury Hourglass"},{"floor":13,"key":"Mummified Hand"},{"floor":24,"key":"Ginger"},{"floor":26,"key":"Orichalcum"}],"event_choices":[{"damage_healed":0,"gold_gain":0,"player_choice":"0 cards matched","damage_taken":0,"max_hp_gain":0,"max_hp_loss":0,"event_name":"Match and Keep!","floor":5,"gold_loss":0,"cards_obtained":[]},{"damage_healed":0,"gold_gain":0,"player_choice":"Obtained Relic","damage_taken":0,"relics_obtained":["Blue Candle"],"max_hp_gain":0,"max_hp_loss":0,"event_name":"Addict","floor":21,"gold_loss":85},{"damage_healed":0,"gold_gain":0,"player_choice":"Ignored","damage_taken":0,"max_hp_gain":0,"max_hp_loss":0,"event_name":"Ghosts","floor":25,"gold_loss":0}],"is_beta":false,"boss_relics":[{"not_picked":["Busted Crown","Pandora\u0027s Box"],"picked":"Snecko Eye"}],"items_purged_floors":[],"is_endless":false,"potions_floor_spawned":[1,2,7,12,20],"killed_by":"Shelled Parasite and Fungi","ascension_level":17}}