{"host":"pcbz64t4k17ey4z1","time":1609786199,"event":{"mods":["2.2 Compatiblity","AchievementEnabler","Act Like it!","Aspiration","BaseMod","Beaked The Cultist","Better Match","Better Third Choice","BetterRewards","Card Forge","Colored Map","Colored Powertips","Conspire","Disable Question Mark Monsters","Fireblade Mod","Friendly Minions","Gensokyo","GifTheSpireLib","Glutton Mod","Googly Eyes","Gremlin Mod","Hermit","Hubris","Infinite Spire","Koishi","Marisa????????","Minty Spire (QoL Compilation)","Permanent Neow","Potionbrewer","Quick Restart","Random Character Button","Rare Cards Sparkle","Relic Filter","Replay The Spire","Robot Space Explorer","Shade Mod","Shop Mod","Small Relic Pack","Spicy Shops","StSLib","Stuff the Spire","SuperFastMode","The Animator","The Cursed","The Druid","The Gatherer","The Hierophant","The IronCluck","The Jungle","The Marked","The Runesmith","Virulent Crown","Waifu the Spire","Wandering Minibosses","vexMod"],"gold_per_floor":[114,114,114,127,143,243,359,475,475,475,620,769,787,900,900,1011,1011,1034,1054,1054,1079,1089,1214,1214,1237,1264,1280,1280,1334,1362,1362,1362],"floor_reached":31,"playtime":2875,"items_purged":[],"score":665,"play_id":"592bdf35-3e82-4da7-acbe-a9cca94ffc65","local_time":"20210104184959","is_ascension_mode":true,"campfire_choices":[{"data":"Glutton:GnawingHunger","floor":10,"key":"SMITH"},{"data":"Glutton:Rest","floor":15,"key":"SMITH"},{"data":"Glutton:Revivification","floor":28,"key":"SMITH"}],"circlet_count":0,"master_deck":["Glutton:Defend","Glutton:Defend","Glutton:Defend","Glutton:Flail+1","Glutton:Rest+1","Glutton:Masochism+1","Finesse","Glutton:Voracity+1","Glutton:GnawingHunger+1","Glutton:Misery","Glutton:Hemophilia","Glutton:Revivification+1","Glutton:GoldenArmor","Glutton:FeverVisions","Glutton:Bite","Glutton:Fast","Glutton:Slam","Glutton:Thrombosis","Glutton:Chomp+1","Glutton:Masochism","Glutton:Dispepsia","Glutton:EatAlive"],"relics":["Glutton:EternalHunger","Hammer of Thor","Seething Fire","Anvil of the Gods","Membership Card","StuffTheSpire:TintedRock","Glutton:Lollipop","Oddly Smooth Stone","Matryoshka","Ice Cream","infinitespire:Satchel","Orichalcum","WingedGreaves","ClockworkSouvenir","Meat on the Bone","StoneCalendar","Gensokyo:NagashiBinaDoll","infinitespire:BottledMercury","infinitespire:Beetle Shell","Regal Pillow","conspire:Dentures","CeramicFish","MealTicket","Whetstone","Runesmith:AutoHammer","Sozu","Bag of Preparation","hubris:Icosahedron","Bronze Scales","Question Card","Lantern"],"acts_visited":["Gensokyo:Gensokyo","Gensokyo:Gensokyoer"],"potions_floor_usage":[6,6,14,16,16,23],"damage_taken":[{"damage":0,"enemies":"Gensokyo:Python","floor":1,"turns":4},{"damage":8,"enemies":"Gensokyo:3_Fairies","floor":4,"turns":6},{"damage":19,"enemies":"Gensokyo:Gryphon","floor":5,"turns":4},{"damage":16,"enemies":"Gensokyo:Cirno","floor":6,"turns":6},{"damage":75,"enemies":"Gensokyo:Aya","floor":7,"turns":7},{"damage":38,"enemies":"Gensokyo:Cirno","floor":8,"turns":6},{"damage":55,"enemies":"Gensokyo:Mamizou","floor":11,"turns":7},{"damage":51,"enemies":"Gensokyo:Cirno","floor":12,"turns":6},{"damage":26,"enemies":"Gensokyo:VengefulSpirit","floor":13,"turns":4},{"damage":29,"enemies":"Gensokyo:Aya","floor":14,"turns":7},{"damage":75,"enemies":"Gensokyo:Yukari","floor":16,"turns":8},{"damage":28,"enemies":"Gensokyo:AngelMirror","floor":18,"turns":4},{"damage":38,"enemies":"Gensokyo:Chomper","floor":19,"turns":4},{"damage":49,"enemies":"Gensokyo:Swordslinger","floor":21,"turns":4},{"damage":54,"enemies":"Gensokyo:Chomper_and_Gloop","floor":22,"turns":6},{"damage":106,"enemies":"Gensokyo:Tenshi","floor":23,"turns":4},{"damage":51,"enemies":"Gensokyo:Wraith","floor":25,"turns":4},{"damage":61,"enemies":"Gensokyo:Slime_Group","floor":27,"turns":4},{"damage":85,"enemies":"Gensokyo:Koishi","floor":29,"turns":6},{"damage":63,"enemies":"Gensokyo:Monolith_and_Dog","floor":30,"turns":5},{"damage":114,"enemies":"Nightmare","floor":31,"turns":7}],"seed_played":"6136531005835138993","potions_obtained":[{"floor":1,"key":"ColorlessPotion"},{"floor":4,"key":"Explosive Potion"},{"floor":12,"key":"potionbrewer:SplittingPotion"},{"floor":13,"key":"Block Potion"},{"floor":16,"key":"Energy Potion"}],"is_trial":false,"path_per_floor":["M","?","COS","M","M","E","E","E","T","R","E","E","M","?","R","B",null,"M","M","?","M","M","E","?","M","T","M","R","E","M","NM"],"character_chosen":"GLUTTON","items_purchased":["Membership Card","StuffTheSpire:TintedRock","Glutton:Lollipop","Oddly Smooth Stone","Matryoshka","Glutton:Rest","Glutton:Masochism+1","infinitespire:Satchel","Orichalcum","Finesse","ClockworkSouvenir","Meat on the Bone"],"campfire_rested":0,"item_purchase_floors":[0,0,0,0,0,0,0,0,0,0,0,0],"current_hp_per_floor":[118,118,118,120,111,115,72,66,66,66,68,73,79,76,76,80,110,104,101,101,72,86,72,72,52,52,62,62,36,43,0,0],"gold":1362,"neow_bonus":"","is_daily":false,"chose_seed":false,"campfire_upgraded":3,"win_rate":0.0,"timestamp":1609786199,"path_taken":["M","?","COS","M","M","E","E","E","T","R","E","E","M","?","R","BOSS","M","M","?","M","M","E","?","M","T","M","R","E","M","NM"],"items_purchased_type":["Relic","Relic","Relic","Relic","Relic","Card","Card","Relic","Relic","Card","Relic","Relic"],"build_version":"2020-12-22","purchased_purges":0,"victory":false,"max_hp_per_floor":[120,120,120,120,120,120,120,120,120,120,120,120,120,120,120,120,120,120,120,120,120,120,120,120,120,120,120,120,120,120,127,127],"card_choices":[{"not_picked":["Glutton:Profligacy","Glutton:Salivate"],"picked":"Glutton:Voracity","floor":1},{"not_picked":["Glutton:Regurgitate","Glutton:Migraine"],"picked":"Glutton:GnawingHunger","floor":4},{"not_picked":["Glutton:Rest","Glutton:Brace","Glutton:Yearn"],"picked":"SKIP","floor":5},{"not_picked":["Glutton:Salivate","Glutton:Bite","Glutton:Misery"],"picked":"SKIP","floor":6},{"not_picked":["Glutton:Salivate","Glutton:Bite"],"picked":"Glutton:Misery","floor":6},{"not_picked":["Glutton:LashOut","Glutton:Torment"],"picked":"Glutton:Hemophilia","floor":7},{"not_picked":["Glutton:Treat","Glutton:Yearn"],"picked":"Glutton:Revivification","floor":8},{"not_picked":["Glutton:BellySlam","Glutton:DecrepitStrike"],"picked":"Glutton:GoldenArmor","floor":11},{"not_picked":["Glutton:ToxicResidue","Glutton:Regurgitate"],"picked":"Glutton:FeverVisions","floor":12},{"not_picked":["Glutton:PainMeditation","Glutton:Salivate","Glutton:GnawingHunger"],"picked":"SKIP","floor":13},{"not_picked":["Glutton:Reminisce","Glutton:Misery"],"picked":"Glutton:Bite","floor":14},{"not_picked":["Glutton:Malignancy","Glutton:FragileMight"],"picked":"Glutton:Fast","floor":16},{"not_picked":["Glutton:Devour","Glutton:Scab"],"picked":"Glutton:Slam","floor":18},{"not_picked":["Glutton:Toxicity","Glutton:Feast"],"picked":"Glutton:Thrombosis","floor":19},{"not_picked":["Glutton:SelfFlagellate+1","Glutton:Demolish"],"picked":"Glutton:Chomp+1","floor":21},{"not_picked":["Glutton:Brace","Glutton:Demolish","Glutton:Feed"],"picked":"SKIP","floor":22},{"not_picked":["Glutton:FragileMight","Glutton:ShareWeakness"],"picked":"Glutton:Masochism","floor":23},{"not_picked":["Glutton:Feed","Glutton:GnawingHunger"],"picked":"Glutton:Dispepsia","floor":25},{"not_picked":["Glutton:Salivate","Glutton:ObsessiveGreed","Glutton:Slam","Glutton:PainMeditation"],"picked":"SKIP","floor":27},{"not_picked":["Glutton:Fever","Glutton:SelfFlagellate","Glutton:ObsessiveGreed","Glutton:Slam"],"picked":"SKIP","floor":29},{"not_picked":["Glutton:PainMeditation+1","Glutton:Feast","Glutton:Salivate"],"picked":"Glutton:EatAlive","floor":30}],"player_experience":3845953,"relics_obtained":[{"floor":6,"key":"infinitespire:BottledMercury"},{"floor":7,"key":"infinitespire:Beetle Shell"},{"floor":8,"key":"Regal Pillow"},{"floor":9,"key":"conspire:Dentures"},{"floor":9,"key":"CeramicFish"},{"floor":11,"key":"MealTicket"},{"floor":12,"key":"Whetstone"},{"floor":14,"key":"Runesmith:AutoHammer"},{"floor":23,"key":"Bag of Preparation"},{"floor":26,"key":"Bronze Scales"},{"floor":26,"key":"Question Card"},{"floor":29,"key":"Lantern"}],"event_choices":[],"is_beta":false,"boss_relics":[{"not_picked":["hubris:RunicObelisk","aspiration:SecretTechniqueScroll"],"picked":"Sozu"}],"items_purged_floors":[],"is_endless":false,"potions_floor_spawned":[1,4,12,13,16,18,22,23,27,30],"killed_by":"Nightmare","ascension_level":6}}