{"host":"gkp57zoegrd3f2ij","time":1609781918,"event":{"mods":["BaseMod","Colored Map","Colored Powertips","Minty Spire (QoL Compilation)","StSLib"],"gold_per_floor":[114,131,131,131,150,176,186,204,204,1,1,18,52,63,63,166,166,147,147,160,180,95,123,133,149,149,74,74,74,74,84,84,84,84],"floor_reached":33,"playtime":3023,"items_purged":["Strike_R"],"score":340,"play_id":"817d3764-26c7-41f9-903c-9fd5bb65bf8f","local_time":"20210104183838","is_ascension_mode":true,"campfire_choices":[{"floor":11,"key":"REST"},{"floor":15,"key":"REST"},{"floor":30,"key":"REST"},{"floor":32,"key":"REST"}],"circlet_count":0,"master_deck":["Strike_R","Strike_R","Strike_R","Defend_R","Defend_R+1","Defend_R","Defend_R+1","Bash","Clothesline","Ghostly Armor","Iron Wave+1","Headbutt","Pommel Strike","Thunderclap","Inflame","Shrug It Off","Inflame","RitualDagger","Uppercut","Rage+1","Twin Strike+1","Body Slam","Feel No Pain"],"relics":["Burning Blood","NeowsBlessing","Torii","Ornamental Fan","Paper Frog","Oddly Smooth Stone","War Paint","Velvet Choker","Pen Nib","Ice Cream","Dead Branch"],"acts_visited":["Exordium","TheCity"],"potions_floor_usage":[6,7,13,23,27,29],"damage_taken":[{"damage":0,"enemies":"Small Slimes","floor":1,"turns":1},{"damage":0,"enemies":"2 Louse","floor":2,"turns":1},{"damage":0,"enemies":"Cultist","floor":5,"turns":1},{"damage":51,"enemies":"3 Sentries","floor":6,"turns":13},{"damage":11,"enemies":"Red Slaver","floor":7,"turns":6},{"damage":10,"enemies":"Large Slime","floor":8,"turns":8},{"damage":1,"enemies":"Looter","floor":12,"turns":4},{"damage":14,"enemies":"Gremlin Nob","floor":13,"turns":6},{"damage":14,"enemies":"Red Slaver","floor":14,"turns":3},{"damage":21,"enemies":"The Guardian","floor":16,"turns":14},{"damage":15,"enemies":"2 Thieves","floor":18,"turns":4},{"damage":1,"enemies":"3 Byrds","floor":20,"turns":6},{"damage":0,"enemies":"Snecko","floor":21,"turns":5},{"damage":24,"enemies":"Gremlin Leader","floor":23,"turns":7},{"damage":13,"enemies":"Sentry and Sphere","floor":24,"turns":5},{"damage":29,"enemies":"Cultist and Chosen","floor":25,"turns":6},{"damage":0,"enemies":"3 Cultists","floor":29,"turns":2},{"damage":28,"enemies":"Snake Plant","floor":31,"turns":5},{"damage":96,"enemies":"Collector","floor":33,"turns":10}],"seed_played":"-1969931193333097342","potions_obtained":[{"floor":2,"key":"Regen Potion"},{"floor":6,"key":"Swift Potion"},{"floor":7,"key":"Block Potion"},{"floor":8,"key":"BloodPotion"},{"floor":21,"key":"ColorlessPotion"},{"floor":24,"key":"SmokeBomb"}],"is_trial":false,"path_per_floor":["M","M","?","?","M","E","M","M","T","$","R","M","E","M","R","B",null,"M","?","M","M","?","E","M","M","T","$","?","M","R","M","R","B"],"character_chosen":"IRONCLAD","items_purchased":["Oddly Smooth Stone","Pommel Strike"],"campfire_rested":4,"item_purchase_floors":[10,10],"current_hp_per_floor":[80,80,73,73,79,49,44,40,40,40,64,69,61,53,77,62,80,71,65,70,76,76,58,51,28,28,44,44,50,74,52,76,0,0],"gold":84,"neow_bonus":"THREE_ENEMY_KILL","is_daily":false,"chose_seed":false,"campfire_upgraded":0,"win_rate":0.0,"timestamp":1609781918,"path_taken":["M","M","?","?","?","E","M","M","T","?","R","M","E","M","R","BOSS","M","?","M","M","?","E","M","M","T","$","?","M","R","M","R","BOSS"],"items_purchased_type":["Relic","Card"],"build_version":"2020-12-22","purchased_purges":1,"victory":false,"max_hp_per_floor":[80,80,80,80,80,80,80,80,80,80,80,80,80,80,80,80,80,80,80,80,80,80,80,80,80,80,80,80,80,80,80,80,80,80],"card_choices":[{"not_picked":["Flex","Clash"],"picked":"Clothesline","floor":1},{"not_picked":["Inflame","Metallicize"],"picked":"Ghostly Armor","floor":2},{"not_picked":["Dual Wield","Body Slam"],"picked":"Iron Wave","floor":5},{"not_picked":["Second Wind","Sword Boomerang","Heavy Blade"],"picked":"SKIP","floor":6},{"not_picked":["Seeing Red","Shockwave"],"picked":"Headbutt","floor":7},{"not_picked":["Warcry","Headbutt","Clothesline"],"picked":"SKIP","floor":8},{"not_picked":["Clothesline","Rage"],"picked":"Thunderclap","floor":12},{"not_picked":["Cleave","Twin Strike"],"picked":"Inflame","floor":13},{"not_picked":["Brutality","Havoc"],"picked":"Shrug It Off","floor":14},{"not_picked":["True Grit","Combust+1"],"picked":"Inflame","floor":18},{"not_picked":["Headbutt","Wild Strike+1"],"picked":"Uppercut","floor":20},{"not_picked":["Warcry+1","Clothesline"],"picked":"Rage+1","floor":21},{"not_picked":["Pommel Strike","Second Wind"],"picked":"Twin Strike+1","floor":23},{"not_picked":["Ghostly Armor","Power Through+1"],"picked":"Body Slam","floor":24},{"not_picked":["Thunderclap","Shockwave"],"picked":"Feel No Pain","floor":25},{"not_picked":["Iron Wave","Havoc","Pommel Strike"],"picked":"SKIP","floor":31}],"player_experience":255300,"relics_obtained":[{"floor":6,"key":"Ornamental Fan"},{"floor":9,"key":"Paper Frog"},{"floor":13,"key":"War Paint"},{"floor":23,"key":"Ice Cream"},{"floor":26,"key":"Dead Branch"}],"event_choices":[{"damage_healed":0,"gold_gain":0,"player_choice":"Success","damage_taken":7,"relics_obtained":["Torii"],"max_hp_gain":0,"max_hp_loss":0,"event_name":"Scrap Ooze","floor":3,"gold_loss":0},{"cards_removed":["Strike_R"],"damage_healed":0,"gold_gain":0,"player_choice":"Purged","damage_taken":0,"max_hp_gain":0,"max_hp_loss":0,"event_name":"Purifier","floor":4,"gold_loss":0},{"damage_healed":0,"gold_gain":0,"player_choice":"Joined the Cult","damage_taken":6,"max_hp_gain":0,"max_hp_loss":0,"event_name":"Nest","floor":19,"gold_loss":0,"cards_obtained":["RitualDagger"]},{"damage_healed":0,"gold_gain":0,"player_choice":"Obtained Relic","damage_taken":0,"relics_obtained":["Pen Nib"],"max_hp_gain":0,"max_hp_loss":0,"event_name":"Addict","floor":22,"gold_loss":85},{"damage_healed":0,"gold_gain":0,"player_choice":"Forge","damage_taken":0,"max_hp_gain":0,"max_hp_loss":0,"event_name":"Accursed Blacksmith","floor":28,"gold_loss":0,"cards_upgraded":["Iron Wave"]}],"is_beta":false,"boss_relics":[{"not_picked":["Ectoplasm","SacredBark"],"picked":"Velvet Choker"}],"items_purged_floors":[27],"is_endless":false,"potions_floor_spawned":[2,6,7,8,21,24,29],"killed_by":"Collector","ascension_level":4}}