{"host":"l84l8xigz5v5foa2","time":1609765342,"event":{"mods":["2.2 Compatiblity","AchievementEnabler","BaseMod","Better Note","Better Vampires","Card Filter","Colored Map","DeckTracker","Downfall","Gremlin Skip","Highlight Path","Keyboard Shortcuts","Minty Spire (QoL Compilation)","Permanent Neow","Quick Restart","Relic Filter","Relic Stats","StSLib","SuperFastMode","Transform Curses","Unknown Chances"],"gold_per_floor":[99,112,124,137,157,174,197,197,197,211,211,211,211,223,242,242,242,242],"floor_reached":16,"playtime":564,"items_purged":[],"score":192,"play_id":"f0a4764d-ee11-4c61-b892-f6a1497bfdd4","local_time":"20210104220222","is_ascension_mode":true,"campfire_choices":[{"data":"hexamod:Float","floor":1.0,"key":"SMITH"},{"data":"hexamod:SuperheatedStrike","floor":8,"key":"SMITH"},{"data":"hexamod:ThermalTransfer","floor":11,"key":"SMITH"},{"data":"hexamod:GhostOfSpirePast","floor":13,"key":"SMITH"}],"circlet_count":0,"master_deck":["AscendersBane","hexamod:Strike","hexamod:Strike","hexamod:Strike","hexamod:Strike","hexamod:Defend","hexamod:Defend","hexamod:Defend","hexamod:Defend","hexamod:Sear","hexamod:Float+1","hexamod:InspiringFlames","hexamod:SuperheatedStrike+1","hexamod:ThermalTransfer+1","hexamod:GhostOfSpirePast+1","hexamod:SpectersWail","hexamod:ThirdSeal","hexamod:Hexaguard","hexamod:RainOfEmbers"],"relics":["hexamod:SpiritBrand","Ice Cream"],"acts_visited":["Exordium"],"potions_floor_usage":[5,6,16],"damage_taken":[{"damage":0.0,"enemies":"2 Louse","floor":2.0,"turns":4.0},{"damage":0.0,"enemies":"Small Slimes","floor":3.0,"turns":3.0},{"damage":1.0,"enemies":"Jaw Worm","floor":4.0,"turns":3.0},{"damage":0,"enemies":"Exordium Thugs","floor":5,"turns":4},{"damage":0,"enemies":"Lots of Slimes","floor":6,"turns":5},{"damage":2,"enemies":"Large Slime","floor":10,"turns":3},{"damage":3,"enemies":"Red Slaver","floor":14,"turns":3},{"damage":0,"enemies":"Blue Slaver","floor":15,"turns":3},{"damage":57,"enemies":"downfall:Defect","floor":16,"turns":8}],"seed_played":"1574242162547661193","potions_obtained":[{"floor":3.0,"key":"ColorlessPotion"},{"floor":4.0,"key":"EssenceOfSteel"},{"floor":5,"key":"Fire Potion"},{"floor":15,"key":"Weak Potion"}],"is_trial":false,"path_per_floor":["R","M","M","M","M","M","T","R","?","M","R","?","R","M","M","B"],"character_chosen":"THE_SPIRIT","items_purchased":[],"campfire_rested":0,"item_purchase_floors":[],"current_hp_per_floor":[57,57,57,56,56,56,56,56,61,59,59,59,59,56,56,0,0,0],"gold":242,"neow_bonus":"ONE_RARE_RELIC","is_daily":false,"chose_seed":false,"campfire_upgraded":4,"win_rate":0.0,"timestamp":1609765342,"path_taken":["R","M","M","M","M","M","T","R","?","M","R","?","R","M","M","BOSS"],"items_purchased_type":[],"build_version":"2020-12-22","purchased_purges":0,"victory":false,"max_hp_per_floor":[57,57,57,57,57,57,57,57,62,62,62,62,62,62,62,62,62,62],"relic_stats":{"counters":[9,36],"obtain_stats":[{"Ice Cream":0,"hexamod:SpiritBrand":0},{"Ice Cream":0,"hexamod:SpiritBrand":0},{"Ice Cream":0,"hexamod:SpiritBrand":0}]},"card_choices":[{"not_picked":["hexamod:BurningTouch","hexamod:BacktrackSmack"],"picked":"hexamod:InspiringFlames","floor":2.0},{"not_picked":["hexamod:FastForward","hexamod:NightmareGuise"],"picked":"hexamod:SuperheatedStrike","floor":3.0},{"not_picked":["hexamod:GhostflameBarrier","hexamod:BurningTouch"],"picked":"hexamod:ThermalTransfer","floor":4.0},{"not_picked":["hexamod:ThermalTransfer","hexamod:NightmareGuise"],"picked":"hexamod:GhostOfSpirePast","floor":5},{"not_picked":["hexamod:GhostLash","hexamod:SkipABeat"],"picked":"hexamod:RainOfEmbers","floor":6},{"not_picked":["hexamod:HeatShield","hexamod:ThermalTransfer"],"picked":"hexamod:SpectersWail","floor":10},{"not_picked":["hexamod:PhantomCloak","hexamod:GhostLash","hexamod:Firestarter"],"picked":"SKIP","floor":14},{"not_picked":["hexamod:RainOfEmbers","hexamod:SearingWound","hexamod:SuperheatedStrike"],"picked":"SKIP","floor":14},{"not_picked":["hexamod:Firestarter","hexamod:RadiantFlame"],"picked":"hexamod:Hexaguard","floor":15},{"not_picked":["hexamod:FastForward","hexamod:GhostShield"],"picked":"hexamod:RainOfEmbers","floor":15}],"player_experience":2844527,"relics_obtained":[],"event_choices":[{"damage_healed":0,"gold_gain":0,"player_choice":"Donut","damage_taken":0,"max_hp_gain":5,"max_hp_loss":0,"event_name":"Big Fish","floor":9,"gold_loss":0}],"is_beta":false,"boss_relics":[],"items_purged_floors":[],"is_endless":false,"potions_floor_spawned":[3,4,5,15],"killed_by":"downfall:Defect","ascension_level":20}}