{"host":"3498uni0c31c9bdm","time":1609800515,"event":{"mods":["BaseMod","Better Third Choice","Minty Spire (QoL Compilation)","Replay The Spire","StSLib"],"gold_per_floor":[112,76,88,88,88,123,123,456,456,195,195,219,258,326,326,457,457,482,498,498,498,413,453,453,493,493,493,532,532,546,77,77,208,208,221,73,73,87,100,138,159,198,244,244,127,127,183,202,202,202,202,202,23,64,64,64],"floor_reached":55,"playtime":3052,"items_purged":["ReplayTheSpireMod:Restless Dread"],"score":1064,"play_id":"cd005711-5c1b-4e8a-b1e5-b438f824c897","local_time":"20210105094835","is_ascension_mode":true,"campfire_choices":[{"floor":7,"key":"RECALL"},{"floor":15,"key":"REST"},{"floor":24,"key":"REST"},{"floor":27,"key":"REST"},{"data":"Infernal Blade","floor":44,"key":"SMITH"},{"data":"Uppercut","floor":49,"key":"SMITH"},{"data":"Pummel","floor":52,"key":"SMITH"}],"circlet_count":0,"master_deck":["Strike_R","Strike_R","Strike_R","Strike_R","Strike_R","Defend_R","Defend_R","Defend_R","Defend_R","Bash","Armaments+1","Perfected Strike","Perfected Strike","Carnage","Injury","Demon Form+1","Heavy Blade","Iron Wave","Cleave","Infernal Blade+1","Double Tap+1","Uppercut+1","Shrug It Off","Insight","Body Slam+1","Metallicize+1","Pummel+1","Armaments+1","Hemogenesis+1","Cleave+1","Metallicize+1","Run Through+1","Pommel Strike+1","Flex+1","Exhume+1","ReplayTheSpireMod:Splinters","Decay","ReplayUltimateDefense+1","Replay:Bootleg Shield Generator+1","Fire Breathing+1","Replay:Undeath\u0027s Touch+1","Disarm+1","Juggernaut+1","Limit Break+1"],"relics":["Burning Blood","NeowsBlessing","Golden Idol","Golden Egg","Old Coin","Kunai","Happy Flower","Paper Frog","Cursed Key","Akabeko","Pen Nib","Mummified Hand","StoneCalendar","Gremlin Horn","Thread and Needle","Replay:WaspNest","DollysMirror","Runic Cube","Replay:Rubber Ducky","Bag of Marbles","Anchor","Orichalcum","ReplayTheSpireMod:CursedCoin","Durian","Bottled Tornado"],"acts_visited":["Exordium","TheCity","TheBeyond","TheEnding"],"potions_floor_usage":[23,23,25,33,50,55],"damage_taken":[{"damage":0,"enemies":"Cultist","floor":1,"turns":1},{"damage":0,"enemies":"Jaw Worm","floor":3,"turns":1},{"damage":0,"enemies":"Gremlin Nob","floor":6,"turns":1},{"damage":30,"enemies":"3 Sentries","floor":8,"turns":7},{"damage":6,"enemies":"2 Louse","floor":12,"turns":2},{"damage":32,"enemies":"Gremlin Nob","floor":13,"turns":4},{"damage":15,"enemies":"3 Sentries","floor":14,"turns":7},{"damage":2,"enemies":"Fading Forest","floor":16,"turns":11},{"damage":7,"enemies":"Chosen","floor":18,"turns":4},{"damage":21,"enemies":"3 Byrds","floor":19,"turns":5},{"damage":36,"enemies":"Gremlin Leader","floor":23,"turns":4},{"damage":20,"enemies":"Slavers","floor":25,"turns":5},{"damage":16,"enemies":"Replay:Snechameleon","floor":28,"turns":4},{"damage":10,"enemies":"Shelled Parasite and Fungi","floor":30,"turns":3},{"damage":30,"enemies":"Collector","floor":33,"turns":7},{"damage":5,"enemies":"3 Darklings","floor":35,"turns":5},{"damage":0,"enemies":"Orb Walker","floor":38,"turns":4},{"damage":0,"enemies":"3 Darklings","floor":39,"turns":4},{"damage":0,"enemies":"Reptomancer","floor":40,"turns":5},{"damage":8,"enemies":"Spire Growth","floor":41,"turns":3},{"damage":3,"enemies":"R_Hoarder","floor":42,"turns":5},{"damage":9,"enemies":"2 Orb Walkers","floor":47,"turns":3},{"damage":5,"enemies":"Maw","floor":48,"turns":5},{"damage":8,"enemies":"Replay:Hell Engine","floor":50,"turns":9},{"damage":57,"enemies":"Shield and Spear","floor":54,"turns":6},{"damage":78,"enemies":"The Heart","floor":55,"turns":6}],"seed_played":"6176861026687198469","potions_obtained":[{"floor":3,"key":"ColorlessPotion"},{"floor":8,"key":"Energy Potion"},{"floor":12,"key":"ElixirPotion"},{"floor":16,"key":"FearPotion"},{"floor":23,"key":"AttackPotion"},{"floor":28,"key":"Adrenaline Potion"},{"floor":40,"key":"Ancient Potion"},{"floor":42,"key":"HeartOfIron"}],"is_trial":false,"path_per_floor":["M","$","M","?","?","E","R","E","T","$","?","M","E","?","R","B",null,"M","M","?","?","?","E","R","E","T","R","E","?","M","$","R","B",null,"M","$","?","M","M","E","M","E","T","R","$","?","?","M","R","B",null,"R","$","E","B"],"character_chosen":"IRONCLAD","items_purchased":["Perfected Strike","Kunai","Replay:WaspNest","DollysMirror","Replay:Rubber Ducky","ReplayTheSpireMod:CursedCoin","ReplayUltimateDefense","Replay:Bootleg Shield Generator","Disarm","Juggernaut"],"campfire_rested":3,"item_purchase_floors":[2,10,31,31,36,45,45,45,53,53],"current_hp_per_floor":[78,78,80,80,80,80,80,56,56,56,56,56,30,21,45,57,74,73,58,58,58,58,28,52,38,38,62,52,52,48,48,72,48,72,80,80,80,80,80,80,78,80,80,80,80,80,82,83,83,81,84,84,84,34,0,0],"gold":64,"neow_bonus":"THREE_ENEMY_KILL","is_daily":false,"chose_seed":false,"campfire_upgraded":3,"win_rate":0.0,"timestamp":1609800515,"path_taken":["M","?","M","?","?","E","R","E","T","$","?","M","E","?","R","BOSS","M","M","?","?","?","E","R","E","T","R","E","?","?","?","R","BOSS","M","$","?","M","?","E","M","E","T","R","?","?","?","M","R","BOSS","R","$","E","BOSS"],"items_purchased_type":["Card","Relic","Relic","Relic","Relic","Relic","Card","Card","Card","Card"],"build_version":"2020-12-22","purchased_purges":1,"victory":false,"max_hp_per_floor":[80,80,80,80,80,80,80,80,80,80,80,80,80,80,80,80,80,80,80,80,80,80,80,80,80,80,80,80,80,80,80,80,80,80,80,80,80,80,80,80,80,80,80,80,80,80,85,85,85,85,85,85,85,85,85,85],"card_choices":[{"not_picked":["Anger","ReplayTheSpireMod:Muscle Training"],"picked":"Armaments","floor":1},{"not_picked":["Body Slam","Sever Soul"],"picked":"Carnage","floor":3},{"not_picked":["Anger","Twin Strike"],"picked":"Demon Form","floor":6},{"not_picked":["Shrug It Off","Replay:Many Hands"],"picked":"Heavy Blade","floor":8},{"not_picked":["Havoc","Burning Pact"],"picked":"Iron Wave","floor":12},{"not_picked":["Headbutt","Warcry"],"picked":"Cleave","floor":13},{"not_picked":["Cleave","Pommel Strike"],"picked":"Infernal Blade","floor":14},{"not_picked":["Demon Form","Immolate"],"picked":"Double Tap","floor":16},{"not_picked":["Wild Strike+1","Warcry+1"],"picked":"Uppercut","floor":18},{"not_picked":["Warcry","Pommel Strike+1"],"picked":"Shrug It Off","floor":19},{"not_picked":["Life Link","Cleave"],"picked":"Body Slam+1","floor":23},{"not_picked":["Impervious","Armaments"],"picked":"Metallicize","floor":25},{"not_picked":["Entrench","Clash"],"picked":"Feel No Pain","floor":28},{"not_picked":["Shrug It Off+1","Pommel Strike"],"picked":"Pummel","floor":30},{"not_picked":["Offering","Demonic Infusion"],"picked":"Hemogenesis","floor":33},{"not_picked":["Pommel Strike","Havoc"],"picked":"Cleave+1","floor":35},{"not_picked":["Anger","Body Slam"],"picked":"Run Through+1","floor":38},{"not_picked":["Shrug It Off","Sever Soul"],"picked":"Pommel Strike+1","floor":39},{"not_picked":["Armaments","ReplayTheSpireMod:Corrosion Curse"],"picked":"Flex+1","floor":40},{"not_picked":["Cleave+1","Perfected Strike+1","Havoc"],"picked":"SKIP","floor":41},{"not_picked":["Uppercut+1","Wild Strike+1"],"picked":"Exhume","floor":42},{"not_picked":["Pummel+1","Iron Wave+1"],"picked":"Fire Breathing+1","floor":47},{"not_picked":["Clothesline+1","Perfected Strike"],"picked":"Replay:Undeath\u0027s Touch+1","floor":48},{"not_picked":["Twin Strike+1","Sever Soul"],"picked":"Limit Break","floor":54}],"player_experience":655302,"relics_obtained":[{"floor":6,"key":"Golden Egg"},{"floor":8,"key":"Old Coin"},{"floor":13,"key":"Happy Flower"},{"floor":14,"key":"Paper Frog"},{"floor":23,"key":"Pen Nib"},{"floor":25,"key":"Mummified Hand"},{"floor":26,"key":"StoneCalendar"},{"floor":28,"key":"Gremlin Horn"},{"floor":29,"key":"Thread and Needle"},{"floor":40,"key":"Bag of Marbles"},{"floor":42,"key":"Anchor"},{"floor":43,"key":"Orichalcum"},{"floor":47,"key":"Durian"},{"floor":54,"key":"Bottled Tornado"}],"event_choices":[{"damage_healed":0,"gold_gain":0,"player_choice":"Take Wound","damage_taken":0,"relics_obtained":["Golden Idol"],"max_hp_gain":0,"max_hp_loss":0,"event_name":"Golden Idol","floor":4,"gold_loss":0,"cards_obtained":["Injury"]},{"damage_healed":0,"gold_gain":0,"player_choice":"Leave","damage_taken":0,"max_hp_gain":0,"max_hp_loss":0,"event_name":"The Cleric","floor":5,"gold_loss":0},{"damage_healed":0,"gold_gain":0,"player_choice":"Grow","damage_taken":0,"max_hp_gain":0,"max_hp_loss":0,"event_name":"Living Wall","floor":11,"gold_loss":0,"cards_upgraded":["Armaments"]},{"damage_healed":0,"gold_gain":30,"player_choice":"Searched \u00273\u0027 times","damage_taken":0,"max_hp_gain":0,"max_hp_loss":0,"event_name":"Dead Adventurer","floor":14,"gold_loss":0},{"damage_healed":0,"gold_gain":0,"player_choice":"Insight","damage_taken":0,"max_hp_gain":0,"max_hp_loss":0,"event_name":"betterThird:BetterWriting","floor":20,"gold_loss":0,"cards_obtained":["Insight"]},{"damage_healed":0,"gold_gain":0,"player_choice":"Ignored","damage_taken":0,"max_hp_gain":0,"max_hp_loss":0,"event_name":"Ghosts","floor":21,"gold_loss":0},{"damage_healed":0,"gold_gain":0,"player_choice":"Obtained Relic","damage_taken":0,"relics_obtained":["Akabeko"],"max_hp_gain":0,"max_hp_loss":0,"event_name":"Addict","floor":22,"gold_loss":85},{"damage_healed":0,"gold_gain":0,"player_choice":"Relic","damage_taken":0,"max_hp_gain":0,"max_hp_loss":0,"event_name":"Wheel of Change","floor":29,"gold_loss":0},{"damage_healed":0,"gold_gain":0,"player_choice":"Copied","damage_taken":0,"max_hp_gain":0,"max_hp_loss":0,"event_name":"Duplicator","floor":37,"gold_loss":0,"cards_obtained":["Metallicize"]},{"cards_removed":["Feel No Pain"],"damage_healed":0,"gold_gain":0,"player_choice":"Removed Power","damage_taken":0,"max_hp_gain":0,"max_hp_loss":0,"event_name":"Falling","floor":46,"gold_loss":0},{"damage_healed":0,"gold_gain":0,"player_choice":"Fight","damage_taken":0,"max_hp_gain":0,"max_hp_loss":0,"event_name":"Mysterious Sphere","floor":47,"gold_loss":0}],"is_beta":false,"boss_relics":[{"not_picked":["Busted Crown","Abe\u0027s Treasure"],"picked":"Cursed Key"},{"not_picked":["Philosopher\u0027s Stone","Sozu"],"picked":"Runic Cube"}],"items_purged_floors":[31],"is_endless":false,"potions_floor_spawned":[3,8,12,16,23,28,40,42,47,48],"killed_by":"The Heart","ascension_level":6}}