{"host":"337p6miwxbqfki03","time":1609719107,"event":{"mods":["BaseMod","Better Third Choice","Colored Map","Conspire","Downfall","Hubris","Minty Spire (QoL Compilation)","Replay The Spire","Somnambulant","StSLib","The Cursed","The Hierophant","Unceasing Turn Reminder"],"gold_per_floor":[113,0,11,24,42,58,58,58,58,58,65,15,15,43,43,142,142,158,158,158,16,33,33,33,33,33,47,68,68,68,81,81,181,181,200,226,73,103,120,176,176,221,221,221,221,260,287,287,287,239,239,239,51,54,6,6],"floor_reached":55,"playtime":17528,"items_purged":[],"score":784,"play_id":"952b0a91-e5f5-4614-9687-d3b4052b368c","local_time":"20210103181147","is_ascension_mode":false,"campfire_choices":[{"floor":7,"key":"RECALL"},{"floor":15,"key":"REST"},{"data":"Demon Form","floor":23,"key":"SMITH"},{"data":"hierophant:FlamingChariot","floor":25,"key":"SMITH"},{"floor":29,"key":"REST"},{"data":"hierophant:RepressedViolence","floor":32,"key":"SMITH"},{"floor":41,"key":"REST"},{"data":"Enlightenment","floor":45,"key":"SMITH"},{"data":"hierophant:DivineIntervention","floor":49,"key":"SMITH"},{"data":"hierophant:Embezzle","floor":52,"key":"SMITH"}],"circlet_count":0,"master_deck":["Demon Form+1","hierophant:Strike_Hierophant","hierophant:Strike_Hierophant","hierophant:Strike_Hierophant","hierophant:Strike_Hierophant","hierophant:Punish","hierophant:Defend_Hierophant","hierophant:Defend_Hierophant","hierophant:Defend_Hierophant","hierophant:Defend_Hierophant","hierophant:ChurchCoffers","hierophant:RepressedViolence+1","hierophant:FlamingChariot+1","Enlightenment+1","hierophant:Smite","hierophant:MorningPrayer","hierophant:Martyrdom","hierophant:Embezzle+1","hierophant:Invocation","hierophant:ThreeLashes","hierophant:Determination","CurseOfTheBell","hierophant:PristineSoul+1","hierophant:Anathema","hierophant:Doubloon","hierophant:FieryStrike","hierophant:Blessing+1","hierophant:MorningPrayer+1","hierophant:DivineIntervention+1","hierophant:Exaltation","hubris:NaturalOne","hierophant:Chorus+1","hierophant:OrnateJavelin+1","hierophant:Invocation","hierophant:OrnateBuckler","hierophant:Patience+1","hierophant:Flagellation+1","hierophant:Doubloon+1","hierophant:HolyVerse+1","hierophant:Smite","hierophant:OrnateBuckler+1","hierophant:ArchangelShield+1","hierophant:Doubloon","hierophant:Generosity","Transmutation","hierophant:Exaltation"],"relics":["hierophant:PropheticMaskRelic","Ring of Hypnosis","Ring of Misfortune","Replay:Bottled Snecko","White Beast Statue","conspire:Boomerang","Replay:Grab Bag","Sozu","Painkiller Herb","Calling Bell","Centennial Puzzle","ReplayTheSpireMod:Ninjato","hubris:AstralHammer","hubris:Towel","hubris:Icosahedron","Replay:Towering Pillar of Hats","Honey Jar","Orrery","Replay:Wax Seal","CaptainsWheel","Replay:Baseball"],"acts_visited":["Exordium","TheCity","TheBeyond","TheEnding"],"potions_floor_usage":[],"damage_taken":[{"damage":0,"enemies":"Cultist","floor":1,"turns":4},{"damage":0,"enemies":"2 Louse","floor":3,"turns":1},{"damage":0,"enemies":"Small Slimes","floor":4,"turns":2},{"damage":0,"enemies":"3 Louse","floor":5,"turns":2},{"damage":6,"enemies":"Large Slime","floor":6,"turns":6},{"damage":15,"enemies":"Gremlin Nob","floor":11,"turns":4},{"damage":17,"enemies":"Lagavulin","floor":14,"turns":7},{"damage":0,"enemies":"Slime Boss","floor":16,"turns":5},{"damage":5,"enemies":"Spheric Guardian","floor":18,"turns":3},{"damage":14,"enemies":"Shell Parasite","floor":22,"turns":3},{"damage":13,"enemies":"Snake Plant","floor":27,"turns":3},{"damage":5,"enemies":"Sentry and Sphere","floor":28,"turns":3},{"damage":8,"enemies":"Cultist and Chosen","floor":31,"turns":7},{"damage":33,"enemies":"Pondfish","floor":33,"turns":9},{"damage":2,"enemies":"Orb Walker","floor":35,"turns":4},{"damage":19,"enemies":"3 Darklings","floor":36,"turns":4},{"damage":23,"enemies":"Spire Growth","floor":38,"turns":4},{"damage":18,"enemies":"Maw","floor":39,"turns":6},{"damage":18,"enemies":"R_Hoarder","floor":40,"turns":4},{"damage":18,"enemies":"3 Darklings","floor":42,"turns":3},{"damage":7,"enemies":"Writhing Mass","floor":46,"turns":3},{"damage":0,"enemies":"Spire Growth","floor":47,"turns":2},{"damage":31,"enemies":"Awakened One","floor":50,"turns":6},{"damage":15,"enemies":"Shield and Spear","floor":54,"turns":4},{"damage":88,"enemies":"The Heart","floor":55,"turns":3}],"seed_played":"470415940887048933","potions_obtained":[{"floor":4,"key":"SpeedPotion"},{"floor":6,"key":"Milkshake"},{"floor":14,"key":"Regen Potion"}],"is_trial":false,"path_per_floor":["M","?","M","M","M","M","R","?","T","?","E","?","T","E","R","B",null,"?","?","?","T","?","T","T","T","T","?","?","T","?","?","T","B",null,"?","?","T","?","?","E","T","?","T","?","T","?","?","?","T","B",null,"T","T","E","B"],"character_chosen":"HIEROPHANT","items_purchased":["hierophant:Anathema","Orrery","Transmutation"],"campfire_rested":3,"item_purchase_floors":[21,37,53],"current_hp_per_floor":[75,81,81,81,81,75,75,75,75,80,65,65,65,48,73,73,86,81,81,81,81,74,74,74,74,74,61,56,81,81,78,78,55,86,86,86,86,79,71,67,86,75,75,75,75,77,77,77,77,56,86,86,86,81,0,0],"gold":6,"neow_bonus":"THREE_CARDS","is_daily":false,"chose_seed":false,"campfire_upgraded":6,"win_rate":0.0,"timestamp":1609719107,"path_taken":["M","?","M","M","M","M","R","?","T","?","E","?","?","E","R","BOSS","?","?","?","T","?","T","T","T","T","?","?","T","?","?","T","BOSS","?","?","T","?","?","E","T","?","T","?","T","?","?","?","T","BOSS","T","T","E","BOSS"],"items_purchased_type":["Card","Relic","Card"],"build_version":"2020-12-22","purchased_purges":0,"victory":false,"max_hp_per_floor":[75,81,81,81,81,81,81,81,81,86,86,86,86,86,86,86,86,86,86,86,86,86,86,86,86,86,86,86,86,86,86,86,86,86,86,86,86,86,86,86,86,86,86,86,86,86,86,86,86,86,86,86,86,86,86,86],"card_choices":[{"not_picked":["hierophant:HammerAndAnvil","hierophant:AuricBeam"],"picked":"hierophant:RepressedViolence","floor":0},{"not_picked":["hierophant:SealAway","hierophant:Shelter"],"picked":"hierophant:FlamingChariot","floor":1},{"not_picked":["hierophant:AuricBeam","hierophant:SealAway"],"picked":"hierophant:Smite","floor":3},{"not_picked":["hierophant:Smite","hierophant:DisplayOfPower"],"picked":"hierophant:MorningPrayer","floor":4},{"not_picked":["hierophant:FieryStrike","hierophant:Doubloon"],"picked":"hierophant:Martyrdom","floor":5},{"not_picked":["hierophant:Zeal","hierophant:Shelter"],"picked":"hierophant:Embezzle","floor":6},{"not_picked":["hierophant:CursedGold","hierophant:FieryStrike"],"picked":"hierophant:Invocation","floor":11},{"not_picked":["hierophant:Dazzle","hierophant:DisplayOfPower"],"picked":"hierophant:ThreeLashes","floor":14},{"not_picked":["hierophant:AuricForm","hierophant:Generosity"],"picked":"hierophant:Determination","floor":16},{"not_picked":["hierophant:AuricBeam","hierophant:Sermon"],"picked":"hierophant:PristineSoul+1","floor":18},{"not_picked":["hierophant:AuricBeam","hierophant:DeathKnell"],"picked":"hierophant:Doubloon","floor":22},{"not_picked":["hierophant:ConvertCurrency","hierophant:SealAway"],"picked":"hierophant:FieryStrike","floor":27},{"not_picked":["hierophant:ConvertCurrency","hierophant:Shelter"],"picked":"hierophant:Blessing+1","floor":28},{"not_picked":["hierophant:RustyCrate","hierophant:Embezzle+1"],"picked":"hierophant:MorningPrayer+1","floor":31},{"not_picked":["hierophant:WrathOfGod","hierophant:Kindle"],"picked":"hierophant:DivineIntervention","floor":33},{"not_picked":["hierophant:AuricShield+1","hierophant:Purify","hierophant:PassingBell+1"],"picked":"hierophant:Exaltation","floor":35},{"not_picked":["hierophant:Sermon+1","hierophant:OrnateBuckler+1","hierophant:Determination"],"picked":"hierophant:Chorus","floor":36},{"not_picked":["hierophant:SealAway+1","hierophant:AuricBeam","hierophant:Alms+1"],"picked":"hierophant:OrnateJavelin+1","floor":37},{"not_picked":["hierophant:SealAway","hierophant:Bribe+1","hierophant:Dazzle+1"],"picked":"hierophant:Invocation","floor":37},{"not_picked":["hierophant:Smite","hierophant:Purify+1","hierophant:PassingBell+1"],"picked":"hierophant:OrnateBuckler","floor":37},{"not_picked":["hierophant:Empathy+1","hierophant:CoinFling+1","hierophant:Refuge"],"picked":"hierophant:Patience+1","floor":37},{"not_picked":["hierophant:FlamingChariot","hierophant:Chorus+1","hierophant:Martyrdom"],"picked":"hierophant:Flagellation+1","floor":37},{"not_picked":["hierophant:RustyCrate+1","hierophant:Chorus","hierophant:RepressedViolence"],"picked":"hierophant:Doubloon+1","floor":38},{"not_picked":["hierophant:ThreeLashes","hierophant:Zeal","hierophant:Remorse+1"],"picked":"hierophant:HolyVerse+1","floor":39},{"not_picked":["hierophant:Rebuild","hierophant:FlamingChariot","hierophant:Encroach+1"],"picked":"hierophant:Smite","floor":40},{"not_picked":["hierophant:Rebuild+1","hierophant:Doubloon+1","hierophant:Flagellation"],"picked":"hierophant:OrnateBuckler+1","floor":42},{"not_picked":["hierophant:MorningPrayer+1","hierophant:AuricShield","hierophant:Martyrdom"],"picked":"hierophant:ArchangelShield+1","floor":46},{"not_picked":["hierophant:Patience+1","hierophant:Shelter","hierophant:DisplayOfPower+1"],"picked":"hierophant:Generosity","floor":47},{"not_picked":["hierophant:Shelter+1","hierophant:Purify","hierophant:MorningPrayer"],"picked":"hierophant:Exaltation","floor":54}],"player_experience":239703,"relics_obtained":[{"floor":8,"key":"Ring of Hypnosis"},{"floor":8,"key":"Ring of Misfortune"},{"floor":11,"key":"Replay:Bottled Snecko"},{"floor":13,"key":"White Beast Statue"},{"floor":14,"key":"conspire:Boomerang"},{"floor":17,"key":"Centennial Puzzle"},{"floor":17,"key":"ReplayTheSpireMod:Ninjato"},{"floor":17,"key":"hubris:AstralHammer"},{"floor":26,"key":"Replay:Towering Pillar of Hats"},{"floor":40,"key":"Replay:Wax Seal"},{"floor":43,"key":"CaptainsWheel"},{"floor":54,"key":"Replay:Baseball"}],"event_choices":[{"damage_healed":0,"gold_gain":0,"player_choice":"RENOUNCE","damage_taken":113,"max_hp_gain":0,"max_hp_loss":0,"event_name":"betterThird:BetterSerpent","floor":2,"gold_loss":113,"cards_obtained":["Enlightenment"]},{"damage_healed":0,"gold_gain":0,"player_choice":"Donut","damage_taken":0,"max_hp_gain":5,"max_hp_loss":0,"event_name":"Big Fish","floor":10,"gold_loss":0},{"cards_removed":["Languid"],"damage_healed":0,"gold_gain":0,"player_choice":"Card Removal","damage_taken":0,"max_hp_gain":0,"max_hp_loss":0,"event_name":"The Cleric","floor":12,"gold_loss":50},{"damage_healed":0,"gold_gain":0,"player_choice":"Leave","damage_taken":0,"max_hp_gain":0,"max_hp_loss":0,"event_name":"conspire:Investor","floor":30,"gold_loss":0},{"damage_healed":0,"gold_gain":0,"player_choice":"Ignored","damage_taken":0,"max_hp_gain":0,"max_hp_loss":0,"event_name":"Tomb of Lord Red Mask","floor":44,"gold_loss":0},{"damage_healed":0,"gold_gain":0,"player_choice":"Forge","damage_taken":0,"max_hp_gain":0,"max_hp_loss":0,"event_name":"Accursed Blacksmith","floor":48,"gold_loss":0,"cards_upgraded":["hierophant:Chorus"]}],"is_beta":false,"boss_relics":[{"not_picked":["SacredBark","hubris:TerracottaHorce"],"picked":"Replay:Grab Bag"},{"not_picked":["conspire:RoyalGoblet","hubris:CrackedHourglass"],"picked":"Sozu"},{"not_picked":["Coffee Dripper","hubris:VirtuousBlindfold"],"picked":"Painkiller Herb"},{"not_picked":["Snecko Eye","hubris:Stopwatch"],"picked":"Calling Bell"},{"not_picked":["Tiny House","hubris:ScarierMask"],"picked":"Honey Jar"}],"items_purged_floors":[],"is_endless":false,"potions_floor_spawned":[4,6,14,16,18,22,27,28,31,33,35,36,38,39,40,42,46,47,54],"killed_by":"The Heart","ascension_level":0}}