{"host":"g5zc4ej6zn2at89o","time":1609751676,"event":{"mods":["2.2 Compatiblity","AchievementEnabler","BaseMod","Colored Map","DeckTracker","Highlight Path","KOR Keyword Fix","Keyboard Shortcuts","Minty Spire (QoL Compilation)","Permanent Neow","Quick Restart","Say the Spire","StSLib","SuperFastMode","everything is the same but u backflip on backflip"],"gold_per_floor":[130,130,130,146,186,215,215,254,254,33,33,108,108,58,58,163,163,180,180,263,313,364,364,364],"floor_reached":23,"playtime":941,"items_purged":["Strike_R"],"score":217,"play_id":"e7494cd8-247f-4b5c-8556-14b779b3484b","local_time":"20210104181436","is_ascension_mode":true,"campfire_choices":[{"floor":7,"key":"REST"},{"data":"Berserk","floor":11,"key":"SMITH"},{"data":"Shockwave","floor":13,"key":"SMITH"},{"data":"Flame Barrier","floor":15,"key":"SMITH"}],"circlet_count":0,"master_deck":["Bash","HandOfGreed","Shockwave+1","Flame Barrier+1","Berserk+1","Cleave","Bludgeon","Intimidate","Pommel Strike","Exhume","Rage","Heavy Blade","Carnage","Clothesline","Blood for Blood+1","Perfected Strike","Thunderclap+1"],"relics":["Burning Blood","Red Skull","Gremlin Horn","Brimstone","Pandora\u0027s Box","SsserpentHead"],"acts_visited":["Exordium","TheCity"],"potions_floor_usage":[16,22],"damage_taken":[{"damage":3.0,"enemies":"2 Louse","floor":1.0,"turns":2.0},{"damage":4.0,"enemies":"Jaw Worm","floor":4.0,"turns":3.0},{"damage":4.0,"enemies":"Cultist","floor":5.0,"turns":3.0},{"damage":36,"enemies":"3 Sentries","floor":6,"turns":10},{"damage":6,"enemies":"Blue Slaver","floor":8,"turns":4},{"damage":43,"enemies":"Hexaghost","floor":16,"turns":7},{"damage":7,"enemies":"Shell Parasite","floor":18,"turns":3},{"damage":30,"enemies":"2 Thieves","floor":20,"turns":3},{"damage":3,"enemies":"3 Cultists","floor":22,"turns":4},{"damage":45,"enemies":"Book of Stabbing","floor":23,"turns":4}],"seed_played":"-1035626427180775123","potions_obtained":[{"floor":6,"key":"Fire Potion"},{"floor":8,"key":"Dexterity Potion"},{"floor":16,"key":"Energy Potion"},{"floor":18,"key":"LiquidMemories"}],"is_trial":false,"path_per_floor":["M","?","?","M","M","E","R","M","T","$","R","?","R","?","R","B",null,"M","?","M","?","M","E"],"character_chosen":"IRONCLAD","items_purchased":["Brimstone"],"campfire_rested":1,"item_purchase_floors":[10],"current_hp_per_floor":[80,64,64,66,68,38,62,62,62,62,62,51,51,51,51,14,80,79,79,55,55,58,13,13],"gold":364,"neow_bonus":"RANDOM_COLORLESS_2","is_daily":false,"chose_seed":false,"campfire_upgraded":3,"win_rate":0.0,"timestamp":1609751676,"path_taken":["M","?","?","?","M","E","R","M","T","$","R","?","R","?","R","BOSS","M","?","?","?","M","E"],"items_purchased_type":["Relic"],"build_version":"2020-12-22","purchased_purges":1,"victory":false,"max_hp_per_floor":[80,80,80,80,80,80,80,80,80,80,80,80,80,80,80,80,80,80,80,80,80,80,80,80],"card_choices":[{"not_picked":["Thinking Ahead","Violence"],"picked":"HandOfGreed","floor":0.0},{"not_picked":["Havoc","Clash"],"picked":"Shockwave","floor":1.0},{"not_picked":["Wild Strike","Clothesline","Body Slam"],"picked":"SKIP","floor":4.0},{"not_picked":["Searing Blow","Thunderclap"],"picked":"Flame Barrier","floor":5.0},{"not_picked":["Body Slam","Intimidate"],"picked":"Berserk","floor":6},{"not_picked":["Anger","Havoc"],"picked":"Cleave","floor":8},{"not_picked":["Juggernaut","Fiend Fire"],"picked":"Bludgeon","floor":16},{"not_picked":["Thunderclap","Clothesline","Perfected Strike"],"picked":"SKIP","floor":18},{"not_picked":["Twin Strike","Sever Soul"],"picked":"Blood for Blood+1","floor":20},{"not_picked":["True Grit","Headbutt"],"picked":"Thunderclap+1","floor":22}],"player_experience":94844,"relics_obtained":[{"floor":6,"key":"Red Skull"},{"floor":9,"key":"Gremlin Horn"}],"event_choices":[{"damage_healed":0.0,"max_hp_gain":0.0,"max_hp_loss":0.0,"gold_gain":0.0,"event_name":"Shining Light","player_choice":"Entered Light","floor":2.0,"gold_loss":0.0,"damage_taken":16.0,"cards_upgraded":["Defend_R","Defend_R"]},{"damage_healed":0.0,"max_hp_gain":0.0,"max_hp_loss":0.0,"gold_gain":0.0,"event_name":"WeMeetAgain","player_choice":"Ignored","floor":3.0,"gold_loss":0.0,"damage_taken":0.0},{"damage_healed":0,"gold_gain":75,"player_choice":"Gather Gold","damage_taken":11,"max_hp_gain":0,"max_hp_loss":0,"event_name":"World of Goop","floor":12,"gold_loss":0},{"cards_removed":["Writhe"],"damage_healed":0,"gold_gain":0,"player_choice":"Card Removal","damage_taken":0,"max_hp_gain":0,"max_hp_loss":0,"event_name":"The Cleric","floor":14,"gold_loss":50},{"damage_healed":0,"gold_gain":0,"player_choice":"Trade","damage_taken":0,"relics_obtained":["SsserpentHead"],"max_hp_gain":0,"max_hp_loss":0,"event_name":"FaceTrader","floor":19,"gold_loss":0},{"damage_healed":0,"gold_gain":0,"cards_transformed":["Dark Embrace"],"player_choice":"Transformed","damage_taken":0,"max_hp_gain":0,"max_hp_loss":0,"event_name":"Transmorgrifier","floor":21,"gold_loss":0,"cards_obtained":["Perfected Strike"]}],"is_beta":false,"boss_relics":[{"not_picked":["Runic Pyramid","Mark of Pain"],"picked":"Pandora\u0027s Box"}],"items_purged_floors":[10],"is_endless":false,"potions_floor_spawned":[6,8,16,18],"killed_by":"Book of Stabbing","ascension_level":3}}