{"host":"d2y4rmbezebiv8aj","time":1609749266,"event":{"mods":["AchievementEnabler","BaseMod","BetterRewards","Colored Map","Colored Powertips","Custom Start","Highlight Path","Minty Spire (QoL Compilation)","Rare Cards Sparkle","Shop Mod","StSLib","SuperFastMode","Synergy Search"],"gold_per_floor":[110,129,145,203,215,540,556,193,240,260,293,368,368,382,382,478,478,496,514,208,222,222,257,257,257,257,257,305,333,360,372,384,492,504,536,562,585,615,72,90,90,90],"floor_reached":41,"playtime":2018,"items_purged":["Wraith Form v2"],"score":620,"play_id":"99aaff35-06e4-480f-b31c-74aa01322097","local_time":"20210104093426","is_ascension_mode":true,"campfire_choices":[{"floor":13,"key":"REST"},{"floor":15,"key":"REST"},{"floor":24,"key":"REST"},{"data":"Envenom","floor":27,"key":"SMITH"},{"floor":32,"key":"REST"}],"circlet_count":0,"master_deck":["Survivor","Neutralize","Die Die Die","Escape Plan","Quick Slash","Poisoned Stab","Flying Knee","PiercingWail","Slice","Cloak And Dagger","Dramatic Entrance","All Out Attack","All Out Attack","Outmaneuver","Envenom+1","Catalyst","Night Terror","Distraction","Escape Plan","Glass Knife","Corpse Explosion","Underhanded Strike","Calculated Gamble","Escape Plan","Bane","Backflip+1","Bane+1","Cloak And Dagger","Crippling Poison","Dagger Throw+1","Infinite Blades","Infinite Blades","Writhe","Terror","Adrenaline","Accuracy+1","Tools of the Trade","Backflip","Blade Dance+1","Infinite Blades","PiercingWail","Footwork","Deflect","Escape Plan"],"relics":["Ring of the Snake","Old Coin","Ninja Scroll","Toy Ornithopter","Mummified Hand","Pandora\u0027s Box","Orrery","Ancient Tea Set","Oddly Smooth Stone","Bottled Tornado","MawBank","SlaversCollar","Tingsha","Orichalcum"],"acts_visited":["Exordium","TheCity","TheBeyond"],"potions_floor_usage":[6,16,21,33,33,38,40,40,41],"damage_taken":[{"damage":0,"enemies":"2 Louse","floor":1,"turns":1},{"damage":3,"enemies":"Jaw Worm","floor":2,"turns":6},{"damage":0,"enemies":"Small Slimes","floor":3,"turns":3},{"damage":0,"enemies":"Blue Slaver","floor":5,"turns":6},{"damage":9,"enemies":"Lagavulin","floor":6,"turns":8},{"damage":0,"enemies":"Lots of Slimes","floor":7,"turns":1},{"damage":0,"enemies":"Large Slime","floor":10,"turns":4},{"damage":0,"enemies":"3 Sentries","floor":11,"turns":3},{"damage":12,"enemies":"Exordium Thugs","floor":14,"turns":3},{"damage":40,"enemies":"Slime Boss","floor":16,"turns":13},{"damage":0,"enemies":"Chosen","floor":18,"turns":3},{"damage":24,"enemies":"Shell Parasite","floor":19,"turns":5},{"damage":32,"enemies":"Snake Plant","floor":21,"turns":5},{"damage":13,"enemies":"Gremlin Leader","floor":23,"turns":5},{"damage":1,"enemies":"Centurion and Healer","floor":29,"turns":4},{"damage":0,"enemies":"3 Cultists","floor":30,"turns":3},{"damage":38,"enemies":"Automaton","floor":33,"turns":6},{"damage":0,"enemies":"3 Darklings","floor":35,"turns":2},{"damage":14,"enemies":"3 Shapes","floor":36,"turns":2},{"damage":31,"enemies":"Maw","floor":37,"turns":6},{"damage":24,"enemies":"Sphere and 2 Shapes","floor":38,"turns":4},{"damage":15,"enemies":"3 Darklings","floor":40,"turns":3},{"damage":10,"enemies":"Nemesis","floor":41,"turns":2}],"seed_played":"1149202478192726560","potions_obtained":[{"floor":1,"key":"GamblersBrew"},{"floor":5,"key":"Weak Potion"},{"floor":7,"key":"Regen Potion"},{"floor":14,"key":"FearPotion"},{"floor":23,"key":"Strength Potion"},{"floor":29,"key":"LiquidBronze"},{"floor":33,"key":"Explosive Potion"},{"floor":35,"key":"Ancient Potion"},{"floor":40,"key":"AttackPotion"}],"is_trial":false,"path_per_floor":["M","M","M","?","M","E","M","$","T","M","E","?","R","M","R","B",null,"M","M","$","M","?","E","R","?","T","R","T","M","M","$","R","B",null,"M","M","M","M","$","M","E"],"character_chosen":"THE_SILENT","items_purchased":["Ninja Scroll","Cloak And Dagger","Dramatic Entrance","Orrery","Infinite Blades","Footwork","Deflect","Tingsha","Orichalcum"],"campfire_rested":4,"item_purchase_floors":[8,8,8,20,20,39,39,39,39],"current_hp_per_floor":[49,46,46,46,46,37,37,37,37,37,37,26,47,35,56,21,70,70,46,46,24,24,11,32,32,32,32,32,31,31,31,52,24,70,70,56,25,6,6,1,0,0],"gold":90,"neow_bonus":"THREE_RARE_CARDS","is_daily":false,"chose_seed":false,"campfire_upgraded":1,"win_rate":0.0,"timestamp":1609749266,"path_taken":["M","M","M","?","M","E","M","$","T","M","E","?","R","M","R","BOSS","M","M","$","M","?","E","R","?","T","R","?","M","?","$","R","BOSS","M","M","M","M","$","M","E"],"items_purchased_type":["Relic","Card","Card","Relic","Card","Card","Card","Relic","Relic"],"build_version":"2020-12-22","purchased_purges":1,"victory":false,"max_hp_per_floor":[70,70,70,70,70,70,70,70,70,70,70,70,70,70,70,70,70,70,70,70,70,70,70,70,70,70,70,70,70,70,70,70,70,70,70,70,70,70,70,70,70,70],"card_choices":[{"not_picked":["Adrenaline","A Thousand Cuts"],"picked":"Die Die Die","floor":0},{"not_picked":["Reflex","Caltrops"],"picked":"Escape Plan","floor":1},{"not_picked":["Underhanded Strike","Bane"],"picked":"Quick Slash","floor":2},{"not_picked":["Dagger Spray","PiercingWail"],"picked":"Poisoned Stab","floor":3},{"not_picked":["Eviscerate","Prepared"],"picked":"Flying Knee","floor":5},{"not_picked":["Flying Knee","Prepared"],"picked":"PiercingWail","floor":6},{"not_picked":["Deflect","Malaise"],"picked":"Slice","floor":7},{"not_picked":["Underhanded Strike","Dagger Spray"],"picked":"All Out Attack","floor":10},{"not_picked":["Dagger Throw","Grand Finale"],"picked":"All Out Attack","floor":11},{"not_picked":["Underhanded Strike","Prepared"],"picked":"Outmaneuver","floor":14},{"not_picked":["After Image","Die Die Die"],"picked":"Envenom","floor":16},{"not_picked":["Blade Dance","Dagger Spray+1"],"picked":"Bane","floor":18},{"not_picked":["Doppelganger","Acrobatics"],"picked":"Backflip+1","floor":19},{"not_picked":["Flying Knee","Crippling Poison+1"],"picked":"Bane+1","floor":20},{"not_picked":["Catalyst","Wraith Form v2"],"picked":"Cloak And Dagger","floor":20},{"not_picked":["Underhanded Strike","Dash"],"picked":"Crippling Poison","floor":20},{"not_picked":["Skewer","Calculated Gamble+1"],"picked":"Dagger Throw+1","floor":20},{"not_picked":["Expertise","Dash+1"],"picked":"Infinite Blades","floor":21},{"not_picked":["Cloak And Dagger","Deflect"],"picked":"Terror","floor":23},{"not_picked":["Dagger Throw+1","Dagger Spray+1"],"picked":"Adrenaline","floor":29},{"not_picked":["Eviscerate+1","Expertise"],"picked":"Accuracy+1","floor":30},{"not_picked":["Malaise","Doppelganger"],"picked":"Tools of the Trade","floor":33},{"not_picked":["Crippling Poison","Sucker Punch+1"],"picked":"Backflip","floor":35},{"not_picked":["Underhanded Strike+1","Cloak And Dagger+1"],"picked":"Blade Dance+1","floor":36},{"not_picked":["Heel Hook+1","Predator"],"picked":"Infinite Blades","floor":37},{"not_picked":["Poisoned Stab","Quick Slash+1"],"picked":"PiercingWail","floor":38},{"not_picked":["Slice+1","Cloak And Dagger+1"],"picked":"Escape Plan","floor":40}],"player_experience":338238,"relics_obtained":[{"floor":6,"key":"Old Coin"},{"floor":9,"key":"Toy Ornithopter"},{"floor":11,"key":"Mummified Hand"},{"floor":23,"key":"Oddly Smooth Stone"},{"floor":26,"key":"Bottled Tornado"},{"floor":28,"key":"MawBank"}],"event_choices":[{"damage_healed":0,"gold_gain":58,"player_choice":"Gained Gold","damage_taken":0,"max_hp_gain":0,"max_hp_loss":0,"event_name":"Golden Wing","floor":4,"gold_loss":0},{"damage_healed":0,"gold_gain":75,"player_choice":"Gather Gold","damage_taken":11,"max_hp_gain":0,"max_hp_loss":0,"event_name":"World of Goop","floor":12,"gold_loss":0},{"damage_healed":0,"gold_gain":0,"player_choice":"Opened","damage_taken":0,"relics_obtained":["Ancient Tea Set"],"max_hp_gain":0,"max_hp_loss":0,"event_name":"The Mausoleum","floor":22,"gold_loss":0,"cards_obtained":["Writhe"]},{"damage_healed":0,"gold_gain":0,"player_choice":"Ignored","damage_taken":0,"max_hp_gain":0,"max_hp_loss":0,"event_name":"Ghosts","floor":25,"gold_loss":0}],"is_beta":false,"boss_relics":[{"not_picked":["SacredBark","Empty Cage"],"picked":"Pandora\u0027s Box"},{"not_picked":["Velvet Choker","Coffee Dripper"],"picked":"SlaversCollar"}],"items_purged_floors":[20],"is_endless":false,"potions_floor_spawned":[1,5,7,14,23,29,33,35,40],"killed_by":"Nemesis","ascension_level":4}}