{"host":"syi3dwod45ki1ly6","time":1609750383,"event":{"mods":["Ascension Reborn","BaseMod","BetterRewards","Downfall","Halation","Hubris","Infinite Spire","Marisa????????","Minty Spire (QoL Compilation)","READ ME - Guardian Mod","READ ME - Snecko Mod","Replay The Spire","Spikes Relics","StSLib","SuperFastMode","The Bladedancer","The Construct","The Jungle","The Marked","The Servant 0.9.4"],"gold_per_floor":[0,15,79,94,94,111,134,134,148,248,273,291,309,322,335,431,431,431,431],"floor_reached":17,"playtime":1227,"items_purged":[],"score":186,"play_id":"e1ef9408-ab0d-4902-aa1f-349dcc4e28fc","local_time":"20210104015303","is_ascension_mode":true,"campfire_choices":[{"floor":1,"key":"DIG"},{"data":"Slimebound:Split","floor":8,"key":"SMITH"}],"circlet_count":0,"master_deck":["Slimebound:Strike_Slimebound","Slimebound:Strike_Slimebound","Slimebound:Strike_Slimebound","Slimebound:Tackle","Slimebound:Defend_Slimebound","Slimebound:Defend_Slimebound","Slimebound:Defend_Slimebound","Slimebound:Defend_Slimebound","Slimebound:Split+1","Slimebound:CorrosiveSpit","Slimebound:LeadByExample","Slimebound:GrowthPunch","Slimebound:SplitBruiser","Slimebound:HauntingLick","Slimebound:PressTheAttack","Slimebound:GrowthPunch","Slimebound:SamplingLick","Slimebound:Gluttony","Slimebound:GrowthPunch","Slimebound:ComboTackle","Slimebound:SplitMire","Slimebound:RallyTheTroops"],"relics":["Slimebound:AbsorbEndCombat","StoneCalendar","ReplayTheSpireMod:Ninjato","RollingBoulder","Toy Ornithopter","Onion Ring","hubris:VirtuousBlindfold"],"acts_visited":["Exordium","TheCity"],"potions_floor_usage":[],"damage_taken":[{"damage":8,"enemies":"Jaw Worm","floor":2,"turns":3},{"damage":37,"enemies":"Gremlin Nob","floor":3,"turns":5},{"damage":4,"enemies":"2 Louse","floor":4,"turns":3},{"damage":10,"enemies":"Cultist","floor":6,"turns":3},{"damage":18,"enemies":"Red Slaver","floor":9,"turns":3},{"damage":16,"enemies":"downfall:LadyInBlue","floor":10,"turns":5},{"damage":12,"enemies":"Replay:BlueRogue","floor":11,"turns":5},{"damage":15,"enemies":"Large Slime","floor":12,"turns":4},{"damage":15,"enemies":"2 Fungi Beasts","floor":13,"turns":3},{"damage":15,"enemies":"Blue Slaver","floor":14,"turns":2},{"damage":11,"enemies":"3 Louse","floor":15,"turns":2},{"damage":51,"enemies":"downfall:Ironclad","floor":16,"turns":6}],"seed_played":"419287219456269413","potions_obtained":[{"floor":2,"key":"construct:ShiftPotion"},{"floor":10,"key":"Regen Potion"},{"floor":10,"key":"Swift Potion"},{"floor":16,"key":"Fire Potion"}],"is_trial":false,"path_per_floor":["R","M","?","M","?","M","T","R","M","?","E","M","M","M","M","B",null],"character_chosen":"SLIMEBOUND","items_purchased":[],"campfire_rested":0,"item_purchase_floors":[],"current_hp_per_floor":[72,69,36,40,40,50,50,50,52,68,72,72,68,72,69,72,72,72,72],"gold":431,"neow_bonus":"TWENTY_PERCENT_HP_BONUS","is_daily":false,"chose_seed":false,"campfire_upgraded":1,"win_rate":0.0,"timestamp":1609750383,"path_taken":["R","M","?","M","?","M","T","R","?","?","E","M","M","M","M","BOSS"],"items_purchased_type":[],"build_version":"2020-12-22","purchased_purges":0,"victory":false,"max_hp_per_floor":[72,72,72,72,72,72,72,72,72,72,72,72,72,72,72,72,72,72,72],"card_choices":[{"not_picked":["Slimebound:SplitAcid","Slimebound:ComboTackle"],"picked":"Slimebound:LeadByExample","floor":2},{"not_picked":["Slimebound:LeechEnergy","Slimebound:ProtectTheBoss"],"picked":"Slimebound:GrowthPunch","floor":3},{"not_picked":["Slimebound:FinishingTackle","Slimebound:LeechingTouch"],"picked":"Slimebound:SplitBruiser","floor":4},{"not_picked":["Slimebound:FlameTackle","Slimebound:Dissolve"],"picked":"Slimebound:HauntingLick","floor":6},{"not_picked":["Slimebound:Equalize","Slimebound:ComboTackle"],"picked":"Slimebound:PressTheAttack","floor":9},{"not_picked":["Slimebound:GoopTackle","Slimebound:SlimeTap"],"picked":"Slimebound:GrowthPunch","floor":10},{"not_picked":["Slimebound:SplitAcid","Slimebound:GoopTackle"],"picked":"Slimebound:SamplingLick","floor":11},{"not_picked":["Slimebound:Dissolve","Slimebound:OozeBath"],"picked":"Slimebound:Gluttony","floor":12},{"not_picked":["Slimebound:ViciousTackle","Slimebound:RollThrough"],"picked":"Slimebound:GrowthPunch","floor":13},{"not_picked":["Slimebound:WasteNot","Slimebound:SplitAcid"],"picked":"Slimebound:ComboTackle","floor":14},{"not_picked":["Slimebound:LeechEnergy","Slimebound:GrowthPunch"],"picked":"Slimebound:SplitMire","floor":15},{"not_picked":["Slimebound:CheckThePlaybook","Slimebound:SlimeSlap"],"picked":"Slimebound:RallyTheTroops","floor":16}],"player_experience":159389,"relics_obtained":[{"floor":1,"key":"StoneCalendar"},{"floor":3,"key":"ReplayTheSpireMod:Ninjato"},{"floor":7,"key":"RollingBoulder"},{"floor":10,"key":"Toy Ornithopter"},{"floor":11,"key":"Onion Ring"}],"event_choices":[],"is_beta":false,"boss_relics":[{"not_picked":["Replay:Wanted Poster","hubris:RunicObelisk"],"picked":"hubris:VirtuousBlindfold"}],"items_purged_floors":[],"is_endless":false,"potions_floor_spawned":[2,11,13,14,16],"ascension_level":0}}