{"host":"6pgtslebjnyv5xmi","time":1609741446,"event":{"mods":["AchievementEnabler","BaseMod","Colored Map","Minty Spire (QoL Compilation)","Rare Cards Sparkle","StSLib","SuperFastMode","everything is the same but u backflip on backflip"],"gold_per_floor":[19,30,45,62,62,90,90,19,19,37,48,48,61,71,71,168,168,178,178,191,203,32,32,49,60,60,71,71,71,71,88,88,88,88],"floor_reached":33,"playtime":1302,"items_purged":[],"score":422,"play_id":"f9410a22-6f49-4231-8574-96bfb50c00dc","local_time":"20210104152406","is_ascension_mode":true,"campfire_choices":[{"floor":7.0,"key":"REST"},{"data":"Hyperbeam","floor":12.0,"key":"SMITH"},{"data":"Seek","floor":15.0,"key":"SMITH"},{"data":"Apotheosis","floor":23.0,"key":"SMITH"},{"data":"Double Energy","floor":30.0,"key":"SMITH"},{"data":"Recycle","floor":32.0,"key":"SMITH"}],"circlet_count":0,"master_deck":["Defend_B","Defend_B","Defend_B","Defend_B","Zap","Dualcast","Hyperbeam+1","Go for the Eyes","Scrape","Self Repair","Seek+1","Rebound","Go for the Eyes","FTL","Recycle+1","Rebound","Hyperbeam+1","Double Energy+1","Melter","Skim+1","Apotheosis+1","Beam Cell+1","Ghostly","Ghostly","Ghostly","Ghostly","Ghostly","Steam+1"],"relics":["Cracked Core","Dream Catcher","Letter Opener","Empty Cage","Boot"],"acts_visited":["Exordium","TheCity"],"potions_floor_usage":[33,33],"damage_taken":[{"damage":0.0,"enemies":"Cultist","floor":1.0,"turns":2.0},{"damage":0.0,"enemies":"Small Slimes","floor":2.0,"turns":1.0},{"damage":0.0,"enemies":"2 Louse","floor":3.0,"turns":2.0},{"damage":12.0,"enemies":"Looter","floor":4.0,"turns":3.0},{"damage":36.0,"enemies":"Lagavulin","floor":6.0,"turns":7.0},{"damage":0.0,"enemies":"3 Louse","floor":10.0,"turns":1.0},{"damage":0.0,"enemies":"Exordium Thugs","floor":11.0,"turns":3.0},{"damage":11.0,"enemies":"Looter","floor":13.0,"turns":3.0},{"damage":1.0,"enemies":"3 Louse","floor":14.0,"turns":3.0},{"damage":0.0,"enemies":"Slime Boss","floor":16.0,"turns":4.0},{"damage":11.0,"enemies":"Spheric Guardian","floor":18.0,"turns":3.0},{"damage":11.0,"enemies":"2 Thieves","floor":20.0,"turns":2.0},{"damage":0.0,"enemies":"Snecko","floor":21.0,"turns":2.0},{"damage":4.0,"enemies":"Centurion and Healer","floor":24.0,"turns":2.0},{"damage":0.0,"enemies":"Cultist and Chosen","floor":25.0,"turns":2.0},{"damage":5.0,"enemies":"Snecko","floor":27.0,"turns":3.0},{"damage":0.0,"enemies":"Shelled Parasite and Fungi","floor":31.0,"turns":2.0},{"damage":46,"enemies":"Automaton","floor":33,"turns":8}],"seed_played":"1730292175884646","potions_obtained":[{"floor":2.0,"key":"BlessingOfTheForge"},{"floor":4.0,"key":"DistilledChaos"},{"floor":10.0,"key":"Explosive Potion"},{"floor":14.0,"key":"EntropicBrew"},{"floor":16.0,"key":"Weak Potion"},{"floor":18.0,"key":"LiquidMemories"},{"floor":21.0,"key":"Weak Potion"},{"floor":27.0,"key":"Swift Potion"}],"is_trial":false,"path_per_floor":["M","M","M","M","?","E","R","$","T","M","M","R","M","M","R","B",null,"M","?","M","M","$","R","M","M","T","M","?","?","R","M","R","B"],"character_chosen":"DEFECT","items_purchased":["Rebound","Go for the Eyes","Apotheosis"],"campfire_rested":1,"item_purchase_floors":[8,8,22],"current_hp_per_floor":[68,68,68,63,63,27,49,49,49,49,56,56,52,51,51,51,69,65,65,61,68,68,68,64,64,64,69,37,37,37,37,37,0,0],"gold":88,"neow_bonus":"THREE_RARE_CARDS","is_daily":false,"chose_seed":false,"campfire_upgraded":5,"win_rate":0.0,"timestamp":1609741446,"path_taken":["M","M","M","?","?","E","R","$","T","M","M","R","?","M","R","BOSS","M","?","?","M","$","R","M","M","T","M","?","?","R","M","R","BOSS"],"items_purchased_type":["Card","Card","Card"],"build_version":"2020-12-22","purchased_purges":0,"victory":false,"max_hp_per_floor":[75,75,75,75,75,75,75,75,75,75,75,75,75,75,75,75,75,75,75,75,75,75,75,75,75,75,75,37,37,37,37,37,37,37],"card_choices":[{"not_picked":["Amplify","Fission"],"picked":"Hyperbeam","floor":0.0},{"not_picked":["Conserve Battery","Redo"],"picked":"Go for the Eyes","floor":1.0},{"not_picked":["Hologram","Cold Snap"],"picked":"Scrape","floor":2.0},{"not_picked":["Glacier","Streamline"],"picked":"Self Repair","floor":3.0},{"not_picked":["Compile Driver","Streamline","Steam"],"picked":"SKIP","floor":4.0},{"not_picked":["Cold Snap","Hologram"],"picked":"Seek","floor":6.0},{"not_picked":["Go for the Eyes","Gash"],"picked":"FTL","floor":10.0},{"not_picked":["Turbo","Conserve Battery"],"picked":"Recycle","floor":11.0},{"not_picked":["Chaos","Coolheaded"],"picked":"Rebound","floor":13.0},{"not_picked":["Loop","Redo","Leap"],"picked":"SKIP","floor":14.0},{"not_picked":["Fission","Core Surge"],"picked":"Hyperbeam","floor":16.0},{"not_picked":["Chill","Go for the Eyes"],"picked":"Double Energy","floor":18.0},{"not_picked":["Steam","Sweeping Beam+1"],"picked":"Melter","floor":20.0},{"not_picked":["Redo","Sweeping Beam"],"picked":"Skim+1","floor":21.0},{"not_picked":["Sweeping Beam","Leap"],"picked":"Beam Cell+1","floor":24.0},{"not_picked":["Conserve Battery","Tempest","Redo"],"picked":"SKIP","floor":25.0},{"not_picked":["Coolheaded","Darkness","Streamline+1"],"picked":"SKIP","floor":27.0},{"not_picked":["Capacitor","Barrage"],"picked":"Steam+1","floor":31.0}],"player_experience":690062,"relics_obtained":[{"floor":6.0,"key":"Dream Catcher"},{"floor":9.0,"key":"Letter Opener"},{"floor":26.0,"key":"Boot"}],"event_choices":[{"cards_removed":["Strike_B"],"damage_healed":0.0,"max_hp_gain":0.0,"max_hp_loss":0.0,"gold_gain":0.0,"event_name":"Purifier","player_choice":"Purged","floor":5.0,"gold_loss":0.0,"damage_taken":0.0},{"damage_healed":0.0,"max_hp_gain":0.0,"max_hp_loss":0.0,"gold_gain":0.0,"event_name":"Upgrade Shrine","player_choice":"Upgraded","floor":19.0,"gold_loss":0.0,"damage_taken":0.0,"cards_upgraded":["Hyperbeam"]},{"damage_healed":0.0,"max_hp_gain":0.0,"max_hp_loss":38.0,"gold_gain":0.0,"event_name":"Ghosts","player_choice":"Became a Ghost","floor":28.0,"gold_loss":0.0,"damage_taken":0.0,"cards_obtained":["Ghostly","Ghostly","Ghostly","Ghostly","Ghostly"]},{"cards_removed":["Strike_B"],"damage_healed":0.0,"max_hp_gain":0.0,"max_hp_loss":0.0,"gold_gain":0.0,"event_name":"Back to Basics","player_choice":"Elegance","floor":29.0,"gold_loss":0.0,"damage_taken":0.0}],"is_beta":false,"boss_relics":[{"not_picked":["Astrolabe","Sozu"],"picked":"Empty Cage"}],"items_purged_floors":[],"is_endless":false,"potions_floor_spawned":[2,4,10,14,16,18,20,21,27],"killed_by":"Automaton","ascension_level":6}}