{"host":"1a3cjta80tad0aqj","time":1609784989,"event":{"mods":["2.2 Compatiblity","AchievementEnabler","BaseMod","Colored Map","DeckTracker","KOR Keyword Fix","Keyboard Shortcuts","Minty Spire (QoL Compilation)","Permanent Neow","Quick Restart","Random Character Button","StSLib","SuperFastMode","everything is the same but u backflip on backflip"],"gold_per_floor":[114,126,142,142,142,142,168,178,202,202,202,222,233,48,48,153,153,163,173,189,201,201,235,235,248,301,53,379,397,88,88,88,88,88],"floor_reached":33,"playtime":2120,"items_purged":["Defend_R","Defend_R"],"score":289,"play_id":"b797c071-9f39-4f27-b66f-972543ab22b4","local_time":"20210105032949","is_ascension_mode":false,"campfire_choices":[{"floor":10,"key":"REST"},{"data":"Immolate","floor":15,"key":"SMITH"},{"data":"Perfected Strike","floor":24,"key":"SMITH"},{"data":"Flex","floor":32,"key":"SMITH"}],"circlet_count":0,"master_deck":["Strike_R","Strike_R","Strike_R","Strike_R","Strike_R","Defend_R","Bash","Iron Wave","Cleave","Sword Boomerang","Pommel Strike","Inflame+1","Headbutt","Immolate+1","Battle Trance+1","Limit Break+1","Perfected Strike+1","Wild Strike+1","Whirlwind","Flex+1"],"relics":["Burning Blood","Regal Pillow","Bird Faced Urn","Blue Candle","Magic Flower","Dream Catcher","Orichalcum","Mark of Pain","Smiling Mask","Pen Nib","War Paint","Bag of Marbles","Old Coin","Paper Frog","Enchiridion"],"acts_visited":["Exordium","TheCity"],"potions_floor_usage":[16,23,25,33],"damage_taken":[{"damage":10,"enemies":"Small Slimes","floor":1,"turns":4},{"damage":1,"enemies":"Jaw Worm","floor":2,"turns":4},{"damage":2,"enemies":"2 Louse","floor":3,"turns":3},{"damage":35,"enemies":"Gremlin Nob","floor":7,"turns":5},{"damage":3,"enemies":"2 Fungi Beasts","floor":8,"turns":3},{"damage":1,"enemies":"Exordium Thugs","floor":12,"turns":3},{"damage":6,"enemies":"Large Slime","floor":13,"turns":4},{"damage":10,"enemies":"Slime Boss","floor":16,"turns":6},{"damage":18,"enemies":"3 Byrds","floor":18,"turns":4},{"damage":0,"enemies":"Chosen","floor":19,"turns":4},{"damage":33,"enemies":"Shelled Parasite and Fungi","floor":20,"turns":5},{"damage":8,"enemies":"Centurion and Healer","floor":21,"turns":4},{"damage":23,"enemies":"Slavers","floor":23,"turns":3},{"damage":5,"enemies":"Cultist and Chosen","floor":25,"turns":3},{"damage":12,"enemies":"Gremlin Leader","floor":28,"turns":3},{"damage":3,"enemies":"Snecko","floor":29,"turns":3},{"damage":65,"enemies":"Champ","floor":33,"turns":5}],"seed_played":"-702607769494898715","potions_obtained":[{"floor":3,"key":"ElixirPotion"},{"floor":12,"key":"Swift Potion"},{"floor":18,"key":"EssenceOfSteel"},{"floor":20,"key":"SpeedPotion"},{"floor":23,"key":"SkillPotion"}],"is_trial":false,"path_per_floor":["M","M","M","?","?","T","E","M","T","R","?","M","M","$","R","B",null,"M","M","M","M","?","E","R","M","T","$","E","M","$","?","R","B"],"character_chosen":"IRONCLAD","items_purchased":["Orichalcum","Battle Trance","Bag of Marbles","Flex","Paper Frog"],"campfire_rested":1,"item_purchase_floors":[14,14,27,27,30],"current_hp_per_floor":[76,80,80,73,55,55,26,32,32,71,71,80,80,80,80,79,80,71,80,59,63,63,52,52,59,59,59,59,68,68,52,52,0,0],"gold":88,"neow_bonus":"RANDOM_COMMON_RELIC","is_daily":false,"chose_seed":false,"campfire_upgraded":3,"win_rate":0.0,"timestamp":1609784989,"path_taken":["M","M","M","?","?","?","E","M","T","R","?","M","M","$","R","BOSS","M","M","M","M","?","E","R","M","T","$","E","M","$","?","R","BOSS"],"items_purchased_type":["Relic","Card","Relic","Card","Relic"],"build_version":"2020-12-22","purchased_purges":2,"victory":false,"max_hp_per_floor":[80,80,80,80,80,80,80,80,80,80,80,80,80,80,80,80,80,80,80,80,80,80,80,80,80,80,80,80,80,80,80,80,80,80],"card_choices":[{"not_picked":["Wild Strike","Pommel Strike"],"picked":"Iron Wave","floor":1},{"not_picked":["Havoc","Rampage"],"picked":"Cleave","floor":2},{"not_picked":["Cleave","Clash"],"picked":"Sword Boomerang","floor":3},{"not_picked":["Pummel","Iron Wave"],"picked":"Pommel Strike","floor":7},{"not_picked":["Armaments","Metallicize"],"picked":"Inflame","floor":8},{"not_picked":["Sword Boomerang","Armaments"],"picked":"Headbutt","floor":10},{"not_picked":["Flame Barrier","Shockwave","Sword Boomerang"],"picked":"SKIP","floor":12},{"not_picked":["Havoc","Clash"],"picked":"Immolate","floor":13},{"not_picked":["Exhume","Reaper"],"picked":"Limit Break","floor":16},{"not_picked":["Dual Wield","Seeing Red"],"picked":"Perfected Strike","floor":18},{"not_picked":["Iron Wave","Rage","Pommel Strike"],"picked":"SKIP","floor":19},{"not_picked":["Perfected Strike","Dark Embrace","Searing Blow"],"picked":"SKIP","floor":20},{"not_picked":["Clash","Iron Wave"],"picked":"Wild Strike+1","floor":21},{"not_picked":["Fire Breathing","Sword Boomerang"],"picked":"Whirlwind","floor":23},{"not_picked":["Rupture+1","True Grit","Cleave"],"picked":"SKIP","floor":25},{"not_picked":["Armaments+1","Clash","Blood for Blood"],"picked":"SKIP","floor":28},{"not_picked":["Headbutt","Body Slam","Rage"],"picked":"SKIP","floor":29}],"player_experience":92145,"relics_obtained":[{"floor":6,"key":"Blue Candle"},{"floor":7,"key":"Magic Flower"},{"floor":9,"key":"Dream Catcher"},{"floor":23,"key":"Pen Nib"},{"floor":26,"key":"War Paint"},{"floor":28,"key":"Old Coin"},{"floor":31,"key":"Enchiridion"}],"event_choices":[{"cards_removed":["Defend_R"],"damage_healed":0,"gold_gain":0,"player_choice":"Card Removal","damage_taken":7,"max_hp_gain":0,"max_hp_loss":0,"event_name":"Golden Wing","floor":4,"gold_loss":0},{"damage_healed":0,"gold_gain":0,"player_choice":"Success","damage_taken":18,"relics_obtained":["Bird Faced Urn"],"max_hp_gain":0,"max_hp_loss":0,"event_name":"Scrap Ooze","floor":5,"gold_loss":0},{"damage_healed":0,"gold_gain":0,"player_choice":"Grow","damage_taken":0,"max_hp_gain":0,"max_hp_loss":0,"event_name":"Living Wall","floor":11,"gold_loss":0,"cards_upgraded":["Inflame"]},{"damage_healed":0,"gold_gain":0,"player_choice":"Opened","damage_taken":0,"relics_obtained":["Smiling Mask"],"max_hp_gain":0,"max_hp_loss":0,"event_name":"The Mausoleum","floor":22,"gold_loss":0},{"damage_healed":0,"gold_gain":0,"player_choice":"Obtained Book","damage_taken":16,"max_hp_gain":0,"max_hp_loss":0,"event_name":"Cursed Tome","floor":31,"gold_loss":0}],"is_beta":false,"boss_relics":[{"not_picked":["Snecko Eye","Runic Dome"],"picked":"Mark of Pain"}],"items_purged_floors":[27,30],"is_endless":false,"potions_floor_spawned":[3,12,18,20,23],"killed_by":"Champ","ascension_level":0}}