{"host":"0e0lo445kffy4sr5","time":1609753891,"event":{"mods":["BaseMod","Minty Spire (QoL Compilation)","StSLib"],"gold_per_floor":[114,114,132,146,157,170,182,210,233,233,233,264,264,277,277,405,405,418,432,457,493,493,533,556,108,108,108,122,138,62,62,62,186,186,206,262,12,287,306,349,9,9,35,48,48,91,111,124,124,124],"floor_reached":51,"playtime":7900,"items_purged":["Injury","Regret"],"score":816,"play_id":"9ad9e641-c08c-4aab-bf51-64bb52b4fa0a","local_time":"20210104045131","is_ascension_mode":false,"campfire_choices":[{"data":"Berserk","floor":13,"key":"SMITH"},{"data":"Bash","floor":15,"key":"SMITH"},{"floor":32,"key":"REST"},{"floor":45,"key":"REST"},{"data":"Mind Blast","floor":49,"key":"SMITH"}],"circlet_count":0,"master_deck":["Strike_R","Strike_R","Strike_R","Strike_R","Defend_R","Defend_R","Defend_R","Defend_R","Bash+1","Rampage","Pommel Strike+1","Ghostly Armor","Reckless Charge","Dropkick","Intimidate","Dropkick+1","Berserk+1","Berserk","Headbutt","Shockwave","Feel No Pain+1","Power Through","Seeing Red","Offering","Barricade","Reaper","Demon Form","Whirlwind","Armaments+1","Ghostly Armor","The Bomb","Flame Barrier+1","Disarm+1","Mayhem","Flex","Metallicize","Whirlwind","Mind Blast+1","Impervious","Madness","Madness","Armaments+1","Parasite","Headbutt+1"],"relics":["Black Blood","Pen Nib","Whetstone","Golden Idol","Self Forming Clay","Mercury Hourglass","Velvet Choker","Red Mask","TungstenRod","PreservedInsect","Chemical X","Paper Frog","MutagenicStrength","Charon\u0027s Ashes","Membership Card","Orichalcum","Juzu Bracelet","Darkstone Periapt"],"acts_visited":["Exordium","TheCity","TheBeyond"],"potions_floor_usage":[8,8,14,16,23,24,24,29,33,46,46,50],"damage_taken":[{"damage":3,"enemies":"Jaw Worm","floor":1,"turns":4},{"damage":6,"enemies":"Cultist","floor":3,"turns":3},{"damage":12,"enemies":"2 Louse","floor":4,"turns":2},{"damage":10,"enemies":"Exordium Wildlife","floor":5,"turns":3},{"damage":6,"enemies":"Large Slime","floor":6,"turns":6},{"damage":4,"enemies":"Blue Slaver","floor":7,"turns":4},{"damage":0,"enemies":"Gremlin Nob","floor":8,"turns":2},{"damage":20,"enemies":"3 Sentries","floor":12,"turns":10},{"damage":0,"enemies":"3 Louse","floor":14,"turns":1},{"damage":36,"enemies":"The Guardian","floor":16,"turns":6},{"damage":5,"enemies":"Chosen","floor":18,"turns":4},{"damage":30,"enemies":"Spheric Guardian","floor":19,"turns":4},{"damage":18,"enemies":"Centurion and Healer","floor":20,"turns":6},{"damage":11,"enemies":"Masked Bandits","floor":21,"turns":5},{"damage":17,"enemies":"Book of Stabbing","floor":23,"turns":5},{"damage":6,"enemies":"Shelled Parasite and Fungi","floor":24,"turns":5},{"damage":5,"enemies":"3 Cultists","floor":28,"turns":5},{"damage":19,"enemies":"Snake Plant","floor":29,"turns":4},{"damage":37,"enemies":"Champ","floor":33,"turns":12},{"damage":29,"enemies":"3 Darklings","floor":35,"turns":7},{"damage":45,"enemies":"2 Orb Walkers","floor":36,"turns":5},{"damage":4,"enemies":"3 Shapes","floor":39,"turns":3},{"damage":33,"enemies":"Reptomancer","floor":40,"turns":6},{"damage":4,"enemies":"Jaw Worm Horde","floor":44,"turns":2},{"damage":0,"enemies":"Nemesis","floor":46,"turns":1},{"damage":0,"enemies":"3 Darklings","floor":47,"turns":1},{"damage":3,"enemies":"Writhing Mass","floor":48,"turns":6},{"damage":83,"enemies":"Awakened One","floor":50,"turns":13}],"seed_played":"-6737217748291297882","potions_obtained":[{"floor":4,"key":"PowerPotion"},{"floor":5,"key":"FearPotion"},{"floor":7,"key":"SteroidPotion"},{"floor":14,"key":"Fruit Juice"},{"floor":18,"key":"FearPotion"},{"floor":20,"key":"SneckoOil"},{"floor":23,"key":"Weak Potion"},{"floor":28,"key":"AttackPotion"},{"floor":29,"key":"Block Potion"},{"floor":39,"key":"LiquidMemories"},{"floor":40,"key":"AttackPotion"},{"floor":48,"key":"Explosive Potion"}],"is_trial":false,"path_per_floor":["M","?","M","M","M","M","M","E","T","?","T","E","R","M","R","B",null,"M","M","M","?","T","E","M","$","T","?","M","M","$","?","R","B",null,"M","?","$","?","M","E","$","?","T","M","R","E","M","M","R","B",null],"character_chosen":"IRONCLAD","items_purchased":["Chemical X","Seeing Red","Offering","Reaper","Membership Card","Ghostly Armor","The Bomb","Mayhem","Flex","Metallicize","Whirlwind","Mind Blast","Impervious"],"campfire_rested":2,"item_purchase_floors":[25,25,25,30,37,37,37,41,41,41,41,41,41],"current_hp_per_floor":[80,80,80,74,70,70,72,78,78,78,78,64,64,75,75,45,85,85,61,49,44,44,33,33,33,33,33,34,21,21,16,41,17,85,74,49,49,49,57,40,40,30,30,38,63,75,85,91,91,46],"gold":124,"neow_bonus":"","is_daily":false,"chose_seed":false,"campfire_upgraded":3,"win_rate":0.0,"timestamp":1609753891,"path_taken":["M","?","M","M","?","M","M","E","T","?","?","E","R","M","R","BOSS","M","M","M","?","?","E","M","?","T","?","?","?","$","?","R","BOSS","M","?","$","?","?","E","$","?","T","M","R","E","M","M","R","BOSS"],"items_purchased_type":["Relic","Card","Card","Card","Relic","Card","Card","Card","Card","Card","Card","Card","Card"],"build_version":"2020-12-13","purchased_purges":2,"victory":true,"max_hp_per_floor":[80,80,80,80,80,80,80,80,80,80,80,80,80,85,85,85,85,85,85,85,85,85,85,85,85,85,85,85,85,85,85,85,85,85,85,85,85,85,85,85,85,85,85,85,85,85,85,91,91,91],"card_choices":[{"not_picked":["Body Slam","Perfected Strike"],"picked":"Rampage","floor":1},{"not_picked":["Clash","Anger"],"picked":"Pommel Strike","floor":3},{"not_picked":["Clash","Clothesline"],"picked":"Ghostly Armor","floor":4},{"not_picked":["Pommel Strike","True Grit"],"picked":"Reckless Charge","floor":5},{"not_picked":["Pommel Strike","Bloodletting"],"picked":"Dropkick","floor":6},{"not_picked":["Pummel","Clothesline"],"picked":"Intimidate","floor":7},{"not_picked":["Armaments","Twin Strike"],"picked":"Dropkick","floor":8},{"not_picked":["Armaments","Clash"],"picked":"Berserk","floor":12},{"not_picked":["Clash","Sword Boomerang","Feel No Pain"],"picked":"SKIP","floor":14},{"not_picked":["Juggernaut","Barricade"],"picked":"Berserk","floor":16},{"not_picked":["Body Slam","Shrug It Off"],"picked":"Headbutt","floor":18},{"not_picked":["Warcry","Bloodletting"],"picked":"Shockwave","floor":19},{"not_picked":["Second Wind+1","Shrug It Off"],"picked":"Feel No Pain+1","floor":20},{"not_picked":["Warcry","Thunderclap"],"picked":"Power Through","floor":23},{"not_picked":["Thunderclap","Cleave","Combust+1"],"picked":"SKIP","floor":24},{"not_picked":["Battle Trance","Sword Boomerang+1","Warcry"],"picked":"SKIP","floor":28},{"not_picked":["Headbutt","Thunderclap"],"picked":"Barricade","floor":29},{"not_picked":["Juggernaut","Bludgeon"],"picked":"Demon Form","floor":33},{"not_picked":["Thunderclap","Shrug It Off"],"picked":"Whirlwind","floor":35},{"not_picked":["Pommel Strike+1","Clash"],"picked":"Armaments+1","floor":36},{"not_picked":["Battle Trance+1","Body Slam"],"picked":"Flame Barrier+1","floor":39},{"not_picked":["Twin Strike+1","Rage"],"picked":"Disarm+1","floor":40},{"not_picked":["Warcry+1","Thunderclap+1"],"picked":"Armaments+1","floor":44},{"not_picked":["Brutality","Armaments+1","Shrug It Off"],"picked":"SKIP","floor":46},{"not_picked":["Armaments+1","Twin Strike+1","Flame Barrier"],"picked":"SKIP","floor":47},{"not_picked":["Clash+1","Sword Boomerang"],"picked":"Headbutt+1","floor":48}],"player_experience":0,"relics_obtained":[{"floor":8,"key":"Pen Nib"},{"floor":9,"key":"Whetstone"},{"floor":11,"key":"Self Forming Clay"},{"floor":12,"key":"Mercury Hourglass"},{"floor":21,"key":"Red Mask"},{"floor":22,"key":"TungstenRod"},{"floor":23,"key":"PreservedInsect"},{"floor":26,"key":"Paper Frog"},{"floor":36,"key":"Charon\u0027s Ashes"},{"floor":40,"key":"Orichalcum"},{"floor":43,"key":"Juzu Bracelet"},{"floor":46,"key":"Darkstone Periapt"}],"event_choices":[{"cards_removed":["Strike_R"],"damage_healed":0,"gold_gain":0,"player_choice":"Offered Basic","damage_taken":0,"max_hp_gain":0,"max_hp_loss":0,"event_name":"Bonfire Elementals","floor":2,"gold_loss":0},{"damage_healed":0,"gold_gain":0,"player_choice":"Take Wound","damage_taken":0,"relics_obtained":["Golden Idol"],"max_hp_gain":0,"max_hp_loss":0,"event_name":"Golden Idol","floor":10,"gold_loss":0,"cards_obtained":["Injury"]},{"damage_healed":0,"gold_gain":0,"player_choice":"Fought Bandits","damage_taken":0,"max_hp_gain":0,"max_hp_loss":0,"event_name":"Masked Bandits","floor":21,"gold_loss":0},{"damage_healed":0,"gold_gain":0,"player_choice":"Inject Mutagens","damage_taken":0,"relics_obtained":["MutagenicStrength"],"max_hp_gain":0,"max_hp_loss":0,"event_name":"Drug Dealer","floor":27,"gold_loss":0},{"damage_healed":0,"gold_gain":0,"player_choice":"Stopped","damage_taken":9,"max_hp_gain":0,"max_hp_loss":0,"event_name":"Cursed Tome","floor":31,"gold_loss":0},{"damage_healed":0,"gold_gain":0,"player_choice":"Fight","damage_taken":0,"max_hp_gain":0,"max_hp_loss":0,"event_name":"Mysterious Sphere","floor":36,"gold_loss":0},{"damage_healed":0,"gold_gain":275,"player_choice":"Desecrate","damage_taken":0,"max_hp_gain":0,"max_hp_loss":0,"event_name":"Golden Shrine","floor":38,"gold_loss":0,"cards_obtained":["Regret"]},{"damage_healed":0,"gold_gain":0,"player_choice":"Embrace Madness","damage_taken":11,"max_hp_gain":0,"max_hp_loss":0,"event_name":"Winding Halls","floor":42,"gold_loss":0,"cards_obtained":["Madness","Madness"]}],"is_beta":false,"boss_relics":[{"not_picked":["Tiny House","Fusion Hammer"],"picked":"Velvet Choker"},{"not_picked":["Coffee Dripper","Astrolabe"],"picked":"Black Blood"}],"items_purged_floors":[25,41],"is_endless":false,"potions_floor_spawned":[4,5,7,14,18,20,23,28,29,39,40,48],"ascension_level":0}}