{"host":"pfy6u49v5s5r680p","time":1609741037,"event":{"mods":["BaseMod","Colored Map","DeckTracker","Highlight Path","Keyboard Shortcuts","Minty Spire (QoL Compilation)","Permanent Neow","Quick Restart","StSLib","SuperFastMode","everything is the same but u backflip on backflip"],"gold_per_floor":[99,19,19,19,19,19,19,19,19,19,19,4,4,4,4,4,4,0,0,0,0,0,0,0,0,0,0,0,0,0,0,0,0,0,0,0,0,0,0,0,0,0,0,0,0,0,0,0,0,0],"floor_reached":51,"playtime":14530,"items_purged":[],"score":1264,"play_id":"415d38ca-e044-465b-8b95-8f0fb267eaa1","local_time":"20210104151717","is_ascension_mode":true,"campfire_choices":[{"data":"Eruption","floor":6.0,"key":"SMITH"},{"data":"CrushJoints","floor":8.0,"key":"SMITH"},{"floor":15.0,"key":"REST"},{"floor":24.0,"key":"REST"},{"floor":28.0,"key":"REST"},{"data":"Scrawl","floor":30.0,"key":"SMITH"},{"data":"MentalFortress","floor":32.0,"key":"SMITH"},{"data":"Ghostly","floor":40.0,"key":"SMITH"},{"data":"MentalFortress","floor":42.0,"key":"SMITH"},{"data":"Scrawl","floor":49.0,"key":"SMITH"}],"circlet_count":0,"master_deck":["Strike_P","Strike_P","Strike_P","Defend_P","Defend_P","Defend_P","Defend_P","Eruption+1","Vigilance","InnerPeace","CrushJoints+1","Ragnarok+1","Scrawl+1","Ghostly","Ghostly","Ghostly","Ghostly","Ghostly+1","MentalFortress+1","MentalFortress+1","FlurryOfBlows+1","Scrawl+1"],"relics":["Ectoplasm","Pen Nib","Molten Egg 2","Golden Idol","VioletLotus","Lantern","Potion Belt","Mercury Hourglass","Bird Faced Urn","White Beast Statue","Runic Dome","Boot","Shuriken","Red Mask","Juzu Bracelet"],"acts_visited":["Exordium","TheCity","TheBeyond"],"potions_floor_usage":[50,50,50,50,50],"damage_taken":[{"damage":0.0,"enemies":"Jaw Worm","floor":1.0,"turns":4.0},{"damage":0.0,"enemies":"Cultist","floor":3.0,"turns":3.0},{"damage":4.0,"enemies":"Small Slimes","floor":4.0,"turns":2.0},{"damage":15.0,"enemies":"3 Louse","floor":7.0,"turns":3.0},{"damage":8.0,"enemies":"Gremlin Nob","floor":10.0,"turns":3.0},{"damage":1.0,"enemies":"Looter","floor":12.0,"turns":2.0},{"damage":0.0,"enemies":"Blue Slaver","floor":14.0,"turns":1.0},{"damage":0.0,"enemies":"Slime Boss","floor":16.0,"turns":1.0},{"damage":7.0,"enemies":"2 Thieves","floor":18.0,"turns":2.0},{"damage":0.0,"enemies":"Shell Parasite","floor":19.0,"turns":3.0},{"damage":6.0,"enemies":"Centurion and Healer","floor":20.0,"turns":3.0},{"damage":2.0,"enemies":"Cultist and Chosen","floor":21.0,"turns":4.0},{"damage":4.0,"enemies":"Snecko","floor":22.0,"turns":4.0},{"damage":20.0,"enemies":"Gremlin Leader","floor":23.0,"turns":2.0},{"damage":36.0,"enemies":"Slavers","floor":25.0,"turns":4.0},{"damage":0.0,"enemies":"Centurion and Healer","floor":27.0,"turns":2.0},{"damage":2.0,"enemies":"Colosseum Slavers","floor":31.0,"turns":3.0},{"damage":4.0,"enemies":"Colosseum Nobs","floor":31.0,"turns":4.0},{"damage":0.0,"enemies":"Champ","floor":33.0,"turns":7.0},{"damage":6.0,"enemies":"3 Shapes","floor":35.0,"turns":3.0},{"damage":0.0,"enemies":"Orb Walker","floor":36.0,"turns":4.0},{"damage":9.0,"enemies":"4 Shapes","floor":37.0,"turns":6.0},{"damage":0.0,"enemies":"3 Darklings","floor":38.0,"turns":3.0},{"damage":0.0,"enemies":"Maw","floor":39.0,"turns":5.0},{"damage":0.0,"enemies":"Reptomancer","floor":41.0,"turns":1.0},{"damage":1.0,"enemies":"4 Shapes","floor":44.0,"turns":5.0},{"damage":0.0,"enemies":"Nemesis","floor":47.0,"turns":3.0},{"damage":0.0,"enemies":"Jaw Worm Horde","floor":48.0,"turns":3.0},{"damage":0,"enemies":"Donu and Deca","floor":50,"turns":6}],"seed_played":"1822317622678054117","potions_obtained":[{"floor":1.0,"key":"DuplicationPotion"},{"floor":3.0,"key":"SteroidPotion"},{"floor":14.0,"key":"DuplicationPotion"},{"floor":19.0,"key":"DistilledChaos"},{"floor":20.0,"key":"SpeedPotion"},{"floor":22.0,"key":"LiquidMemories"},{"floor":27.0,"key":"StancePotion"},{"floor":33.0,"key":"SteroidPotion"},{"floor":35.0,"key":"Strength Potion"},{"floor":36.0,"key":"ColorlessPotion"},{"floor":37.0,"key":"BottledMiracle"},{"floor":38.0,"key":"Energy Potion"},{"floor":39.0,"key":"Dexterity Potion"},{"floor":41.0,"key":"SpeedPotion"},{"floor":44.0,"key":"ColorlessPotion"},{"floor":48.0,"key":"Strength Potion"}],"is_trial":false,"path_per_floor":["M","$","M","M","?","R","M","R","T","E","?","M","$","M","R","B",null,"M","M","M","M","M","E","R","E","T","M","R","?","R","?","R","B",null,"M","M","M","M","M","R","E","R","T","M","?","?","E","M","R","B",null],"character_chosen":"WATCHER","items_purchased":["InnerPeace"],"campfire_rested":3,"item_purchase_floors":[2],"current_hp_per_floor":[65,65,65,61,61,61,46,46,46,38,38,37,37,37,57,57,65,58,58,52,50,46,26,46,10,10,10,30,30,30,24,24,26,31,27,29,24,28,33,33,33,33,33,32,32,32,33,33,33,33],"gold":0,"neow_bonus":"BOSS_RELIC","is_daily":false,"chose_seed":false,"campfire_upgraded":7,"win_rate":0.0,"timestamp":1609741037,"path_taken":["M","$","M","M","?","R","?","R","T","E","?","M","$","M","R","BOSS","M","M","M","M","M","E","R","E","T","M","R","?","R","?","R","BOSS","M","M","M","M","M","R","E","R","T","M","?","?","E","M","R","BOSS"],"items_purchased_type":["Card"],"build_version":"2020-12-22","purchased_purges":0,"victory":true,"max_hp_per_floor":[72,72,72,72,72,72,72,72,72,72,67,67,67,67,67,67,67,67,67,67,67,67,67,67,67,67,67,67,33,33,33,33,33,33,33,33,33,33,33,33,33,33,33,33,33,33,33,33,33,33],"card_choices":[{"not_picked":["Collect","JustLucky","WheelKick"],"picked":"SKIP","floor":1.0},{"not_picked":["Crescendo","Protect"],"picked":"CrushJoints","floor":3.0},{"not_picked":["JustLucky","Pray","EmptyFist"],"picked":"SKIP","floor":4.0},{"not_picked":["Worship","Study","Vengeance"],"picked":"SKIP","floor":7.0},{"not_picked":["Sanctity","FollowUp+1"],"picked":"Ragnarok+1","floor":10.0},{"not_picked":["WaveOfTheHand","Nirvana","ClearTheMind"],"picked":"SKIP","floor":12.0},{"not_picked":["PathToVictory","CrushJoints+1","Indignation"],"picked":"SKIP","floor":14.0},{"not_picked":["CutThroughFate+1","Perseverance+1","WheelKick+1"],"picked":"SKIP","floor":18.0},{"not_picked":["ClearTheMind+1","CrushJoints+1","Sanctity"],"picked":"SKIP","floor":19.0},{"not_picked":["FlyingSleeves+1","Perseverance+1","EmptyBody"],"picked":"SKIP","floor":20.0},{"not_picked":["Nirvana","Sanctity","WreathOfFlame"],"picked":"SKIP","floor":21.0},{"not_picked":["Collect","Tantrum+1","BowlingBash+1"],"picked":"SKIP","floor":22.0},{"not_picked":["SandsOfTime+1","Consecrate+1","Weave+1"],"picked":"SKIP","floor":23.0},{"not_picked":["ThirdEye","WheelKick+1","Protect+1"],"picked":"SKIP","floor":25.0},{"not_picked":["CutThroughFate+1","Halt+1"],"picked":"Scrawl","floor":27.0},{"not_picked":["SashWhip+1","BowlingBash+1"],"picked":"MentalFortress","floor":31.0},{"not_picked":["Halt","FollowUp+1","EmptyBody+1"],"picked":"SKIP","floor":35.0},{"not_picked":["SashWhip+1","Protect+1"],"picked":"MentalFortress","floor":36.0},{"not_picked":["CutThroughFate+1","WreathOfFlame","SignatureMove+1"],"picked":"SKIP","floor":37.0},{"not_picked":["LikeWater+1","ForeignInfluence+1"],"picked":"FlurryOfBlows+1","floor":38.0},{"not_picked":["Protect+1","FlurryOfBlows+1","SignatureMove+1"],"picked":"SKIP","floor":39.0},{"not_picked":["Consecrate+1","FlyingSleeves+1","Wallop+1"],"picked":"SKIP","floor":41.0},{"not_picked":["EmptyBody+1","BowlingBash+1","Tantrum+1"],"picked":"SKIP","floor":44.0},{"not_picked":["Consecrate+1","Wallop+1"],"picked":"Scrawl","floor":47.0},{"not_picked":["EmptyFist+1","Consecrate+1","Prostrate+1"],"picked":"SKIP","floor":48.0}],"player_experience":123837,"relics_obtained":[{"floor":9.0,"key":"Pen Nib"},{"floor":10.0,"key":"Molten Egg 2"},{"floor":23.0,"key":"Lantern"},{"floor":25.0,"key":"Potion Belt"},{"floor":26.0,"key":"Mercury Hourglass"},{"floor":31.0,"key":"Bird Faced Urn"},{"floor":31.0,"key":"White Beast Statue"},{"floor":41.0,"key":"Boot"},{"floor":43.0,"key":"Shuriken"},{"floor":47.0,"key":"Juzu Bracelet"}],"event_choices":[{"cards_removed":["Strike_P"],"damage_healed":0.0,"max_hp_gain":0.0,"max_hp_loss":0.0,"gold_gain":0.0,"event_name":"Bonfire Elementals","player_choice":"Offered Basic","floor":5.0,"gold_loss":0.0,"damage_taken":0.0},{"damage_healed":0.0,"max_hp_gain":0.0,"max_hp_loss":5.0,"gold_gain":0.0,"event_name":"Golden Idol","player_choice":"Lose Max HP","floor":11.0,"gold_loss":0.0,"damage_taken":0.0,"relics_obtained":["Golden Idol"]},{"damage_healed":0.0,"max_hp_gain":0.0,"max_hp_loss":34.0,"gold_gain":0.0,"event_name":"Ghosts","player_choice":"Became a Ghost","floor":29.0,"gold_loss":0.0,"damage_taken":0.0,"cards_obtained":["Ghostly","Ghostly","Ghostly","Ghostly","Ghostly"]},{"damage_healed":0.0,"max_hp_gain":0.0,"max_hp_loss":0.0,"gold_gain":0.0,"event_name":"Colosseum","player_choice":"Fight","floor":31.0,"gold_loss":0.0,"damage_taken":0.0},{"damage_healed":0.0,"max_hp_gain":0.0,"max_hp_loss":0.0,"gold_gain":0.0,"event_name":"Colosseum","player_choice":"Fought Nobs","floor":31.0,"gold_loss":0.0,"damage_taken":0.0},{"damage_healed":0.0,"max_hp_gain":0.0,"max_hp_loss":0.0,"gold_gain":0.0,"event_name":"Tomb of Lord Red Mask","player_choice":"Paid","floor":45.0,"gold_loss":0.0,"damage_taken":0.0,"relics_obtained":["Red Mask"]},{"damage_healed":0.0,"max_hp_gain":0.0,"max_hp_loss":0.0,"gold_gain":0.0,"event_name":"SensoryStone","player_choice":"Memory 1","floor":46.0,"gold_loss":0.0,"damage_taken":0.0}],"is_beta":false,"boss_relics":[{"not_picked":["Cursed Key","Sozu"],"picked":"VioletLotus"},{"not_picked":["Velvet Choker","SacredBark"],"picked":"Runic Dome"}],"items_purged_floors":[],"is_endless":false,"potions_floor_spawned":[1,3,14,19,20,22,27,33,35,36,37,38,39,41,44,47,48],"ascension_level":6}}