{"host":"8i4doyxqctgl5qb0","time":1609775449,"event":{"mods":["AchievementEnabler","BaseMod","Block Reminder","Colored Powertips","Downfall","Marisa£®ÏF”Í°°ƒß¿Ì…≥£©","Minty Spire (QoL Compilation)","Permanent Neow","Potion Indicator Mod","Rare Cards Sparkle","StSLib","SuperFastMode"],"gold_per_floor":[109,109,109,133,133,167,167,191,215,256,256,281,17,65,65,65,65],"floor_reached":16,"playtime":454,"items_purged":[],"score":130,"play_id":"68bc874c-687b-496d-8b12-502810a51345","local_time":"20210104235049","is_ascension_mode":true,"campfire_choices":[{"floor":7.0,"key":"REST"},{"floor":11,"key":"REST"},{"floor":15,"key":"REST"}],"circlet_count":0,"master_deck":["Strike_B","Strike_B+1","Strike_B","Strike_B+1","Defend_B","Defend_B","Defend_B+1","Defend_B","Zap","Dualcast","Fusion","Sweeping Beam+1","Amplify","Redo","BootSequence","Heatsinks","Capacitor","Turbo"],"relics":["Cracked Core","Centennial Puzzle","Golden Idol","Toy Ornithopter","Whetstone","Darkstone Periapt","Regal Pillow","Lantern"],"acts_visited":["Exordium"],"potions_floor_usage":[16,16,16],"damage_taken":[{"damage":4.0,"enemies":"2 Louse","floor":1.0,"turns":2.0},{"damage":4.0,"enemies":"Jaw Worm","floor":4.0,"turns":3.0},{"damage":30.0,"enemies":"Lagavulin","floor":6.0,"turns":7.0},{"damage":1.0,"enemies":"Cultist","floor":8.0,"turns":3.0},{"damage":35,"enemies":"3 Sentries","floor":10,"turns":5},{"damage":13,"enemies":"Blue Slaver","floor":12,"turns":3},{"damage":70,"enemies":"Hexaghost","floor":16,"turns":12}],"seed_played":"-6833892601258779386","potions_obtained":[{"floor":4.0,"key":"Swift Potion"},{"floor":6.0,"key":"Swift Potion"},{"floor":8.0,"key":"EssenceOfSteel"},{"floor":10,"key":"EssenceOfSteel"}],"is_trial":false,"path_per_floor":["M","?","?","M","?","E","R","M","T","E","R","M","$","T","R","B"],"character_chosen":"DEFECT","items_purchased":["Regal Pillow","Capacitor","Turbo"],"campfire_rested":3,"item_purchase_floors":[13,13,13],"current_hp_per_floor":[71,71,71,67,52,22,44,43,43,8,30,17,17,17,54,0,0],"gold":65,"neow_bonus":"RANDOM_COMMON_RELIC","is_daily":false,"chose_seed":false,"campfire_upgraded":0,"win_rate":0.0,"timestamp":1609775449,"path_taken":["M","?","?","?","?","E","R","M","T","E","R","M","$","?","R","BOSS"],"items_purchased_type":["Relic","Card","Card"],"build_version":"2020-12-22","purchased_purges":0,"victory":false,"max_hp_per_floor":[75,75,75,75,75,75,75,75,75,75,75,75,75,75,75,75,75],"card_choices":[{"not_picked":["Ball Lightning","Doom and Gloom"],"picked":"Fusion","floor":1.0},{"not_picked":["Rebound","Gash"],"picked":"Sweeping Beam","floor":4.0},{"not_picked":["Go for the Eyes","Coolheaded"],"picked":"Amplify","floor":6.0},{"not_picked":["Doom and Gloom","Ball Lightning"],"picked":"Redo","floor":8.0},{"not_picked":["Coolheaded","Ball Lightning"],"picked":"BootSequence","floor":10},{"not_picked":["Genetic Algorithm","Coolheaded"],"picked":"Heatsinks","floor":12}],"player_experience":66649,"relics_obtained":[{"floor":6.0,"key":"Toy Ornithopter"},{"floor":9.0,"key":"Whetstone"},{"floor":10,"key":"Darkstone Periapt"},{"floor":14,"key":"Lantern"}],"event_choices":[{"damage_healed":0.0,"max_hp_gain":0.0,"max_hp_loss":0.0,"gold_gain":0.0,"event_name":"Golden Idol","player_choice":"Take Wound","floor":2.0,"gold_loss":0.0,"damage_taken":0.0,"relics_obtained":["Golden Idol"],"cards_obtained":["Injury"]},{"cards_removed":["Injury"],"damage_healed":0.0,"max_hp_gain":0.0,"max_hp_loss":0.0,"gold_gain":0.0,"event_name":"Purifier","player_choice":"Purged","floor":3.0,"gold_loss":0.0,"damage_taken":0.0},{"damage_healed":0.0,"max_hp_gain":0.0,"max_hp_loss":0.0,"gold_gain":0.0,"event_name":"Shining Light","player_choice":"Entered Light","floor":5.0,"gold_loss":0.0,"damage_taken":15.0,"cards_upgraded":["Sweeping Beam","Defend_B"]}],"is_beta":false,"boss_relics":[],"items_purged_floors":[],"is_endless":false,"potions_floor_spawned":[4,6,8,10,12],"killed_by":"Hexaghost","ascension_level":4}}