{"host":"65bhxfoqsqjg61le","time":1609724250,"event":{"mods":["2.2 Compatiblity","AchievementEnabler","BaseMod","Better Third Choice","Colored Powertips","Conspire","DeckTracker","Downfall","Energized Spire","GifTheSpireLib","Googly Eyes","Hubris","Infinite Spire","Minty Spire (QoL Compilation)","Quick Restart","RRrroohrrRGHHhhh!!","Random Character Button","Rare Cards Sparkle","Replay The Spire","Shade Mod","StSLib","Stuff the Spire","The IronCluck","Wandering Minibosses","egg","everything is the same but u backflip on backflip","slay the spire mod where everything is the same but ironclad has a cowboy hat","thorton"],"gold_per_floor":[111,111,43,43,90,90,81,107,107,102,102],"floor_reached":10,"playtime":540,"items_purged":[],"score":86,"play_id":"de5eaf37-8fdb-4252-8efa-c6db0e7ec576","local_time":"20210103203730","is_ascension_mode":true,"campfire_choices":[{"data":"Rampage","floor":6,"key":"SMITH"}],"circlet_count":0,"master_deck":["Strike_R+1","Strike_R","Strike_R","Strike_R+1","Defend_R","Defend_R","Defend_R","Defend_R","Bash","StuffTheSpire:BloodClot","Rampage+1"],"relics":["Burning Blood","Strawberry","infinitespire:Magic Flask","rorgmod:The Boot"],"acts_visited":["Exordium"],"potions_floor_usage":[7],"damage_taken":[{"damage":8,"enemies":"2 Louse","floor":1,"turns":3},{"damage":2,"enemies":"Jaw Worm","floor":7,"turns":6},{"damage":50,"enemies":"3 Sentries","floor":8,"turns":9},{"damage":32,"enemies":"Gremlin Nob","floor":10,"turns":3}],"seed_played":"1171689986729316031","potions_obtained":[{"floor":1,"key":"DuplicationPotion"}],"is_trial":false,"path_per_floor":["M","?","$","?","T","R","M","E","T","E"],"character_chosen":"IRONCLAD","items_purchased":["Rampage"],"campfire_rested":0,"item_purchase_floors":[3],"current_hp_per_floor":[73,73,73,56,63,63,67,23,23,0,0],"gold":102,"neow_bonus":"RANDOM_EVENT","is_daily":false,"chose_seed":false,"campfire_upgraded":1,"win_rate":0.0,"timestamp":1609724250,"path_taken":["M","?","$","?","?","R","?","E","T","E"],"items_purchased_type":["Card"],"build_version":"2020-12-22","purchased_purges":0,"victory":false,"max_hp_per_floor":[83,83,83,83,90,90,90,90,90,90,90],"card_choices":[{"not_picked":["Dual Wield","Abandon","Armaments"],"picked":"SKIP","floor":1},{"not_picked":["Carnage","Shockwave","hubris:CleavingFinish"],"picked":"SKIP","floor":7},{"not_picked":["Replay:Undeath\u0027s Touch","Headbutt","Second Wind"],"picked":"SKIP","floor":8}],"player_experience":1030465,"relics_obtained":[{"floor":5,"key":"Strawberry"},{"floor":8,"key":"infinitespire:Magic Flask"},{"floor":9,"key":"rorgmod:The Boot"}],"event_choices":[{"damage_healed":0,"gold_gain":0,"cards_transformed":["Strike_R"],"player_choice":"Change","damage_taken":0,"max_hp_gain":0,"max_hp_loss":0,"event_name":"Living Wall","floor":2,"gold_loss":0,"cards_obtained":["StuffTheSpire:BloodClot"]},{"damage_healed":73,"gold_gain":0,"player_choice":"Upgrade","damage_taken":17,"max_hp_gain":0,"max_hp_loss":83,"event_name":"betterThird:BetterShining","floor":4,"gold_loss":0,"cards_upgraded":["Strike_R","Strike_R"]}],"is_beta":false,"boss_relics":[],"items_purged_floors":[],"is_endless":false,"potions_floor_spawned":[1],"killed_by":"Gremlin Nob","ascension_level":7}}