{"host":"ta9mufxydm4vkknf","time":1609798809,"event":{"mods":["AchievementEnabler","BaseMod","Minty Spire (QoL Compilation)","Quick Restart"],"gold_per_floor":[115,115,128,144,162,162,173,273,355,42,76,76,105,121,121,121,121],"floor_reached":16,"playtime":483,"items_purged":["Strike_R"],"score":123,"play_id":"51834685-5484-4e3f-8fd9-43b82850447d","local_time":"20210104232009","is_ascension_mode":true,"campfire_choices":[{"data":"Bash","floor":6,"key":"SMITH"},{"data":"Flame Barrier","floor":12,"key":"SMITH"},{"floor":15,"key":"REST"}],"circlet_count":0,"master_deck":["Strike_R","Strike_R","Strike_R","Strike_R","Defend_R","Defend_R","Defend_R","Defend_R","Bash+1","Anger","Sentinel","Burning Pact","Inflame","Flame Barrier+1","Thunderclap","Seeing Red","Pommel Strike"],"relics":["Philosopher\u0027s Stone","CultistMask","Singing Bowl","Paper Frog","Dead Branch","Lantern"],"acts_visited":["Exordium"],"potions_floor_usage":[],"damage_taken":[{"damage":0,"enemies":"Small Slimes","floor":1,"turns":3},{"damage":0,"enemies":"Cultist","floor":3,"turns":2},{"damage":3,"enemies":"Jaw Worm","floor":4,"turns":3},{"damage":25,"enemies":"Exordium Wildlife","floor":5,"turns":7},{"damage":12,"enemies":"Looter","floor":7,"turns":3},{"damage":20,"enemies":"3 Sentries","floor":11,"turns":8},{"damage":9,"enemies":"Lagavulin","floor":13,"turns":4},{"damage":0,"enemies":"2 Fungi Beasts","floor":14,"turns":2},{"damage":37,"enemies":"The Guardian","floor":16,"turns":8}],"seed_played":"8831538676125182287","potions_obtained":[{"floor":5,"key":"BlessingOfTheForge"},{"floor":7,"key":"Dexterity Potion"},{"floor":11,"key":"Regen Potion"}],"is_trial":false,"path_per_floor":["M","?","M","M","M","R","M","?","T","$","E","R","E","M","R","B"],"character_chosen":"IRONCLAD","items_purchased":["Paper Frog"],"campfire_rested":1,"item_purchase_floors":[10],"current_hp_per_floor":[80,80,80,77,52,52,40,40,40,40,20,20,11,11,35,0,0],"gold":121,"neow_bonus":"BOSS_RELIC","is_daily":false,"chose_seed":false,"campfire_upgraded":2,"win_rate":0.0,"timestamp":1609798809,"path_taken":["M","?","M","M","M","R","?","?","T","$","E","R","E","?","R","BOSS"],"items_purchased_type":["Relic"],"build_version":"2020-12-22","purchased_purges":1,"victory":false,"max_hp_per_floor":[80,80,80,80,80,80,80,80,80,80,80,80,80,80,80,80,80],"card_choices":[{"not_picked":["Heavy Blade","Sever Soul"],"picked":"Anger","floor":1},{"not_picked":["Rupture","Body Slam"],"picked":"Sentinel","floor":3},{"not_picked":["Pummel","Clothesline"],"picked":"Burning Pact","floor":4},{"not_picked":["Rage","Power Through"],"picked":"Inflame","floor":5},{"not_picked":["Reckless Charge","Sword Boomerang"],"picked":"Flame Barrier","floor":7},{"not_picked":["Heavy Blade","True Grit"],"picked":"Thunderclap","floor":11},{"not_picked":["Offering","Rupture"],"picked":"Seeing Red","floor":13},{"not_picked":["Intimidate","Searing Blow"],"picked":"Pommel Strike","floor":14}],"player_experience":212091,"relics_obtained":[{"floor":9,"key":"Singing Bowl"},{"floor":11,"key":"Dead Branch"},{"floor":13,"key":"Lantern"}],"event_choices":[{"damage_healed":0,"gold_gain":0,"player_choice":"Trade","damage_taken":0,"relics_obtained":["CultistMask"],"max_hp_gain":0,"max_hp_loss":0,"event_name":"FaceTrader","floor":2,"gold_loss":0},{"damage_healed":0,"gold_gain":100,"player_choice":"Pray","damage_taken":0,"max_hp_gain":0,"max_hp_loss":0,"event_name":"Golden Shrine","floor":8,"gold_loss":0}],"is_beta":false,"boss_relics":[],"items_purged_floors":[10],"is_endless":false,"potions_floor_spawned":[5,7,11],"killed_by":"The Guardian","ascension_level":2}}