{"host":"yplokfwlx8kpnt0a","time":1609746415,"event":{"mods":["2.2 Compatiblity","AchievementEnabler","Act Like it!","Aspiration","Astrologer","BaseMod","Beaked The Cultist","Better Altar","Better Match","Better Note","Better Sensory Stone","Better Skull","Better Synergies","Better Third Choice","BetterRewards","CCEM","ChefMod","Colored Powertips","Curses Come First","Downfall","Elementarium","Emptier Cage","Evolution","Friendly Minions","Gensokyo","Googly Eyes","Hallownest","Hermit","Highlight Path","Hubris","Infinite Spire","JesterMod","Menagerie","Mimic Mod","Minty Spire (QoL Compilation)","RNG Fix","Random Character Button","Rare Cards Sparkle","Relic Sorter","Replay The Spire","Retaliation","Robot Space Explorer","Shop Mod","Spicy Shops","Spikes Relics","StSLib","The Blue Laboratory","The Bug Knight","The Construct","The Cursed","The Disciple","The Forsaken","The Marked","The Mystic","The Runesmith","TheVacant","Transform Curses","Treasure Hunter"],"gold_per_floor":[278,288,302,331,331,358,358,358,358,358,358],"floor_reached":9,"playtime":857,"items_purged":[],"score":61,"play_id":"696dd4f0-52a4-4cbc-bdee-8f3299e46890","local_time":"20210104004655","is_ascension_mode":true,"campfire_choices":[{"floor":1,"key":"RECALL"}],"circlet_count":0,"master_deck":["champ:FlashCut","champ:FanOfKnives","champ:FlashCut","champ:FanOfKnives","champ:AdrenalArmor","champ:Circumvent","champ:AdrenalArmor","champ:Defend","champ:Execute","champ:Taunt","champ:Encircle","champ:Balance","TH:Mimic","champ:EndlessRage"],"relics":["EVO:Axolotl","champ:PowerArmor","Menagerie:GrandMagusSpellbook","CCEMRelics:FestiveHat","Blood Vial","hubris:ToyBattleship","theForsaken:Gavel"],"acts_visited":["Menagerie:Menagerie"],"potions_floor_usage":[],"damage_taken":[{"damage":19,"enemies":"Menagerie:WhisperingWraith","floor":2,"turns":4},{"damage":12,"enemies":"Menagerie:StygianBoar","floor":3,"turns":2},{"damage":26,"enemies":"Menagerie:GrandMagus","floor":4,"turns":5},{"damage":34,"enemies":"Menagerie:Hydra","floor":6,"turns":3},{"damage":23,"enemies":"Menagerie:VoidReaper","floor":9,"turns":4}],"seed_played":"1125684771891560720","potions_obtained":[{"floor":3,"key":"EssenceOfSteel"},{"floor":4,"key":"Elixir"}],"is_trial":false,"path_per_floor":["R","M","M","?","?","E","T","?","E"],"character_chosen":"THE_CHAMP","items_purchased":[],"campfire_rested":0,"item_purchase_floors":[],"current_hp_per_floor":[90,90,90,84,69,60,60,17,0,0,0],"gold":358,"neow_bonus":"BOSS_RELIC","is_daily":false,"chose_seed":false,"campfire_upgraded":0,"win_rate":0.0,"timestamp":1609746415,"path_taken":["R","M","M","?","?","E","T","?","E"],"items_purchased_type":[],"build_version":"2020-12-22","purchased_purges":0,"victory":false,"max_hp_per_floor":[90,90,90,90,90,90,90,90,90,90,90],"card_choices":[{"not_picked":["champ:RageSigil","champ:BladeFlurry"],"picked":"champ:Encircle","floor":2},{"not_picked":["champ:GutPunch","champ:DefensiveShout"],"picked":"champ:Balance","floor":3},{"not_picked":["TH:DeckOfManyThings"],"picked":"TH:Mimic","floor":6},{"not_picked":["champ:BerserkersShout","champ:CrookedStrike"],"picked":"champ:EndlessRage","floor":6},{"not_picked":["TH:TreasureMap","TH:ElvenBoots"],"picked":"SKIP","floor":7}],"player_experience":655252,"relics_obtained":[{"floor":6,"key":"CCEMRelics:FestiveHat"},{"floor":7,"key":"Blood Vial"}],"event_choices":[{"damage_healed":0,"gold_gain":0,"player_choice":"Steal","damage_taken":0,"relics_obtained":["Menagerie:GrandMagusSpellbook"],"max_hp_gain":0,"max_hp_loss":0,"event_name":"Menagerie:GrandMagusTower","floor":4,"gold_loss":0},{"damage_healed":0,"gold_gain":0,"player_choice":"RE RE ","damage_taken":47,"relics_obtained":["hubris:ToyBattleship","theForsaken:Gavel"],"max_hp_gain":0,"max_hp_loss":0,"event_name":"betterSkull:BetterSkull","floor":8,"gold_loss":0,"cards_upgraded":[]}],"is_beta":false,"boss_relics":[],"items_purged_floors":[],"is_endless":false,"potions_floor_spawned":[3,4],"killed_by":"Menagerie:VoidReaper","ascension_level":1}}