{"host":"armnliea5o2aqs4b","time":1609726441,"event":{"mods":["BaseMod","Hubris","Infinite Spire","Minty Spire (QoL Compilation)","Quick Restart","StSLib"],"gold_per_floor":[114,64,64,74,88,88,88,88,88,9,9,9,23,23,23,123,123,136,152,152,152,171,202,213,244,244,280,280,292,292,292,292,391,391,404,406,406,421,119,162,174,194,194],"floor_reached":42,"playtime":1165,"items_purged":[],"score":496,"play_id":"c9f078e0-cf78-4a96-ad32-e55073cd2d45","local_time":"20210104131401","is_ascension_mode":true,"campfire_choices":[{"data":"Consume","floor":6.0,"key":"SMITH"},{"data":"Electrodynamics","floor":11.0,"key":"SMITH"},{"data":"Chaos","floor":15.0,"key":"SMITH"},{"floor":28.0,"key":"REST"},{"data":"Tempest","floor":30.0,"key":"SMITH"},{"data":"Thunder Strike","floor":32.0,"key":"SMITH"},{"floor":41,"key":"DIG"}],"circlet_count":0,"master_deck":["Defend_B","Defend_B","Zap+1","Dualcast","Consume+1","Electrodynamics+1","Chill","Chaos+1","Thunder Strike+1","hubris:DoWhile","All For One","Hello World+1","Tempest+1","hubris:PowerSurge+1","Machine Learning","hubris:Rewind"],"relics":["Ring of the Snake","NeowsBlessing","infinitespire:Cubic Diamond","hubris:CrystalStatue","hubris:CrackedHourglass","Bag of Marbles","hubris:BottledRain","infinitespire:Midas Blood","hubris:SphereOfDissonance","hubris:RunicObelisk","Shovel","MawBank","StoneCalendar"],"acts_visited":["Exordium","TheCity","TheBeyond"],"potions_floor_usage":[],"damage_taken":[{"damage":0.0,"enemies":"2 Louse","floor":1.0,"turns":1.0},{"damage":0.0,"enemies":"Jaw Worm","floor":4.0,"turns":1.0},{"damage":0.0,"enemies":"Cultist","floor":5.0,"turns":1.0},{"damage":0.0,"enemies":"Lots of Slimes","floor":13.0,"turns":2.0},{"damage":29.0,"enemies":"The Guardian","floor":16.0,"turns":11.0},{"damage":0.0,"enemies":"3 Byrds","floor":18.0,"turns":3.0},{"damage":11.0,"enemies":"Chosen","floor":19.0,"turns":5.0},{"damage":0.0,"enemies":"Centurion and Healer","floor":22.0,"turns":5.0},{"damage":34.0,"enemies":"Book of Stabbing","floor":23.0,"turns":4.0},{"damage":7.0,"enemies":"Snake Plant","floor":24.0,"turns":2.0},{"damage":4.0,"enemies":"Gremlin Leader","floor":25.0,"turns":4.0},{"damage":20.0,"enemies":"Slavers","floor":27.0,"turns":4.0},{"damage":0.0,"enemies":"Cultist and Chosen","floor":29.0,"turns":2.0},{"damage":47.0,"enemies":"Automaton","floor":33.0,"turns":7.0},{"damage":9.0,"enemies":"3 Darklings","floor":35.0,"turns":3.0},{"damage":0.0,"enemies":"3 Shapes","floor":38.0,"turns":3.0},{"damage":28,"enemies":"Reptomancer","floor":40,"turns":3},{"damage":28,"enemies":"3 Darklings","floor":42,"turns":2}],"seed_played":"4097018294871964013","potions_obtained":[{"floor":5.0,"key":"FocusPotion"},{"floor":13.0,"key":"LiquidMemories"},{"floor":19.0,"key":"SpeedPotion"},{"floor":22.0,"key":"FairyPotion"},{"floor":27.0,"key":"BlessingOfTheForge"},{"floor":33.0,"key":"Swift Potion"},{"floor":35.0,"key":"Dexterity Potion"},{"floor":38.0,"key":"Fruit Juice"},{"floor":40,"key":"ColorlessPotion"}],"is_trial":false,"path_per_floor":["M","?","?","M","M","R","?","?","T","$","R","$","M","?","R","B",null,"M","M","?","?","M","E","M","E","T","E","R","M","R","?","R","B",null,"M","?","?","M","$","E","R","M"],"character_chosen":"DEFECT","items_purchased":["Chill","Shovel"],"campfire_rested":1,"item_purchase_floors":[10,39],"current_hp_per_floor":[75,75,75,75,75,75,75,75,75,75,75,75,75,68,68,39,75,75,64,64,64,64,30,23,19,19,22,44,44,44,75,75,28,75,66,48,48,53,53,25,25,0,0],"gold":194,"neow_bonus":"THREE_ENEMY_KILL","is_daily":false,"chose_seed":false,"campfire_upgraded":5,"win_rate":0.0,"timestamp":1609726441,"path_taken":["M","?","?","?","?","R","?","?","T","$","R","$","M","?","R","BOSS","M","M","?","?","M","E","?","E","T","E","R","M","R","?","R","BOSS","M","?","?","M","$","E","R","M"],"items_purchased_type":["Card","Relic"],"build_version":"2020-12-22","purchased_purges":0,"victory":false,"max_hp_per_floor":[75,75,75,75,75,75,75,75,75,75,75,75,75,75,75,75,75,75,75,75,75,75,75,75,75,75,75,75,75,75,75,75,75,75,75,75,71,76,76,76,76,76,76],"card_choices":[{"not_picked":["Go for the Eyes","Scrape","Turbo"],"picked":"SKIP","floor":1.0},{"not_picked":["Hologram","Barrage","Steam"],"picked":"SKIP","floor":4.0},{"not_picked":["Doom and Gloom","Hologram"],"picked":"Consume","floor":5.0},{"not_picked":["Darkness","Aggregate"],"picked":"Chaos","floor":13.0},{"not_picked":["Rainbow","Echo Form"],"picked":"Thunder Strike","floor":16.0},{"not_picked":["Hologram","Conserve Battery","Streamline"],"picked":"SKIP","floor":18.0},{"not_picked":["Streamline","Rip and Tear+1","Gash"],"picked":"SKIP","floor":19.0},{"not_picked":["Lockon","Glacier","Steam"],"picked":"SKIP","floor":22.0},{"not_picked":["Hologram","White Noise"],"picked":"hubris:PowerSurge","floor":23.0},{"not_picked":["Darkness","Reprogram","BootSequence"],"picked":"SKIP","floor":24.0},{"not_picked":["Streamline","Barrage"],"picked":"Hello World+1","floor":25.0},{"not_picked":["Core Surge","Coolheaded"],"picked":"Tempest","floor":27.0},{"not_picked":["Hologram","Undo"],"picked":"hubris:PowerSurge+1","floor":29.0},{"not_picked":["Thunder Strike","Amplify"],"picked":"Machine Learning","floor":33.0},{"not_picked":["Chill","Gash","Auto Shields+1"],"picked":"SKIP","floor":35.0},{"not_picked":["infinitespire:Punishment","infinitespire:SevenWalls"],"picked":"hubris:Rewind","floor":36.0},{"not_picked":["Undo","Coolheaded+1","Stack+1"],"picked":"SKIP","floor":38.0},{"not_picked":["Beam Cell","All For One","Hologram"],"picked":"SKIP","floor":40}],"player_experience":174694,"relics_obtained":[{"floor":9.0,"key":"hubris:CrystalStatue"},{"floor":23.0,"key":"Bag of Marbles"},{"floor":25.0,"key":"hubris:BottledRain"},{"floor":26.0,"key":"infinitespire:Midas Blood"},{"floor":27.0,"key":"hubris:SphereOfDissonance"},{"floor":40,"key":"MawBank"},{"floor":41,"key":"StoneCalendar"}],"event_choices":[{"cards_removed":["Strike_B"],"damage_healed":0.0,"max_hp_gain":0.0,"max_hp_loss":0.0,"gold_gain":0.0,"event_name":"The Cleric","player_choice":"Card Removal","floor":2.0,"gold_loss":50.0,"damage_taken":0.0},{"damage_healed":0.0,"max_hp_gain":0.0,"max_hp_loss":0.0,"gold_gain":0.0,"event_name":"Upgrade Shrine","player_choice":"Upgraded","floor":3.0,"gold_loss":0.0,"damage_taken":0.0,"cards_upgraded":["Zap"]},{"damage_healed":0.0,"max_hp_gain":0.0,"max_hp_loss":0.0,"gold_gain":0.0,"cards_transformed":["Strike_B"],"event_name":"Living Wall","player_choice":"Change","floor":7.0,"gold_loss":0.0,"damage_taken":0.0,"cards_obtained":["Electrodynamics"]},{"cards_removed":["Strike_B"],"damage_healed":0.0,"max_hp_gain":0.0,"max_hp_loss":0.0,"gold_gain":0.0,"event_name":"Golden Wing","player_choice":"Card Removal","floor":14.0,"gold_loss":0.0,"damage_taken":7.0},{"damage_healed":0.0,"max_hp_gain":0.0,"max_hp_loss":0.0,"gold_gain":0.0,"cards_transformed":["Strike_B","Defend_B"],"event_name":"Drug Dealer","player_choice":"Became Test Subject","floor":20.0,"gold_loss":0.0,"damage_taken":0.0,"cards_obtained":["hubris:DoWhile","All For One"]},{"cards_removed":["Defend_B"],"damage_healed":0.0,"max_hp_gain":0.0,"max_hp_loss":0.0,"gold_gain":0.0,"event_name":"Purifier","player_choice":"Purged","floor":21.0,"gold_loss":0.0,"damage_taken":0.0},{"cards_removed":["hubris:PowerSurge"],"damage_healed":31.0,"max_hp_gain":0.0,"max_hp_loss":0.0,"gold_gain":0.0,"event_name":"Bonfire Elementals","player_choice":"Offered Uncommon","floor":31.0,"gold_loss":0.0,"damage_taken":0.0},{"damage_healed":0.0,"max_hp_gain":0.0,"max_hp_loss":4.0,"gold_gain":0.0,"event_name":"Winding Halls","player_choice":"Max HP","floor":37.0,"gold_loss":0.0,"damage_taken":0.0}],"is_beta":false,"boss_relics":[{"not_picked":["hubris:Stopwatch","Ectoplasm"],"picked":"hubris:CrackedHourglass"},{"not_picked":["hubris:BlackHole","Calling Bell"],"picked":"hubris:RunicObelisk"}],"items_purged_floors":[],"is_endless":false,"potions_floor_spawned":[5,13,19,22,27,29,33,35,38,40],"killed_by":"3 Darklings","ascension_level":1}}