{"host":"p7j7o00jacnw7qzt","time":1609721787,"event":{"mods":["BaseMod","Colored Map","Colored Powertips","DeckTracker","Highlight Path","Minty Spire (QoL Compilation)","Relic Stats"],"gold_per_floor":[10,30,45,10,22,22,48,48,73,73,73,73,73,87,87,162,162,179,119,119],"floor_reached":19,"playtime":788,"items_purged":[],"score":334,"play_id":"0a523140-5a43-4899-923d-132ea4c872df","local_time":"20210103195627","is_ascension_mode":true,"campfire_choices":[{"data":"Reflex","floor":6.0,"key":"SMITH"},{"data":"Neutralize","floor":8.0,"key":"SMITH"},{"floor":11.0,"key":"RECALL"},{"floor":15.0,"key":"REST"}],"circlet_count":0,"master_deck":["AscendersBane","Strike_G","Strike_G","Strike_G","Strike_G","Defend_G","Defend_G","Defend_G","Defend_G","Survivor","Neutralize+1","Infinite Blades","Terror","Reflex+1","Tools of the Trade","Concentrate","Storm of Steel","Backflip"],"relics":["Ring of the Snake","Omamori","Vajra","Strawberry"],"acts_visited":["Exordium","TheCity"],"potions_floor_usage":[16,18],"damage_taken":[{"damage":11.0,"enemies":"Cultist","floor":1.0,"turns":5.0},{"damage":2.0,"enemies":"2 Louse","floor":2.0,"turns":3.0},{"damage":1.0,"enemies":"Small Slimes","floor":3.0,"turns":4.0},{"damage":7.0,"enemies":"3 Louse","floor":5.0,"turns":5.0},{"damage":42.0,"enemies":"3 Sentries","floor":7.0,"turns":10.0},{"damage":10.0,"enemies":"Blue Slaver","floor":14.0,"turns":4.0},{"damage":13,"enemies":"The Guardian","floor":16,"turns":12},{"damage":31,"enemies":"Spheric Guardian","floor":18,"turns":6},{"damage":14,"enemies":"2 Thieves","floor":19,"turns":4}],"seed_played":"-602433631943372358","potions_obtained":[{"floor":3.0,"key":"Energy Potion"},{"floor":7.0,"key":"SneckoOil"},{"floor":14.0,"key":"SteroidPotion"}],"is_trial":false,"path_per_floor":["M","M","M","?","M","R","E","R","T","?","R","?","?","M","R","B",null,"M","M"],"character_chosen":"THE_SILENT","items_purchased":[],"campfire_rested":1,"item_purchase_floors":[],"current_hp_per_floor":[48,46,45,61,54,54,12,12,12,28,28,28,17,7,28,15,59,28,14,14],"gold":119,"neow_bonus":"REMOVE_TWO","is_daily":false,"chose_seed":false,"campfire_upgraded":2,"win_rate":0.0,"timestamp":1609721787,"path_taken":["M","?","M","?","M","R","E","R","T","?","R","?","?","M","R","BOSS","M","M"],"items_purchased_type":[],"build_version":"2020-12-22","purchased_purges":0,"victory":false,"max_hp_per_floor":[66,66,66,66,66,66,66,66,66,66,66,66,73,73,73,73,73,73,73,73],"relic_stats":{"counters":[9,53],"obtain_stats":[{"Strawberry":13,"Vajra":9,"Omamori":7,"Ring of the Snake":0},{"Strawberry":5,"Vajra":5,"Omamori":5,"Ring of the Snake":0},{"Strawberry":27,"Vajra":27,"Omamori":27,"Ring of the Snake":0}],"Ring of the Snake":[18]},"card_choices":[{"not_picked":["Outmaneuver","Backflip"],"picked":"Escape Plan","floor":1.0},{"not_picked":["Quick Slash","Poisoned Stab"],"picked":"Infinite Blades","floor":2.0},{"not_picked":["Blur","Riddle With Holes"],"picked":"Terror","floor":3.0},{"not_picked":["Blur","Dash"],"picked":"Reflex","floor":5.0},{"not_picked":["All Out Attack","Setup","Masterful Stab"],"picked":"SKIP","floor":7.0},{"not_picked":["Quick Slash","Bane"],"picked":"Concentrate","floor":14.0},{"not_picked":["Bullet Time","Night Terror"],"picked":"Storm of Steel","floor":16},{"not_picked":["Underhanded Strike","Backflip","Quick Slash"],"picked":"SKIP","floor":18},{"not_picked":["Underhanded Strike","Quick Slash"],"picked":"Backflip","floor":18}],"player_experience":978133,"relics_obtained":[{"floor":7.0,"key":"Omamori"},{"floor":9.0,"key":"Vajra"}],"event_choices":[{"damage_healed":16.0,"max_hp_gain":0.0,"max_hp_loss":0.0,"gold_gain":0.0,"event_name":"The Cleric","player_choice":"Healed","floor":4.0,"gold_loss":35.0,"damage_taken":0.0},{"damage_healed":16.0,"max_hp_gain":0.0,"max_hp_loss":0.0,"gold_gain":0.0,"event_name":"Mushrooms","player_choice":"Healed and dodged fight","floor":10.0,"gold_loss":0.0,"damage_taken":0.0,"cards_obtained":["Parasite"]},{"damage_healed":0.0,"max_hp_gain":0.0,"max_hp_loss":0.0,"gold_gain":0.0,"cards_transformed":["Escape Plan"],"event_name":"Living Wall","player_choice":"Change","floor":12.0,"gold_loss":0.0,"damage_taken":0.0,"cards_obtained":["Tools of the Trade"]},{"damage_healed":0.0,"max_hp_gain":0.0,"max_hp_loss":0.0,"gold_gain":0.0,"event_name":"Scrap Ooze","player_choice":"Success","floor":13.0,"gold_loss":0.0,"damage_taken":18.0,"relics_obtained":["Strawberry"]}],"is_beta":false,"boss_relics":[{"not_picked":["Fusion Hammer","Ectoplasm","Philosopher\u0027s Stone"]}],"items_purged_floors":[],"is_endless":false,"potions_floor_spawned":[3,7,14],"killed_by":"2 Thieves","ascension_level":20}}