{"host":"h1l2j95f0ioyx0nx","time":1609772165,"event":{"mods":["AchievementEnabler","Arknights The Spire","Ascension Reborn","BaseMod","BetterRewards","Gold Saver","GungeonMod","Hermit","Lobotomy","Minty Spire (QoL Compilation)","Permanent Neow","Quick Restart","Shop Mod","Spicy Shops","StSLib","The Bug Knight","The Cursed","The Dragon Tamer","The Hierophant","The Jungle","The Poker Player","The Runesmith"],"gold_per_floor":[1398,433,453,471,494,532,532,165,165,185,217,240,240,252,252,378,378,401,421,439,461,154,186,186,186,186,186,200,222,239,261,284,284,284,404,404,426,2,15,28,44,44,60,11,11,11,24,44,0,12,12,12,12,12,34,71,71],"floor_reached":58,"playtime":3858,"items_purged":["Shame"],"score":1103,"play_id":"ee983cf4-18ce-47be-bb05-4421fc75902b","local_time":"20210104235605","is_ascension_mode":true,"campfire_choices":[{"floor":13,"key":"RECALL"},{"data":"Metamorphosis","floor":15,"key":"SMITH"},{"floor":27,"key":"DIG"},{"floor":33,"key":"REST"},{"floor":42,"key":"DIG"},{"floor":51,"key":"DIG"},{"floor":54,"key":"DIG"}],"circlet_count":0,"master_deck":["Strike_B+1","Strike_B+1","Strike_B+1","Strike_B+1","Defend_B+1","Defend_B+1","Defend_B+1","Defend_B+1","Zap+1","Dualcast+1","Conserve Battery+1","Hello World","Metamorphosis+1","Melter+1","Chaos","Doom and Gloom+1","Storm+1","Ball Lightning+1","Static Discharge+1","Defragment+1","Thunder Strike+1","Defragment+1","Sweeping Beam+1","Fusion+1","Electrodynamics+1","White Noise","Tempest","Amplify","Defragment+1","Bullet Time","DTMod:Haste","DemoMod:BoxingGlove+1","DemoMod:Elimentaler","Metamorphosis","HollowMod:QuirrelsAssistance+1","Acrobatics+1","Capacitor+1","Double Energy+1","Jack Of All Trades+1","DemoMod:FortunesFavor","Phantasmal Killer","TheCursedMod:SpitefulPray+1","TheCursedMod:SpitefulPray+1","DemoMod:TableSutra+1","Caltrops+1"],"relics":["Cracked Core","Membership Card","OrangePellets","HollowMod:StagPassRelic","War Paint","Peace Pipe","DemoMod:JetPack","MerchantsRug","DemoMod:BlueGuonStone","Potion Belt","Oddly Smooth Stone","Happy Flower","HandDrill","Frozen Egg 2","DollysMirror","DemoMod:Orange","Runesmith:AutoHammer","Toy Ornithopter","Ice Cream","Inserter","Bottled Lightning","Bronze Scales","DemoMod:ClearGuonStone","Medical Kit","PrismaticShard","Whetstone","Shovel","Symbiotic Virus","Turnip","DemoMod:RatBoots","DemoMod:ResourcefulSack","DemoMod:PartiallyEatenCheese","Runic Pyramid","FrozenCore","Pear","Lee\u0027s Waffle","Mummified Hand","Frozen Eye","MealTicket","Sundial","Vajra","White Beast Statue","Runic Capacitor","Bottled Tornado","DemoMod:MonsterBlood","Molten Egg 2","Red Mask","Unceasing Top","Ornamental Fan","Toolbox","DemoMod:MeltedRock"],"acts_visited":["Exordium","Exordium","theJungle:Jungle","TheBeyond","TheEnding"],"potions_floor_usage":[16,16,35,35,35,57,57,57,57],"damage_taken":[{"damage":0,"enemies":"2 Louse","floor":1,"turns":1},{"damage":0,"enemies":"Cultist","floor":3,"turns":2},{"damage":0,"enemies":"Small Slimes","floor":4,"turns":2},{"damage":2,"enemies":"Looter","floor":5,"turns":2},{"damage":7,"enemies":"Lagavulin","floor":6,"turns":3},{"damage":0,"enemies":"Blue Slaver","floor":10,"turns":2},{"damage":4,"enemies":"Gremlin Nob","floor":11,"turns":3},{"damage":0,"enemies":"Large Slime","floor":12,"turns":2},{"damage":6,"enemies":"Exordium Wildlife","floor":14,"turns":2},{"damage":34,"enemies":"Hexaghost","floor":16,"turns":3},{"damage":14,"enemies":"theJungle:GiantWrat","floor":18,"turns":3},{"damage":10,"enemies":"theJungle:5_Spyders","floor":19,"turns":4},{"damage":3,"enemies":"theJungle:Snecko_Cultist_And_Trap","floor":20,"turns":3},{"damage":6,"enemies":"theJungle:2_Snecko_Cultists","floor":21,"turns":3},{"damage":0,"enemies":"theJungle:MamaSnecko","floor":23,"turns":3},{"damage":8,"enemies":"DemoMod:4_Bullet_Kins","floor":28,"turns":3},{"damage":25,"enemies":"DemoMod:Red_and_blue_shotgun_kin","floor":29,"turns":2},{"damage":17,"enemies":"DemoMod:Red_and_blue_shotgun_kin_with_gunsinger","floor":30,"turns":2},{"damage":0,"enemies":"DemoMod:2_Mousers","floor":31,"turns":3},{"damage":10,"enemies":"DemoMod:Veteran_shot_gun_kin_and_blue_shotgun_kin","floor":32,"turns":2},{"damage":81,"enemies":"DemoMod:ResourcefulRat","floor":35,"turns":7},{"damage":6,"enemies":"3 Darklings","floor":37,"turns":2},{"damage":6,"enemies":"Orb Walker","floor":39,"turns":2},{"damage":18,"enemies":"Writhing Mass","floor":40,"turns":3},{"damage":3,"enemies":"Sphere and 2 Shapes","floor":41,"turns":2},{"damage":0,"enemies":"Maw","floor":43,"turns":4},{"damage":14,"enemies":"4 Shapes","floor":47,"turns":2},{"damage":0,"enemies":"Sphere and 2 Shapes","floor":48,"turns":2},{"damage":0,"enemies":"Maw","floor":50,"turns":5},{"damage":10,"enemies":"Donu and Deca","floor":52,"turns":4},{"damage":3,"enemies":"Shield and Spear","floor":56,"turns":4},{"damage":19,"enemies":"The Heart","floor":57,"turns":4}],"seed_played":"-8447438252273526821","potions_obtained":[{"floor":1,"key":"LiquidBronze"},{"floor":3,"key":"Strength Potion"},{"floor":3,"key":"SkillPotion"},{"floor":10,"key":"Fire Potion"},{"floor":16,"key":"Strength Potion"},{"floor":16,"key":"FearPotion"},{"floor":18,"key":"Regen Potion"},{"floor":19,"key":"FocusPotion"},{"floor":23,"key":"SmokeBomb"},{"floor":35,"key":"LiquidMemories"},{"floor":37,"key":"SkillPotion"},{"floor":39,"key":"Weak Potion"},{"floor":39,"key":"FocusPotion"},{"floor":43,"key":"DuplicationPotion"},{"floor":47,"key":"PowerPotion"},{"floor":47,"key":"Strength Potion"},{"floor":48,"key":"SteroidPotion"},{"floor":48,"key":"DemoMod:LeadSkinPotion"},{"floor":50,"key":"LiquidBronze"},{"floor":56,"key":"Block Potion"},{"floor":56,"key":"Weak Potion"}],"is_trial":false,"path_per_floor":["M","$","M","M","M","E","?","$","T","M","E","M","R","M","R","B",null,"M","M","M","M","$","E","?","?","T","R","M","M","M","M","M","R","B","B",null,"M","$","M","M","M","R","M","$","T","?","M","M","?","M","R","B",null,"R","$","E","B",null],"character_chosen":"DEFECT","items_purchased":["Membership Card","OrangePellets","DemoMod:GnawedKey","HollowMod:StagPassRelic","War Paint","Peace Pipe","DemoMod:JetPack","Hello World","Metamorphosis","MerchantsRug","Melter","Oddly Smooth Stone","Happy Flower","HandDrill","Frozen Egg 2","Defragment+1","Thunder Strike","DollysMirror","DemoMod:Orange","Bottled Lightning","Defragment+1","Bronze Scales","DemoMod:ClearGuonStone","Medical Kit","PrismaticShard","Capacitor+1","Double Energy","Pear","Lee\u0027s Waffle","Mummified Hand","Frozen Eye","MealTicket","Jack Of All Trades","Runic Capacitor","Bottled Tornado","Toolbox"],"campfire_rested":1,"item_purchase_floors":[2,2,2,2,2,2,2,2,2,2,2,8,8,8,8,8,8,8,8,22,22,22,22,22,22,38,38,38,38,38,38,38,38,44,44,55],"current_hp_per_floor":[86,86,86,86,84,77,77,94,94,94,90,90,90,84,84,70,102,88,78,75,69,69,69,69,69,102,102,94,69,52,52,42,84,76,41,106,100,123,117,99,96,96,96,117,127,127,113,113,113,113,113,109,134,134,134,131,135],"gold":71,"neow_bonus":"TEN_PERCENT_HP_BONUS","is_daily":false,"chose_seed":false,"campfire_upgraded":1,"win_rate":0.0,"timestamp":1609772165,"path_taken":["M","$","M","M","M","E","?","$","T","?","E","?","R","M","R","BOSS","M","M","M","M","$","E","?","?","T","R","M","M","M","M","M","R","BOSS","BOSS","M","$","?","M","M","R","M","$","T","?","?","M","?","M","R","BOSS","R","$","E","BOSS"],"items_purchased_type":["Relic","Relic","Relic","Relic","Relic","Relic","Relic","Card","Card","Relic","Card","Relic","Relic","Relic","Relic","Card","Card","Relic","Relic","Relic","Card","Relic","Relic","Relic","Relic","Card","Card","Relic","Relic","Relic","Relic","Relic","Card","Relic","Relic","Relic"],"build_version":"2020-12-22","purchased_purges":1,"victory":true,"max_hp_per_floor":[86,86,86,86,86,86,86,98,98,98,98,98,98,98,98,102,102,102,102,102,102,102,102,102,102,102,102,102,102,102,102,102,102,102,106,106,106,123,123,123,123,123,123,123,130,130,130,130,130,130,130,134,134,134,134,134,138],"card_choices":[{"not_picked":["Go for the Eyes","Coolheaded"],"picked":"Conserve Battery+1","floor":1},{"not_picked":["Recycle","Gash"],"picked":"Chaos","floor":3},{"not_picked":["Steam+1","Rebound"],"picked":"Doom and Gloom+1","floor":4},{"not_picked":["Gash","Reprogram+1"],"picked":"Storm+1","floor":5},{"not_picked":["Conserve Battery","Rip and Tear"],"picked":"Ball Lightning","floor":6},{"not_picked":["Stack","Gash"],"picked":"Static Discharge+1","floor":6},{"not_picked":["Barrage","Chill"],"picked":"Sweeping Beam+1","floor":10},{"not_picked":["Turbo","Conserve Battery"],"picked":"Fusion+1","floor":11},{"not_picked":["Darkness+1","Fusion","Rip and Tear"],"picked":"SKIP","floor":11},{"not_picked":["Blizzard","Sweeping Beam","Conserve Battery"],"picked":"SKIP","floor":12},{"not_picked":["Darkness+1","Sweeping Beam+1","Conserve Battery"],"picked":"SKIP","floor":14},{"not_picked":["Thunder Strike","Rainbow"],"picked":"Electrodynamics+1","floor":16},{"not_picked":["Leap","Cold Snap","Steam"],"picked":"SKIP","floor":18},{"not_picked":["Heatsinks+1","Auto Shields"],"picked":"White Noise","floor":19},{"not_picked":["Barrage","Redo"],"picked":"Tempest","floor":20},{"not_picked":["Redo","Sunder"],"picked":"Amplify","floor":21},{"not_picked":["DTMod:Threaten","Penitence"],"picked":"Bullet Time","floor":23},{"not_picked":["Deflect+1","DTMod:MasterPlan"],"picked":"DTMod:Haste","floor":28},{"not_picked":["DemoMod:Unmoved","PokerPlayerMod:Trickery","Dagger Spray+1"],"picked":"SKIP","floor":29},{"not_picked":["DTMod:Weaken","HollowMod:ShadowDash","EmptyFist+1"],"picked":"SKIP","floor":30},{"not_picked":["Redo","ats:Overload+1"],"picked":"DemoMod:BoxingGlove+1","floor":31},{"not_picked":["DTMod:HeatWave","Armaments+1","TheCursedMod:SmokeScreen+1"],"picked":"SKIP","floor":32},{"not_picked":[],"picked":"DemoMod:Elimentaler","floor":35},{"not_picked":["PokerPlayerMod:GamblerForm+1","ats:Echo Reverb"],"picked":"Metamorphosis","floor":35},{"not_picked":["HollowMod:GreatSlash","PokerPlayerMod:ClubsClub"],"picked":"HollowMod:QuirrelsAssistance+1","floor":36},{"not_picked":["CherryBlossom+1","Runesmith:BackupBattery"],"picked":"Acrobatics+1","floor":37},{"not_picked":["TheCursedMod:CursedBoomerang+1","HollowMod:CornifersMapStart+1","Steam+1"],"picked":"SKIP","floor":39},{"not_picked":["hierophant:FieryStrike+1","hierophant:Remorse"],"picked":"DemoMod:FortunesFavor","floor":40},{"not_picked":["Burning Pact+1","Bandage Up+1"],"picked":"Phantasmal Killer","floor":41},{"not_picked":["Runesmith:RuneHurl","hermit:SprayPray+1","TheCursedMod:Obscuration"],"picked":"SKIP","floor":43},{"not_picked":["HollowMod:SoulShaman+1","TheCursedMod:PrepareRite+1"],"picked":"TheCursedMod:SpitefulPray+1","floor":47},{"not_picked":["Twin Strike+1","Feel No Pain+1"],"picked":"TheCursedMod:SpitefulPray+1","floor":48},{"not_picked":["Underhanded Strike+1","ClearTheMind+1"],"picked":"DemoMod:TableSutra+1","floor":50},{"not_picked":["Deadly Poison+1","Eviscerate+1"],"picked":"Caltrops+1","floor":56}],"player_experience":156475,"relics_obtained":[{"floor":6,"key":"DemoMod:BlueGuonStone"},{"floor":7,"key":"Potion Belt"},{"floor":9,"key":"Runesmith:AutoHammer"},{"floor":11,"key":"Toy Ornithopter"},{"floor":16,"key":"Ice Cream"},{"floor":23,"key":"Whetstone"},{"floor":27,"key":"Symbiotic Virus"},{"floor":35,"key":"Turnip"},{"floor":36,"key":"DemoMod:RatBoots"},{"floor":36,"key":"DemoMod:ResourcefulSack"},{"floor":36,"key":"DemoMod:PartiallyEatenCheese"},{"floor":36,"key":"Runic Pyramid"},{"floor":36,"key":"FrozenCore"},{"floor":39,"key":"Sundial"},{"floor":41,"key":"Vajra"},{"floor":42,"key":"White Beast Statue"},{"floor":45,"key":"DemoMod:MonsterBlood"},{"floor":45,"key":"Molten Egg 2"},{"floor":51,"key":"Unceasing Top"},{"floor":54,"key":"Ornamental Fan"},{"floor":56,"key":"DemoMod:MeltedRock"}],"event_choices":[{"damage_healed":0,"gold_gain":0,"player_choice":"Relic","damage_taken":0,"max_hp_gain":0,"max_hp_loss":0,"event_name":"Wheel of Change","floor":7,"gold_loss":0},{"cards_removed":["Writhe"],"damage_healed":0,"gold_gain":0,"player_choice":"Removed Curses","damage_taken":0,"max_hp_gain":0,"max_hp_loss":0,"event_name":"Fountain of Cleansing","floor":25,"gold_loss":0},{"damage_healed":0,"gold_gain":0,"player_choice":"Ignored","damage_taken":0,"max_hp_gain":0,"max_hp_loss":0,"event_name":"NoteForYourself","floor":46,"gold_loss":0},{"damage_healed":0,"gold_gain":0,"player_choice":"Paid","damage_taken":0,"relics_obtained":["Red Mask"],"max_hp_gain":0,"max_hp_loss":0,"event_name":"Tomb of Lord Red Mask","floor":49,"gold_loss":44}],"is_beta":false,"boss_relics":[{"not_picked":["Busted Crown","Runesmith:UraniumAnvil"],"picked":"Inserter"},{"not_picked":[]}],"items_purged_floors":[38],"is_endless":false,"potions_floor_spawned":[3,4,14,16,18,21,23,28,31,39,41,43,47,48,50,56],"ascension_level":0}}