{"host":"uflv0e3ja7hvnij7","time":1609782926,"event":{"mods":["Aspiration","BaseMod","Better Altar","Better Match","Better Note","Better Sensory Stone","Better Skull","Better Third Choice","Hubris","Minty Spire (QoL Compilation)","Permanent Neow","Shop Mod","StSLib"],"gold_per_floor":[109,34,53,53,64,64,64,64,64,95,110,144,155,175,175,175,175],"floor_reached":16,"playtime":862,"items_purged":["Strike_G"],"score":140,"play_id":"68748697-a65e-41cb-be48-8d8622432b7d","local_time":"20210104125526","is_ascension_mode":true,"campfire_choices":[{"data":"Bane","floor":6,"key":"SMITH"},{"data":"Bane","floor":8,"key":"SMITH"},{"floor":15,"key":"REST"}],"circlet_count":0,"master_deck":["Strike_G","Strike_G","Strike_G","Defend_G","Defend_G","Defend_G","Defend_G","Survivor","Neutralize","Bane+1","Bane+1","Poisoned Stab","Cloak And Dagger","Deadly Poison","Night Terror","Distraction","Deflect"],"relics":["Ring of the Snake","CaptainsWheel","aspiration:StickyExplosives","hubris:BottledRain"],"acts_visited":["Exordium"],"potions_floor_usage":[14,16,16,16],"damage_taken":[{"damage":6,"enemies":"2 Louse","floor":1,"turns":3},{"damage":4,"enemies":"Jaw Worm","floor":3,"turns":5},{"damage":0,"enemies":"Cultist","floor":5,"turns":3},{"damage":12,"enemies":"Lagavulin","floor":10,"turns":5},{"damage":3,"enemies":"Looter","floor":11,"turns":2},{"damage":16,"enemies":"3 Sentries","floor":12,"turns":8},{"damage":0,"enemies":"Red Slaver","floor":13,"turns":4},{"damage":20,"enemies":"Gremlin Gang","floor":14,"turns":4},{"damage":28,"enemies":"Slime Boss","floor":16,"turns":8}],"seed_played":"-4304419478624093850","potions_obtained":[{"floor":5,"key":"SpeedPotion"},{"floor":10,"key":"LiquidMemories"},{"floor":13,"key":"EssenceOfSteel"},{"floor":14,"key":"Weak Potion"}],"is_trial":false,"path_per_floor":["M","$","M","?","M","R","?","R","T","E","M","E","M","M","R","B"],"character_chosen":"THE_SILENT","items_purchased":[],"campfire_rested":1,"item_purchase_floors":[],"current_hp_per_floor":[64,64,60,60,60,60,60,60,60,48,45,29,29,9,30,2,2],"gold":175,"neow_bonus":"REMOVE_CARD","is_daily":false,"chose_seed":false,"campfire_upgraded":2,"win_rate":0.0,"timestamp":1609782926,"path_taken":["M","$","M","?","M","R","?","R","T","E","?","E","M","M","R","BOSS"],"items_purchased_type":[],"build_version":"2020-12-22","purchased_purges":1,"victory":false,"max_hp_per_floor":[70,70,70,70,70,70,70,70,70,70,70,70,70,70,70,70,70],"card_choices":[{"not_picked":["PiercingWail","Underhanded Strike"],"picked":"Bane","floor":1},{"not_picked":["PiercingWail","Concentrate"],"picked":"Bane","floor":3},{"not_picked":["Outmaneuver","Bane"],"picked":"Poisoned Stab","floor":5},{"not_picked":["Quick Slash","Flying Knee"],"picked":"Cloak And Dagger","floor":10},{"not_picked":["Accuracy","Slice"],"picked":"Deadly Poison","floor":11},{"not_picked":["hubris:SlightOfHand","After Image"],"picked":"Night Terror","floor":12},{"not_picked":["Sucker Punch","Dagger Throw"],"picked":"Distraction","floor":13},{"not_picked":["Backflip","Finisher"],"picked":"Deflect","floor":14}],"player_experience":475535,"relics_obtained":[{"floor":9,"key":"CaptainsWheel"},{"floor":10,"key":"aspiration:StickyExplosives"},{"floor":12,"key":"hubris:BottledRain"}],"event_choices":[{"cards_removed":["Strike_G"],"damage_healed":0,"gold_gain":0,"player_choice":"Forget","damage_taken":0,"max_hp_gain":0,"max_hp_loss":0,"event_name":"Living Wall","floor":7,"gold_loss":0}],"is_beta":false,"boss_relics":[],"items_purged_floors":[2],"is_endless":false,"potions_floor_spawned":[5,10,13,14],"killed_by":"Slime Boss","ascension_level":5}}