{"host":"6gnv7me3tk2udb7q","time":1609775770,"event":{"mods":["BaseMod","Bestiary","Colored Map","Minty Spire (QoL Compilation)"],"gold_per_floor":[114,114,114,39,39,82,82,123,150,150,181,194,219,232,232,232,232],"floor_reached":16,"playtime":486,"items_purged":["Injury"],"score":277,"play_id":"f25cee9c-2a25-442a-824e-70290f27e33e","local_time":"20210104105610","is_ascension_mode":true,"campfire_choices":[{"data":"Iron Wave","floor":7,"key":"SMITH"},{"data":"Bash","floor":10,"key":"SMITH"},{"data":"Shrug It Off","floor":15,"key":"SMITH"}],"circlet_count":0,"master_deck":["AscendersBane","Strike_R","Strike_R","Strike_R","Strike_R","Strike_R","Defend_R","Defend_R","Defend_R","Defend_R","Bash+1","Wild Strike+1","Iron Wave+1","Cleave","Immolate","Shockwave","Headbutt","Shrug It Off+1"],"relics":["Burning Blood","NeowsBlessing","Golden Idol","Regal Pillow","Pear","Gremlin Horn","MealTicket","Omamori"],"acts_visited":["Exordium"],"potions_floor_usage":[16,16],"damage_taken":[{"damage":0,"enemies":"Small Slimes","floor":1,"turns":1},{"damage":0,"enemies":"3 Sentries","floor":6,"turns":2},{"damage":0,"enemies":"Lagavulin","floor":8,"turns":1},{"damage":22,"enemies":"Gremlin Nob","floor":11,"turns":4},{"damage":0,"enemies":"Jaw Worm","floor":12,"turns":3},{"damage":2,"enemies":"2 Louse","floor":13,"turns":2},{"damage":6,"enemies":"2 Fungi Beasts","floor":14,"turns":2},{"damage":82,"enemies":"The Guardian","floor":16,"turns":12}],"seed_played":"7278217901592018985","potions_obtained":[{"floor":11,"key":"Weak Potion"},{"floor":12,"key":"FearPotion"}],"is_trial":false,"path_per_floor":["M","?","?","$","?","E","R","E","T","R","E","M","M","M","R","B"],"character_chosen":"IRONCLAD","items_purchased":[],"campfire_rested":0,"item_purchase_floors":[],"current_hp_per_floor":[78,78,78,78,66,82,82,88,88,88,72,78,82,82,82,0,0],"gold":232,"neow_bonus":"THREE_ENEMY_KILL","is_daily":false,"chose_seed":false,"campfire_upgraded":3,"win_rate":0.0,"timestamp":1609775770,"path_taken":["M","?","?","$","?","E","R","E","T","R","E","M","M","M","R","BOSS"],"items_purchased_type":[],"build_version":"2020-12-22","purchased_purges":1,"victory":false,"max_hp_per_floor":[80,80,80,80,80,90,90,90,90,90,90,90,90,90,90,90,90],"card_choices":[{"not_picked":["Pommel Strike","Battle Trance"],"picked":"Wild Strike","floor":1},{"not_picked":["Thunderclap","Second Wind"],"picked":"Iron Wave","floor":6},{"not_picked":["Dark Embrace","Wild Strike"],"picked":"Cleave","floor":8},{"not_picked":["Metallicize","Battle Trance"],"picked":"Immolate","floor":11},{"not_picked":["Body Slam","Headbutt"],"picked":"Shockwave","floor":12},{"not_picked":["Flex","Twin Strike"],"picked":"Headbutt","floor":13},{"not_picked":["Seeing Red","Perfected Strike"],"picked":"Shrug It Off","floor":14}],"player_experience":576196,"relics_obtained":[{"floor":6,"key":"Pear"},{"floor":8,"key":"Gremlin Horn"},{"floor":9,"key":"MealTicket"},{"floor":11,"key":"Omamori"}],"event_choices":[{"damage_healed":0,"gold_gain":0,"player_choice":"Grow","damage_taken":0,"max_hp_gain":0,"max_hp_loss":0,"event_name":"Living Wall","floor":2,"gold_loss":0,"cards_upgraded":["Wild Strike"]},{"damage_healed":0,"gold_gain":0,"player_choice":"Take Wound","damage_taken":0,"relics_obtained":["Golden Idol"],"max_hp_gain":0,"max_hp_loss":0,"event_name":"Golden Idol","floor":3,"gold_loss":0,"cards_obtained":["Injury"]},{"damage_healed":0,"gold_gain":0,"player_choice":"Success","damage_taken":12,"relics_obtained":["Regal Pillow"],"max_hp_gain":0,"max_hp_loss":0,"event_name":"Scrap Ooze","floor":5,"gold_loss":0}],"is_beta":false,"boss_relics":[],"items_purged_floors":[4],"is_endless":false,"potions_floor_spawned":[11,12,14],"killed_by":"The Guardian","ascension_level":13}}