{"host":"roto7j7840a50pxh","time":1609721906,"event":{"mods":["Act Like it!","BaseMod","Better Altar","Better Note","Better Sensory Stone","Better Skull","Better Third Choice","BetterRewards","Colored Map","Colored Powertips","Downfall","Hermit","Highlight Path","Hubris","Infinite Spire","Minty Spire (QoL Compilation)","Replay The Spire","Robot Space Explorer","Shade Mod","Spicy Shops","StSLib","The Cursed","The Dragon Tamer","The Hierophant","The Necromancer","The Runesmith","The Servant 0.9.4","TheVacant"],"gold_per_floor":[110,110,141,141,158,158,173,200,200,233,22,56,70,70,70,169,169,201,216,229,229,244,269,269,303,303,348,348,348],"floor_reached":28,"playtime":1894,"items_purged":[],"score":572,"play_id":"705d05a8-73b1-4e32-ab8a-36d2a4dddd3c","local_time":"20210103195826","is_ascension_mode":true,"campfire_choices":[{"data":"TheCursedMod:CircleOfWindfury","floor":6.0,"key":"SMITH"},{"floor":15.0,"key":"REST"},{"data":"Midas Touch","floor":15.0,"key":"SMITH"},{"floor":24.0,"key":"REST"},{"data":"TheCursedMod:AntiAging","floor":24.0,"key":"SMITH"},{"data":"TheCursedMod:HellsGateOpen","floor":24.0,"key":"SMITH"}],"circlet_count":0,"master_deck":["TheCursedMod:CursedWand","TheCursedMod:CleanUpWorkshop","TheCursedMod:Wield","Finesse","TheCursedMod:Stretching","TheCursedMod:Stretching","TheCursedMod:CircleOfCorruption","TheCursedMod:CircleOfCorruption","TheCursedMod:CircleOfWindfury+1","TheCursedMod:CircleOfAbyss","TheCursedMod:CursedBlade","TheCursedMod:CursedBlade","TheCursedMod:EmpowerCircles","HandOfGreed","TheCursedMod:CircleOfWindfury+1","TheCursedMod:CursedMace","Midas Touch+1","TheCursedMod:WearCloak","TheCursedMod:HellsGateOpen+1","TheCursedMod:SurpriseAttack","Overencumbered","Replay:Hysterical Blindness","infinitespire:Execution","TheCursedMod:CursedShiv","Regret","TheCursedMod:Wield","TheCursedMod:CursedMace","TheCursedMod:CursedStaff","TheCursedMod:VitalStrike","TheCursedMod:VitalStrike","TheCursedMod:ManaBullet","TheCursedMod:CursedBoomerang","TheCursedMod:SpitefulPray","TheCursedMod:AntiAging+1","TheCursedMod:ManaBullet+1","TheCursedMod:SoulCrush","TheCursedMod:HellfireBreathing","infinitespire:TheBestDefense","TheCursedMod:FleshFromBone","TheCursedMod:DemonSword","TheCursedMod:Stigma"],"relics":["TheCursedMod:PinkPellets","hubris:Spice","infinitespire:Magic Flask","Replay:Bottled Snecko","Frozen Eye","TheCursedMod:FourLeafCloverCharm","Runesmith:Locket","Replay:Arrowhead","Runesmith:AutoHammer"],"acts_visited":["Exordium","TheCity"],"potions_floor_usage":[28,28],"damage_taken":[{"damage":0.0,"enemies":"Jaw Worm","floor":1.0,"turns":2.0},{"damage":0.0,"enemies":"Small Slimes","floor":3.0,"turns":2.0},{"damage":0.0,"enemies":"2 Louse","floor":5.0,"turns":1.0},{"damage":8.0,"enemies":"Red Slaver","floor":7.0,"turns":2.0},{"damage":2.0,"enemies":"Replay:BlueRogue","floor":8.0,"turns":3.0},{"damage":2.0,"enemies":"3 Sentries","floor":10.0,"turns":4.0},{"damage":0.0,"enemies":"Lagavulin","floor":12.0,"turns":2.0},{"damage":0.0,"enemies":"3 Louse","floor":13.0,"turns":1.0},{"damage":2.0,"enemies":"Slime Boss","floor":16.0,"turns":4.0},{"damage":2.0,"enemies":"3 Byrds","floor":18.0,"turns":3.0},{"damage":17.0,"enemies":"Chosen","floor":19.0,"turns":2.0},{"damage":5.0,"enemies":"Sentry and Sphere","floor":20.0,"turns":3.0},{"damage":14.0,"enemies":"Shelled Parasite and Fungi","floor":22.0,"turns":2.0},{"damage":7.0,"enemies":"Replay:Snechameleon","floor":23.0,"turns":3.0},{"damage":26.0,"enemies":"Book of Stabbing","floor":25.0,"turns":5.0},{"damage":15.0,"enemies":"Cultist and Chosen","floor":27.0,"turns":4.0},{"damage":10,"enemies":"Centurion and Healer","floor":28,"turns":1}],"seed_played":"-2793085904534827269","potions_obtained":[{"floor":1.0,"key":"GamblersBrew"},{"floor":3.0,"key":"GamblersBrew"},{"floor":12.0,"key":"Weak Potion"},{"floor":18.0,"key":"EssenceOfSteel"},{"floor":22.0,"key":"AttackPotion"},{"floor":25.0,"key":"PowerPotion"}],"is_trial":false,"path_per_floor":["M","?","M","?","M","R","M","E","T","E","$","E","M","?","R","B",null,"M","M","M","AVR","M","E","R","E","T","M","M"],"character_chosen":"THE_CURSED","items_purchased":["TheCursedMod:CursedBlade","hubris:Spice","infinitespire:Magic Flask","TheCursedMod:EmpowerCircles","HandOfGreed","TheCursedMod:CircleOfWindfury","TheCursedMod:CursedMace","Midas Touch","Replay:Bottled Snecko","hubris:Spice","TheCursedMod:WearCloak","TheCursedMod:HellsGateOpen","Frozen Eye","TheCursedMod:VitalStrike","TheCursedMod:ManaBullet"],"campfire_rested":2,"item_purchase_floors":[0,0,0,0,0,0,0,0,0,0,0,0,11,11,11],"current_hp_per_floor":[37,37,37,37,37,37,29,27,27,25,25,25,25,25,47,45,68,66,49,46,46,32,25,48,25,25,10,0,0],"gold":348,"neow_bonus":"","is_daily":false,"chose_seed":false,"campfire_upgraded":4,"win_rate":0.0,"timestamp":1609721906,"path_taken":["M","?","M","?","M","R","M","E","T","E","?","E","M","?","R","BOSS","M","M","M","AVR","M","E","R","E","T","M","M"],"items_purchased_type":["Card","Relic","Relic","Card","Card","Card","Card","Card","Relic","Relic","Card","Card","Relic","Card","Card"],"build_version":"2020-12-22","purchased_purges":0,"victory":false,"max_hp_per_floor":[91,91,91,83,83,83,83,75,75,75,75,75,75,75,75,75,75,75,75,77,77,77,77,77,80,80,80,80,80],"card_choices":[{"not_picked":["TheCursedMod:FleshFromBone","TheCursedMod:SoulCrush"],"picked":"TheCursedMod:SurpriseAttack","floor":1.0},{"not_picked":["hubris:Rewind","hubris:InfiniteBlow+74580"],"picked":"infinitespire:Execution","floor":2.0},{"not_picked":["TheCursedMod:CursedStaff","TheCursedMod:WearCloak"],"picked":"TheCursedMod:CursedShiv","floor":3.0},{"not_picked":["TheCursedMod:EmpowerCircles","TheCursedMod:LuckyCharm"],"picked":"TheCursedMod:Wield","floor":5.0},{"not_picked":["TheCursedMod:Neurasthenia","TheCursedMod:CircleOfBlood"],"picked":"TheCursedMod:CursedMace","floor":7.0},{"not_picked":["TheCursedMod:SurpriseAttack","TheCursedMod:TacticalStrike"],"picked":"TheCursedMod:CursedStaff","floor":8.0},{"not_picked":["TheCursedMod:CursedMace","TheCursedMod:ParallelWorld"],"picked":"TheCursedMod:VitalStrike","floor":10.0},{"not_picked":["TheCursedMod:HellfireBreathing","TheCursedMod:CircleOfFlame"],"picked":"TheCursedMod:CursedBoomerang","floor":12.0},{"not_picked":["hubris:SpiceAddiction","TheCursedMod:Grudge"],"picked":"TheCursedMod:SpitefulPray","floor":13.0},{"not_picked":["TheCursedMod:UltimatePain","TheCursedMod:CursedRelics"],"picked":"TheCursedMod:AntiAging","floor":16.0},{"not_picked":["hubris:SpiceAddiction","TheCursedMod:SpitefulPlan"],"picked":"TheCursedMod:ManaBullet+1","floor":18.0},{"not_picked":["hubris:SpiceAddiction","hubris:SpiceAddiction"],"picked":"TheCursedMod:SoulCrush","floor":19.0},{"not_picked":["TheCursedMod:CircleOfWindfury+1","TheCursedMod:SaltUponWound"],"picked":"TheCursedMod:HellfireBreathing","floor":20.0},{"not_picked":["TheCursedMod:CircleOfFlame","hubris:SpiceAddiction"],"picked":"TheCursedMod:FleshFromBone","floor":22.0},{"not_picked":["hubris:SpiceAddiction","TheCursedMod:Wield"],"picked":"TheCursedMod:DemonSword","floor":23.0},{"not_picked":["TheCursedMod:AntiAging","TheCursedMod:VitalStrike"],"picked":"TheCursedMod:Stigma","floor":25.0},{"not_picked":["hubris:SpiceAddiction","hubris:SpiceAddiction","hubris:SpiceAddiction"],"picked":"SKIP","floor":27.0}],"player_experience":1411880,"relics_obtained":[{"floor":8.0,"key":"hubris:Spice"},{"floor":23.0,"key":"Replay:Arrowhead"},{"floor":26.0,"key":"Runesmith:AutoHammer"}],"event_choices":[{"damage_healed":0.0,"max_hp_gain":0.0,"max_hp_loss":0.0,"gold_gain":0.0,"event_name":"Big Fish","player_choice":"Box","floor":4.0,"gold_loss":0.0,"damage_taken":0.0,"relics_obtained":["hubris:Spice"],"cards_obtained":["Regret"]},{"damage_healed":0.0,"max_hp_gain":0.0,"max_hp_loss":0.0,"gold_gain":0.0,"event_name":"Upgrade Shrine","player_choice":"Upgraded","floor":14.0,"gold_loss":0.0,"damage_taken":0.0,"cards_upgraded":["TheCursedMod:CircleOfWindfury"]}],"is_beta":false,"boss_relics":[{"not_picked":["hubris:Spice","hubris:Spice"],"picked":"TheCursedMod:FourLeafCloverCharm"}],"items_purged_floors":[],"is_endless":false,"potions_floor_spawned":[1,3,12,18,22,25],"killed_by":"Centurion and Healer","ascension_level":7}}