{"host":"igj4vwc42ivwqexo","time":1609773177,"event":{"mods":["BaseMod","Better Third Choice","Koishi","Marisa????????","Minty Spire (QoL Compilation)","Shop Mod","StSLib","The Blue Laboratory","The Disciple","The Hierophant","The Servant 0.9.4"],"gold_per_floor":[109,128,128,128,147,147,175,350,430,430,443,443,443,443],"floor_reached":13,"playtime":1013,"items_purged":[],"score":95,"play_id":"1baa0f79-1f23-4de6-acce-a41bf6590b3e","local_time":"20210104161257","is_ascension_mode":true,"campfire_choices":[{"floor":6,"key":"REST"},{"data":"Tools of the Trade","floor":10,"key":"SMITH"},{"data":"Vigilance","floor":12,"key":"SMITH"}],"circlet_count":0,"master_deck":["Strike_P","Strike_P+1","Strike_P","Defend_P+1","Defend_P+1","Defend_P","Defend_P","Eruption+1","Vigilance+1","LessonLearned","InnerPeace","MasterReality","SashWhip","Tools of the Trade+1","WindmillStrike+1","Prostrate","Doubt","TalkToTheHand+1"],"relics":["PureWater","Boot","Tiny Chest","Molten Egg 2"],"acts_visited":["Exordium"],"potions_floor_usage":[7,7],"damage_taken":[{"damage":12,"enemies":"Jaw Worm","floor":1,"turns":6},{"damage":12,"enemies":"Small Slimes","floor":2,"turns":4},{"damage":0,"enemies":"Cultist","floor":5,"turns":4},{"damage":2,"enemies":"3 Sentries","floor":7,"turns":6},{"damage":8,"enemies":"3 Louse","floor":11,"turns":4},{"damage":20,"enemies":"Lagavulin","floor":13,"turns":3}],"seed_played":"2237010220753784577","potions_obtained":[{"floor":1,"key":"AttackPotion"},{"floor":2,"key":"SkillPotion"}],"is_trial":false,"path_per_floor":["M","M","?","?","M","R","E","?","T","R","M","R","E"],"character_chosen":"WATCHER","items_purchased":[],"campfire_rested":1,"item_purchase_floors":[],"current_hp_per_floor":[39,27,27,4,4,25,23,23,23,23,15,15,0,0],"gold":443,"neow_bonus":"THREE_RARE_CARDS","is_daily":false,"chose_seed":false,"campfire_upgraded":2,"win_rate":0.0,"timestamp":1609773177,"path_taken":["M","M","?","?","M","R","E","?","T","R","?","R","E"],"items_purchased_type":[],"build_version":"2020-12-22","purchased_purges":0,"victory":false,"max_hp_per_floor":[72,72,72,72,72,72,72,72,72,72,72,72,72,72],"card_choices":[{"not_picked":["Alpha","SpiritShield"],"picked":"LessonLearned","floor":0},{"not_picked":["CutThroughFate","FlyingSleeves"],"picked":"InnerPeace","floor":1},{"not_picked":["FlurryOfBlows","Consecrate"],"picked":"MasterReality","floor":2},{"not_picked":["Protect","JustLucky"],"picked":"WindmillStrike","floor":5},{"not_picked":["Worship","FollowUp"],"picked":"Prostrate","floor":7},{"not_picked":["Consecrate+1","CrushJoints+1"],"picked":"TalkToTheHand+1","floor":11}],"player_experience":323998,"relics_obtained":[{"floor":7,"key":"Tiny Chest"},{"floor":9,"key":"Molten Egg 2"}],"event_choices":[{"damage_healed":0,"gold_gain":0,"cards_transformed":["Strike_P"],"player_choice":"Change","damage_taken":0,"max_hp_gain":0,"max_hp_loss":0,"event_name":"Living Wall","floor":3,"gold_loss":0,"cards_obtained":["SashWhip"]},{"damage_healed":0,"gold_gain":175,"player_choice":"AGREE","damage_taken":175,"max_hp_gain":0,"max_hp_loss":0,"event_name":"betterThird:BetterSerpent","floor":8,"gold_loss":0}],"is_beta":false,"boss_relics":[],"items_purged_floors":[],"is_endless":false,"potions_floor_spawned":[1,2],"killed_by":"Lagavulin","ascension_level":3}}