{"host":"n900smz9wr3yo27a","time":1609766610,"event":{"mods":["Arknights The Spire","BaseMod","CapriCore","GungeonMod","Hermit","Koishi","Lobotomy","Marisa£¨Ùöéë¡¡Øª×âÞÞ£©","Minty Spire (QoL Compilation)","Prisma Mod","Replay The Spire","StSLib","Td1madao Mod","The Animator","The Bug Knight","The Cursed","The Dragon Tamer","The Gatherer","The Hierophant","The Immortal","The Jungle","The Necromancer","The Poker Player","The Runesmith","WarShipGirlsR/??á´Ò³R mod"],"gold_per_floor":[150,161,11,29,29,29,29,69,69,109,129,182,232,272,272,401,401,457,457,272,297,328,363,123,166,166,209,242,282,295,143,143,274,274,287,287,311,346,361,402,433,468,495,520,553,357,86,137,137,137,137,137,137,9,45,45],"floor_reached":57,"playtime":2254,"items_purged":["DemoMod:BoxingGlove"],"score":2297,"play_id":"d7908573-30e9-455d-bc07-327ffa1b0351","local_time":"20210104222330","daily_mods":["Draft","Vintage","Heirloom","Time Dilation","Flight","DeadlyEvents","Elite Swarm","Binary"],"is_ascension_mode":false,"campfire_choices":[{"data":"DemoMod:ShadowBullets","floor":6,"key":"SMITH"},{"data":"DemoMod:StickyCrossBow","floor":7,"key":"SMITH"},{"floor":15,"key":"DIG"},{"floor":32,"key":"DIG"},{"floor":49,"key":"RECALL"},{"data":"DemoMod:ShadowBullets","floor":53,"key":"SMITH"}],"circlet_count":0,"master_deck":["DemoMod:HardPowerCard","DemoMod:HardPowerCard","DemoMod:FastSwitch","DemoMod:FastSwitch","DemoMod:StickyCrossBow+1","DemoMod:FastSwitch","DemoMod:HardPowerCard","DemoMod:HungryBullets","DemoMod:DoubleSwitch","DemoMod:FastSwitch","DemoMod:Unmoved","DemoMod:ShadowBullets+1","DemoMod:ShadowBullets+1","DemoMod:HungryBullets"],"relics":["DemoMod:Dog","Busted Crown","replay:Trail_Library","Lizard Tail","Nunchaku","DemoMod:WhiteGuonStone","Onion Ring","Golden Idol","Runesmith:AutoHammer","Bottled Tornado","Vajra","Bottled Flame","Orichalcum","Blue Doll","DemoMod:ResourcefulSack","DemoMod:ElasticCartridgeClip","HornCleat","theJungle:BirthdayCakeSlice","theJungle:Creamberry","Ornamental Fan","Pantograph","Matryoshka","Iron Hammer","DemoMod:JetPack","HollowMod:PaleOreRelic","Eternal Feather","StoneCalendar","Mercury Hourglass","Toy Ornithopter","DemoMod:WeirdEgg","Orrery","HollowMod:LifeEnderRelic","Runesmith:UraniumAnvil","Kunai","Replay:Bottled Flurry","Meat on the Bone","Replay:Baseball","Question Card","Omamori","Ancient Tea Set","DemoMod:PinkGuonStone","Gremlin Food","Letter Opener","Membership Card","Pear","PreservedInsect","DemoMod:ClearGuonStone","Replay:Bottled Steam","Bottled Lightning"],"acts_visited":["Exordium","Exordium","TheBeyond","TheEnding"],"potions_floor_usage":[12,23,27,27,29,33,36,39,56,56],"damage_taken":[{"damage":3,"enemies":"Cultist","floor":1,"turns":6},{"damage":0,"enemies":"Small Slimes","floor":2,"turns":1},{"damage":0,"enemies":"Jaw Worm","floor":4,"turns":1},{"damage":0,"enemies":"Lagavulin","floor":8,"turns":2},{"damage":0,"enemies":"Gremlin Nob","floor":10,"turns":1},{"damage":0,"enemies":"Looter","floor":11,"turns":1},{"damage":0,"enemies":"3 Sentries","floor":12,"turns":3},{"damage":0,"enemies":"Gremlin Nob","floor":14,"turns":2},{"damage":0,"enemies":"Slime Boss","floor":16,"turns":2},{"damage":0,"enemies":"theJungle:MUSHROOMGANG","floor":18,"turns":2},{"damage":0,"enemies":"theJungle:5_Spyders","floor":21,"turns":2},{"damage":0,"enemies":"theJungle:Cassacara","floor":22,"turns":2},{"damage":0,"enemies":"theJungle:MamaSnecko","floor":23,"turns":2},{"damage":0,"enemies":"theJungle:Cassacara","floor":25,"turns":2},{"damage":0,"enemies":"theJungle:2_Phrogs","floor":27,"turns":3},{"damage":0,"enemies":"theJungle:Cassacara","floor":28,"turns":3},{"damage":12,"enemies":"theJungle:2_Phrogs","floor":29,"turns":2},{"damage":0,"enemies":"Snake Plant","floor":30,"turns":2},{"damage":0,"enemies":"theJungle:TotemBoss","floor":33,"turns":3},{"damage":0,"enemies":"3 Darklings","floor":35,"turns":2},{"damage":0,"enemies":"Orb Walker","floor":37,"turns":1},{"damage":0,"enemies":"Giant Head","floor":38,"turns":4},{"damage":0,"enemies":"3 Darklings","floor":39,"turns":1},{"damage":0,"enemies":"Nemesis","floor":40,"turns":1},{"damage":0,"enemies":"Giant Head","floor":41,"turns":4},{"damage":0,"enemies":"Reptomancer","floor":42,"turns":2},{"damage":0,"enemies":"Writhing Mass","floor":44,"turns":2},{"damage":0,"enemies":"Nemesis","floor":45,"turns":3},{"damage":0,"enemies":"Giant Head","floor":48,"turns":2},{"damage":0,"enemies":"Donu and Deca","floor":50,"turns":6},{"damage":0,"enemies":"Shield and Spear","floor":55,"turns":2},{"damage":32,"enemies":"The Heart","floor":56,"turns":7}],"seed_played":"5457354809070284655","potions_obtained":[{"floor":4,"key":"GamblersBrew"},{"floor":14,"key":"Dexterity Potion"},{"floor":22,"key":"AttackPotion"},{"floor":25,"key":"Explosive Potion"},{"floor":28,"key":"Death Potion"},{"floor":30,"key":"Strength Potion"},{"floor":36,"key":"Fruit Juice"},{"floor":36,"key":"Milkshake"},{"floor":38,"key":"DistilledChaos"},{"floor":44,"key":"AttackPotion"}],"is_trial":true,"path_per_floor":["M","M","$","M","?","R","R","E","T","E","M","E","T","E","R","B",null,"M","?","?","M","E","E","$","E","T","E","E","E","M","$","R","B",null,"M","?","M","E","M","E","E","E","T","M","E","$","$","E","R","B",null,null,"R","$","E","B",null],"character_chosen":"HUNTRESS","items_purchased":["DemoMod:ShadowBullets","Iron Hammer","Orrery","Membership Card","DemoMod:ShadowBullets","Pear","DemoMod:HungryBullets","PreservedInsect","DuplicationPotion","Replay:Bottled Steam"],"campfire_rested":0,"item_purchase_floors":[3,24,31,46,46,47,47,47,47,54],"current_hp_per_floor":[67,67,67,67,50,50,50,50,50,50,50,50,50,50,50,50,70,70,75,75,75,75,75,75,75,75,75,75,63,63,63,69,75,75,75,80,80,80,80,80,80,80,87,87,87,87,97,97,97,97,97,97,97,97,97,70],"gold":45,"neow_bonus":"","is_daily":false,"chose_seed":false,"campfire_upgraded":3,"win_rate":0.0,"timestamp":1609766610,"path_taken":["M","?","?","M","?","R","R","E","T","?","?","E","?","E","R","BOSS","M","?","?","?","?","E","?","?","T","E","?","E","M","$","R","BOSS","M","?","M","?","?","E","?","E","T","?","?","?","$","E","R","BOSS","R","$","E","BOSS"],"items_purchased_type":["Card","Relic","Relic","Relic","Card","Relic","Card","Relic","Potion","Relic"],"build_version":"2020-12-22","purchased_purges":1,"victory":true,"max_hp_per_floor":[70,70,70,70,70,70,70,70,70,70,70,70,70,70,70,70,70,70,75,75,75,75,75,75,75,75,75,75,75,75,75,75,75,75,75,80,80,80,80,80,80,80,87,87,87,87,97,97,97,97,97,97,97,97,97,97],"card_choices":[{"not_picked":["DemoMod:DoubleSwitch","DemoMod:PotionOfGunFriendShip"],"picked":"DemoMod:HardPowerCard","floor":0},{"not_picked":["DemoMod:AC15","DemoMod:GunShield"],"picked":"DemoMod:HardPowerCard","floor":0},{"not_picked":["DemoMod:TableSutra","DemoMod:SpreadAmmo"],"picked":"DemoMod:BoxingGlove","floor":0},{"not_picked":["DemoMod:MachoBrace","DemoMod:SkilledReload"],"picked":"DemoMod:FastSwitch","floor":0},{"not_picked":["DemoMod:HighKaliber","DemoMod:BoxingGlove"],"picked":"DemoMod:FastSwitch","floor":0},{"not_picked":["DemoMod:JK47","DemoMod:Replace"],"picked":"DemoMod:StickyCrossBow","floor":0},{"not_picked":["DemoMod:BattleInHaste","DemoMod:ConditionalReflex"],"picked":"DemoMod:FastSwitch","floor":0},{"not_picked":["DemoMod:BoxingGlove","DemoMod:MegaHand"],"picked":"DemoMod:PotionOfGunFriendShip","floor":0},{"not_picked":["DemoMod:TeaPot","DemoMod:BoxingGlove"],"picked":"DemoMod:HardPowerCard","floor":0},{"not_picked":["DemoMod:SAA","DemoMod:DirectionalPad"],"picked":"DemoMod:HungryBullets","floor":0},{"not_picked":["DemoMod:StickyCrossBow","DemoMod:SkilledReload"],"picked":"DemoMod:Purify","floor":0},{"not_picked":["DemoMod:ZorGun","DemoMod:TripleGun"],"picked":"DemoMod:DoubleSwitch","floor":0},{"not_picked":["DemoMod:MegaHand","DemoMod:JK47"],"picked":"DemoMod:DirectionalPad","floor":0},{"not_picked":["DemoMod:PotionOfGunFriendShip","DemoMod:AWP"],"picked":"DemoMod:FastSwitch","floor":0},{"not_picked":["DemoMod:SniperShot","DemoMod:Replace"],"picked":"DemoMod:Unmoved","floor":0},{"not_picked":["DemoMod:BlackHoleGun+1"],"picked":"SKIP","floor":42},{"not_picked":["DemoMod:DarkMarker+1"],"picked":"SKIP","floor":45},{"not_picked":["DemoMod:Slinger+1"],"picked":"SKIP","floor":48},{"not_picked":["DemoMod:BSG+1"],"picked":"SKIP","floor":55}],"player_experience":787446,"relics_obtained":[{"floor":1,"key":"Nunchaku"},{"floor":2,"key":"DemoMod:WhiteGuonStone"},{"floor":4,"key":"Onion Ring"},{"floor":8,"key":"Runesmith:AutoHammer"},{"floor":10,"key":"Bottled Tornado"},{"floor":11,"key":"Vajra"},{"floor":12,"key":"Bottled Flame"},{"floor":13,"key":"Orichalcum"},{"floor":14,"key":"Blue Doll"},{"floor":15,"key":"DemoMod:ResourcefulSack"},{"floor":18,"key":"HornCleat"},{"floor":21,"key":"Ornamental Fan"},{"floor":22,"key":"Pantograph"},{"floor":23,"key":"Matryoshka"},{"floor":25,"key":"DemoMod:JetPack"},{"floor":26,"key":"HollowMod:PaleOreRelic"},{"floor":26,"key":"Eternal Feather"},{"floor":27,"key":"StoneCalendar"},{"floor":28,"key":"Mercury Hourglass"},{"floor":29,"key":"Toy Ornithopter"},{"floor":30,"key":"DemoMod:WeirdEgg"},{"floor":32,"key":"HollowMod:LifeEnderRelic"},{"floor":35,"key":"Kunai"},{"floor":37,"key":"Replay:Bottled Flurry"},{"floor":39,"key":"Meat on the Bone"},{"floor":40,"key":"Replay:Baseball"},{"floor":41,"key":"Question Card"},{"floor":41,"key":"Omamori"},{"floor":42,"key":"Ancient Tea Set"},{"floor":43,"key":"DemoMod:PinkGuonStone"},{"floor":43,"key":"Gremlin Food"},{"floor":45,"key":"Letter Opener"},{"floor":48,"key":"DemoMod:ClearGuonStone"},{"floor":55,"key":"Bottled Lightning"}],"event_choices":[{"damage_healed":0,"gold_gain":0,"player_choice":"Take Damage","damage_taken":17,"relics_obtained":["Golden Idol"],"max_hp_gain":0,"max_hp_loss":0,"event_name":"Golden Idol","floor":5,"gold_loss":0},{"damage_healed":0,"gold_gain":0,"player_choice":"Got Potions","damage_taken":0,"max_hp_gain":0,"max_hp_loss":0,"event_name":"Lab","floor":36,"gold_loss":0}],"is_beta":false,"boss_relics":[{"not_picked":["Runic Dome","Snecko Eye"],"picked":"DemoMod:ElasticCartridgeClip"},{"not_picked":["Astrolabe","Philosopher\u0027s Stone"],"picked":"Runesmith:UraniumAnvil"}],"items_purged_floors":[3],"is_endless":false,"potions_floor_spawned":[4,11,14,22,23,25,28,30,35,38,44,45],"ascension_level":0}}