{"host":"z9grmtg2w0nmz8n1","time":1609734249,"event":{"mods":["Aspiration","Bard","BaseMod","Beaked The Cultist","Better Altar","Better Match","Better Note","Better Sensory Stone","Better Skull","Better Third Choice","BetterRewards","CCEM","Colored Map","Conspire","Downfall","GifTheSpireLib","Googly Eyes","Halation","Hermit","Highlight Path","Hubris","Hunter ??","Jedi Mod","Jorbs\u0027s Wanderer Trilogy","Mad Scientist","Marisa????????","Minty Spire (QoL Compilation)","Permanent Neow","Replay The Spire","Shade Mod","Shop Mod","Spicy Shops","StSLib","Stuff the Spire","The Bug Knight","The Construct","The Necromancer","The Runesmith","The Witch"],"gold_per_floor":[111,127,61,73,93,93,125,125,125,158,83,95,124,134,134,232,232,247,22,22,35,35,68,82,82,132,132,70,70,81,281,281,281,281],"floor_reached":33,"playtime":1604,"items_purged":["Strike_B","Strike_B","Strike_B"],"score":352,"play_id":"8cabb9d7-8767-4918-8201-b0b7fb837372","local_time":"20210104022409","is_ascension_mode":true,"campfire_choices":[{"floor":6,"key":"RECALL"},{"floor":8,"key":"REST"},{"floor":15,"key":"REST"},{"data":"Hello World","floor":25,"key":"SMITH"},{"data":"Zap","floor":32,"key":"SMITH"}],"circlet_count":0,"master_deck":["Strike_B","Defend_B","Defend_B","Defend_B","Defend_B","Zap+1","Dualcast","Cold Snap","Barrage","Compile Driver","Hello World+1","Streamline","BootSequence","Leap","Barrage+1","Streamline","Leap","FTL","Zap"],"relics":["Cracked Core","aspiration:DSix","Replay:Mystery Machine","halation:OrihimeAndHikoboshiSamaAndTears","hubris:BallOfYels","Boot","aspiration:MobileForge","CCEMRelics:CocoNut","Potion Belt","Omamori"],"acts_visited":["Exordium","TheCity"],"potions_floor_usage":[10,13,13,23,24],"damage_taken":[{"damage":9,"enemies":"Cultist","floor":1,"turns":4},{"damage":5,"enemies":"Small Slimes","floor":2,"turns":3},{"damage":6,"enemies":"Jaw Worm","floor":4,"turns":3},{"damage":8,"enemies":"2 Fungi Beasts","floor":5,"turns":4},{"damage":20,"enemies":"Lagavulin","floor":7,"turns":7},{"damage":14,"enemies":"Gremlin Nob","floor":10,"turns":3},{"damage":16,"enemies":"Exordium Thugs","floor":12,"turns":6},{"damage":16,"enemies":"3 Sentries","floor":13,"turns":9},{"damage":2,"enemies":"3 Louse","floor":14,"turns":2},{"damage":0,"enemies":"Slime Boss","floor":16,"turns":8},{"damage":10,"enemies":"Spheric Guardian","floor":18,"turns":3},{"damage":0,"enemies":"3 Byrds","floor":21,"turns":4},{"damage":1,"enemies":"conspire:SneckoGhost","floor":23,"turns":7},{"damage":7,"enemies":"Snake Plant","floor":24,"turns":4},{"damage":5,"enemies":"Chosen and Byrds","floor":30,"turns":5},{"damage":63,"enemies":"hubris:MusketHawk","floor":33,"turns":6}],"seed_played":"3436186357215724512","potions_obtained":[{"floor":4,"key":"Strength Potion"},{"floor":7,"key":"Dexterity Potion"},{"floor":12,"key":"Swift Potion"},{"floor":14,"key":"Guardian:BlockOnCardUsePotion"},{"floor":18,"key":"Languid Potion"},{"floor":21,"key":"Venom Potion"}],"is_trial":false,"path_per_floor":["M","M","?","M","M","R","E","R","T","E","$","M","E","M","R","B",null,"M","$","?","M","T","E","M","R","T","HB","$","?","M","?","R","B"],"character_chosen":"DEFECT","items_purchased":["Omamori"],"campfire_rested":2,"item_purchase_floors":[28],"current_hp_per_floor":[66,61,61,55,47,47,27,49,49,35,35,19,3,1,23,23,75,65,65,58,58,58,62,55,55,55,40,40,40,35,35,35,0,0],"gold":281,"neow_bonus":"DSIX","is_daily":false,"chose_seed":false,"campfire_upgraded":2,"win_rate":0.0,"timestamp":1609734249,"path_taken":["M","?","?","M","?","R","E","R","T","E","?","M","E","?","R","BOSS","M","$","?","?","?","E","M","R","T","HB","$","?","?","?","R","BOSS"],"items_purchased_type":["Relic"],"build_version":"2020-12-22","purchased_purges":3,"victory":false,"max_hp_per_floor":[75,75,75,75,75,75,75,75,75,75,75,75,75,75,75,75,75,75,75,75,75,75,80,80,80,80,40,40,40,40,40,40,40,40],"card_choices":[{"not_picked":["jedi:BurstLightning","StuffTheSpire:LoadUp","StuffTheSpire:NuclearReactor"],"picked":"SKIP","floor":1},{"not_picked":["Self Repair","Stack"],"picked":"Cold Snap","floor":2},{"not_picked":["Force Field","Steam"],"picked":"Barrage","floor":4},{"not_picked":["ReplayTheSpireMod:System Scan","BasicCrystalCard"],"picked":"Compile Driver","floor":5},{"not_picked":["Leap","Aggregate"],"picked":"Hello World","floor":7},{"not_picked":["Hologram","Coolheaded","jedi:spotbugs"],"picked":"SKIP","floor":10},{"not_picked":["All For One","Turbo"],"picked":"Streamline","floor":12},{"not_picked":["Tempest","StuffTheSpire:ShieldGenerator"],"picked":"BootSequence","floor":13},{"not_picked":["Capacitor","Barrage"],"picked":"Leap","floor":14},{"not_picked":["Hologram","Streamline+1"],"picked":"Barrage+1","floor":18},{"not_picked":["Sweeping Beam","Lockon+1"],"picked":"Streamline","floor":21},{"not_picked":["Gash","Reprogram"],"picked":"Leap","floor":23},{"not_picked":["ReplayTheSpireMod:System Scan","Crystallizer"],"picked":"FTL","floor":24},{"not_picked":["Compile Driver","hubris:SpecializedCircuitry","StuffTheSpire:Plugnplay"],"picked":"SKIP","floor":30}],"player_experience":769028,"relics_obtained":[{"floor":7,"key":"halation:OrihimeAndHikoboshiSamaAndTears"},{"floor":10,"key":"hubris:BallOfYels"},{"floor":13,"key":"Boot"},{"floor":23,"key":"CCEMRelics:CocoNut"},{"floor":26,"key":"Potion Belt"}],"event_choices":[{"damage_healed":0,"gold_gain":0,"player_choice":"Paid Gold","damage_taken":0,"relics_obtained":["Replay:Mystery Machine"],"max_hp_gain":0,"max_hp_loss":0,"event_name":"WeMeetAgain","floor":3,"gold_loss":66},{"damage_healed":0,"gold_gain":0,"player_choice":"Damaged","damage_taken":7,"max_hp_gain":0,"max_hp_loss":0,"event_name":"Wheel of Change","floor":20,"gold_loss":0},{"damage_healed":0,"gold_gain":0,"player_choice":"Copied","damage_taken":0,"max_hp_gain":0,"max_hp_loss":0,"event_name":"Duplicator","floor":29,"gold_loss":0,"cards_obtained":["Zap"]},{"damage_healed":0,"gold_gain":250,"player_choice":"Bet on Owner","damage_taken":0,"max_hp_gain":0,"max_hp_loss":0,"event_name":"The Joust","floor":31,"gold_loss":50}],"is_beta":false,"boss_relics":[{"not_picked":["Runesmith:UraniumAnvil","Snecko Eye"],"picked":"aspiration:MobileForge"}],"items_purged_floors":[11,19,19],"is_endless":false,"potions_floor_spawned":[4,7,12,14,18,21],"killed_by":"hubris:MusketHawk","ascension_level":1}}