{"host":"00yob6u0fiu7ehgs","time":1609786589,"event":{"mods":["Act Like it!","Arknights The Spire","Art Attack!","BaseMod","Chen","Colored Powertips","Elementarium","Gensokyo","GifTheSpireLib","Infinite Spire","Jorbs\u0027s Wanderer Trilogy","Koishi","Marisa????????","Minty Spire (QoL Compilation)","Rare Cards Sparkle","Reimu??????","Remilia??????","Replay The Spire","StSLib","The Alterego","The Animator","The Cursed","The Forsaken","The Servant 0.9.4","Wandering Minibosses","Yakumo Yukari mod"],"gold_per_floor":[109,123,143,163,177,205,205,222,247,247,15,15,0,25,25,120,120,131,131,131,131,148,148,115,133,159,182,195,195,195],"floor_reached":29,"playtime":1581,"items_purged":[],"score":237,"play_id":"21063008-713e-4533-b244-23a6c43c0df9","local_time":"20210104115628","is_ascension_mode":false,"campfire_choices":[{"data":"ats:Composite Medical Shells","floor":7.0,"key":"SMITH"},{"data":"ats:Healing Drone","floor":10.0,"key":"SMITH"},{"data":"ats:Disruption Kick","floor":12.0,"key":"SMITH"},{"data":"ats:Revitalization","floor":15.0,"key":"SMITH"},{"data":"ats:Nebulous Foxfire","floor":23.0,"key":"SMITH"}],"circlet_count":0,"master_deck":["ats:Strike C","ats:Strike G","ats:Strike S","ats:Strike V","ats:Armor Crushing Shot","ats:Defend","ats:Defend","ats:Defend","ats:Defend+1","ats:Emotion Absorption","ats:Revitalization+1","ats:Assault Order+1","ats:Explosion Area Strengthen","ats:Composite Medical Shells+1","ats:Shell Defense","ats:Healing Drone+1","ats:Defend Order","ats:Disruption Kick+1","ats:Explosion Area Strengthen","ats:Nebulous Foxfire+1","ats:Thermite Blade","Reinforced Body","ats:Shell Defense","ats:Apocalypse+1","ats:Revitalization","Hallucinations","Amnesia","ats:Magnetic Hammer"],"relics":["ats:Sanity","NeowsBlessing","ats:Originium","Membership Card","War Paint","Cursed Key","ReplayTheSpireMod:TigerMarble","Blood Vial","Bag of Marbles"],"acts_visited":["Exordium","Gensokyo:Gensokyo"],"potions_floor_usage":[24,25],"damage_taken":[{"damage":0.0,"enemies":"Gensokyo:3_Fairies","floor":1.0,"turns":2.0},{"damage":0.0,"enemies":"Gensokyo:Gryphon","floor":2.0,"turns":1.0},{"damage":0.0,"enemies":"Gensokyo:2_Kodama","floor":3.0,"turns":1.0},{"damage":24.0,"enemies":"Gensokyo:Gryphon_and_Rabbit","floor":4.0,"turns":6.0},{"damage":18.0,"enemies":"Gensokyo:Kitsune","floor":5.0,"turns":5.0},{"damage":23.0,"enemies":"Gensokyo:Mamizou","floor":6.0,"turns":11.0},{"damage":10.0,"enemies":"Gensokyo:3_Kodama","floor":8.0,"turns":3.0},{"damage":19.0,"enemies":"Gensokyo:Cirno","floor":14.0,"turns":6.0},{"damage":73.0,"enemies":"Gensokyo:Reimu","floor":16.0,"turns":18.0},{"damage":8.0,"enemies":"Gensokyo:2_Gloops","floor":18.0,"turns":4.0},{"damage":17.0,"enemies":"Gensokyo:CosmicMonolith","floor":22.0,"turns":7.0},{"damage":47,"enemies":"Gensokyo:3_Gloops","floor":24,"turns":5},{"damage":43,"enemies":"Gensokyo:Monolith_and_Dog","floor":25,"turns":5},{"damage":34,"enemies":"Gensokyo:Mirror_and_Dog","floor":28,"turns":5},{"damage":23,"enemies":"Gensokyo:Slime_Group","floor":29,"turns":3}],"seed_played":"1835829722503259070","potions_obtained":[{"floor":1.0,"key":"Ancient Potion"},{"floor":3.0,"key":"ColorlessPotion"},{"floor":5.0,"key":"Doom Potion"},{"floor":6.0,"key":"AttackPotion"},{"floor":14.0,"key":"SteroidPotion"},{"floor":16.0,"key":"Adrenaline Potion"},{"floor":18.0,"key":"PowerPotion"},{"floor":22.0,"key":"Doom Potion"},{"floor":24,"key":"BlessingOfTheForge"}],"is_trial":false,"path_per_floor":["M","M","M","M","M","E","R","M","T","R","$","R","?","E","R","B",null,"M","?","?","?","M","R","M","M","T","T","M","M"],"character_chosen":"DOCTOR_CLASS","items_purchased":["Membership Card","ats:Disruption Kick"],"campfire_rested":0,"item_purchase_floors":[11,11],"current_hp_per_floor":[72,72,72,51,38,39,39,42,42,42,42,42,49,50,50,72,72,70,67,67,67,54,54,31,13,13,13,14,0,0],"gold":195,"neow_bonus":"THREE_ENEMY_KILL","is_daily":false,"chose_seed":false,"campfire_upgraded":5,"win_rate":0.0,"timestamp":1609786588,"path_taken":["M","M","M","M","M","E","R","M","T","R","$","R","?","E","R","BOSS","M","?","?","?","?","R","M","M","T","?","M","?"],"items_purchased_type":["Relic","Card"],"build_version":"2020-12-22","purchased_purges":0,"victory":false,"max_hp_per_floor":[72,72,72,72,72,72,72,72,72,72,72,72,72,72,72,72,72,72,67,67,67,67,67,67,67,67,67,67,67,67],"card_choices":[{"not_picked":["ats:Assault Order","ats:Cat Scratch"],"picked":"ats:Revitalization","floor":1.0},{"not_picked":["ats:Ignite","ats:Explosion Area Strengthen"],"picked":"ats:Assault Order","floor":2.0},{"not_picked":["ats:Healing Drone","ats:Thorns"],"picked":"ats:Explosion Area Strengthen","floor":3.0},{"not_picked":["ats:Chain Hook","ats:Childhood Dance"],"picked":"ats:Composite Medical Shells","floor":4.0},{"not_picked":["ats:Flexible Camouflage","ats:Curse Doll"],"picked":"ats:Shell Defense","floor":5.0},{"not_picked":["ats:Mental Burst","ats:Beaten Up"],"picked":"ats:Healing Drone","floor":6.0},{"not_picked":["ats:Beaten Up","ats:Thermite Blade"],"picked":"ats:Defend Order","floor":8.0},{"not_picked":["ats:Consecutive Shot Auto","ats:Disruption Kick"],"picked":"ats:Explosion Area Strengthen","floor":14.0},{"not_picked":["ats:True Silver Slash","ats:Disruption Kick"],"picked":"ats:Nebulous Foxfire","floor":16.0},{"not_picked":["ats:Ignite+1","ats:Childhood Dance"],"picked":"ats:Thermite Blade","floor":18.0},{"not_picked":["ats:Song Of Battle","ats:Hammer On+1"],"picked":"ats:Shell Defense","floor":22.0},{"not_picked":["ats:Hook Shot","ats:Sunburst"],"picked":"ats:Apocalypse+1","floor":24},{"not_picked":["ats:Thermite Blade","ats:Leaping Hammer"],"picked":"ats:Revitalization","floor":25},{"not_picked":["ats:Flexible Camouflage","ats:Spore Proliferation"],"picked":"ats:Magnetic Hammer","floor":28}],"player_experience":342397,"relics_obtained":[{"floor":6.0,"key":"ats:Originium"},{"floor":6.0,"key":"PureWhite:ReiMu"},{"floor":14.0,"key":"ats:Originium"},{"floor":14.0,"key":"War Paint"},{"floor":26,"key":"Blood Vial"},{"floor":27,"key":"Bag of Marbles"}],"event_choices":[],"is_beta":false,"boss_relics":[{"not_picked":["Runic Pyramid","Replay:Ancient Bell"],"picked":"Cursed Key"}],"items_purged_floors":[],"is_endless":false,"potions_floor_spawned":[1,3,5,6,14,16,18,22,24],"killed_by":"Gensokyo:Slime_Group","ascension_level":0}}