{"host":"x52zk6e1f2bye2h7","time":1609756661,"event":{"mods":["AchievementEnabler","BaseMod","Highlight Path","Minty Spire (QoL Compilation)","everything is the same but u backflip on backflip"],"gold_per_floor":[114,114,114,132,144,144,156,191,216,236,236,248,266,191,191,291,291,275,285,148,148,165,190,201,201,201,116,116,64,90,106,106,206,206,224,224,224,237,112,143,160,160,209,224,224,235,249,261,261,261,261,261,61,87,87],"floor_reached":56,"playtime":4510,"items_purged":["Decay","Strike_B","Strike_B","Defend_B"],"score":1273,"play_id":"fe85bef5-3dbd-4a97-add2-4e4acdd1bc22","local_time":"20210104103741","is_ascension_mode":false,"campfire_choices":[{"data":"Genetic Algorithm","floor":6,"key":"SMITH"},{"floor":15,"key":"REST"},{"data":"Defragment","floor":25,"key":"SMITH"},{"data":"Defragment","floor":28,"key":"SMITH"},{"data":"Zap","floor":32,"key":"SMITH"},{"data":"Streamline","floor":42,"key":"SMITH"},{"data":"Go for the Eyes","floor":45,"key":"SMITH"},{"floor":49,"key":"RECALL"},{"data":"Reinforced Body","floor":52,"key":"SMITH"}],"circlet_count":0,"master_deck":["Defend_B","Zap+1","Dualcast","Go for the Eyes+1","Reinforced Body+1","Genetic Algorithm+1","Defragment+1","Core Surge","BootSequence+1","Ball Lightning","Defragment+1","Streamline+1","Conserve Battery+1","Buffer","Panache","BootSequence+1","Electrodynamics"],"relics":["Runic Pyramid","Orichalcum","Boot","Empty Cage","FossilizedHelix","Bag of Marbles","Dream Catcher","Ice Cream","Inserter","Happy Flower","Pocketwatch","MealTicket","Bird Faced Urn"],"acts_visited":["Exordium","TheCity","TheBeyond","TheEnding"],"potions_floor_usage":[8,16,16,16,18,23,50,54,55,55,55,55],"damage_taken":[{"damage":1,"enemies":"Small Slimes","floor":1,"turns":4},{"damage":4,"enemies":"Jaw Worm","floor":4,"turns":4},{"damage":0,"enemies":"Cultist","floor":5,"turns":4},{"damage":4,"enemies":"Red Slaver","floor":7,"turns":5},{"damage":9,"enemies":"Lagavulin","floor":8,"turns":9},{"damage":0,"enemies":"Blue Slaver","floor":10,"turns":4},{"damage":18,"enemies":"Exordium Wildlife","floor":12,"turns":6},{"damage":0,"enemies":"Red Slaver","floor":13,"turns":4},{"damage":16,"enemies":"Hexaghost","floor":16,"turns":12},{"damage":15,"enemies":"2 Thieves","floor":18,"turns":4},{"damage":4,"enemies":"Shell Parasite","floor":19,"turns":8},{"damage":2,"enemies":"Centurion and Healer","floor":22,"turns":9},{"damage":3,"enemies":"Book of Stabbing","floor":23,"turns":5},{"damage":0,"enemies":"Snake Plant","floor":24,"turns":5},{"damage":13,"enemies":"Gremlin Leader","floor":30,"turns":7},{"damage":0,"enemies":"Chosen and Byrds","floor":31,"turns":5},{"damage":0,"enemies":"Automaton","floor":33,"turns":9},{"damage":0,"enemies":"Orb Walker","floor":35,"turns":5},{"damage":0,"enemies":"3 Shapes","floor":38,"turns":6},{"damage":0,"enemies":"Nemesis","floor":40,"turns":9},{"damage":0,"enemies":"Maw","floor":41,"turns":7},{"damage":12,"enemies":"4 Shapes","floor":44,"turns":5},{"damage":0,"enemies":"Spire Growth","floor":46,"turns":4},{"damage":0,"enemies":"Maw","floor":47,"turns":7},{"damage":0,"enemies":"Sphere and 2 Shapes","floor":48,"turns":4},{"damage":0,"enemies":"Donu and Deca","floor":50,"turns":7},{"damage":20,"enemies":"Shield and Spear","floor":54,"turns":6},{"damage":69,"enemies":"The Heart","floor":55,"turns":12}],"seed_played":"-2173555244804215269","potions_obtained":[{"floor":4,"key":"DuplicationPotion"},{"floor":5,"key":"FocusPotion"},{"floor":8,"key":"Energy Potion"},{"floor":12,"key":"Fire Potion"},{"floor":16,"key":"Explosive Potion"},{"floor":18,"key":"DistilledChaos"},{"floor":23,"key":"EntropicBrew"},{"floor":30,"key":"Energy Potion"},{"floor":31,"key":"FearPotion"},{"floor":41,"key":"Energy Potion"},{"floor":44,"key":"EssenceOfSteel"},{"floor":54,"key":"DuplicationPotion"}],"is_trial":false,"path_per_floor":["M","?","?","M","M","R","M","E","T","M","?","M","M","$","R","B",null,"M","M","$","?","M","E","M","R","T","?","R","$","E","M","R","B",null,"M","?","?","M","$","E","M","R","T","M","R","M","M","M","R","B",null,"R","$","E","B",null],"character_chosen":"DEFECT","items_purchased":["Defragment","Streamline","SpeedPotion"],"campfire_rested":1,"item_purchase_floors":[20,29,53],"current_hp_per_floor":[74,41,41,37,37,37,33,24,24,24,24,6,6,6,28,12,75,60,56,56,56,54,51,51,51,51,51,51,51,38,38,38,38,75,75,75,75,75,75,75,75,75,75,63,63,63,63,63,63,63,75,75,75,55,8],"gold":87,"neow_bonus":"BOSS_RELIC","is_daily":false,"chose_seed":false,"campfire_upgraded":7,"win_rate":0.0,"timestamp":1609756661,"path_taken":["M","?","?","M","M","R","M","E","T","M","?","M","M","$","R","BOSS","M","M","$","?","?","E","M","R","T","?","R","?","E","M","R","BOSS","M","?","?","M","$","E","M","R","T","M","R","M","?","?","R","BOSS","R","$","E","BOSS"],"items_purchased_type":["Card","Card","Potion"],"build_version":"2020-12-22","purchased_purges":4,"victory":true,"max_hp_per_floor":[75,75,75,75,75,75,75,75,75,75,75,75,75,75,75,75,75,75,75,75,75,75,75,75,75,75,75,75,75,75,75,75,75,75,75,75,75,75,75,75,75,75,75,75,75,75,75,75,75,75,75,75,75,75,75],"card_choices":[{"not_picked":["Barrage","Sunder"],"picked":"Go for the Eyes","floor":1},{"not_picked":["Compile Driver","Stack","Go for the Eyes"],"picked":"SKIP","floor":4},{"not_picked":["Hello World","Static Discharge"],"picked":"Genetic Algorithm","floor":5},{"not_picked":["Storm","Lockon","Auto Shields"],"picked":"SKIP","floor":7},{"not_picked":["Rip and Tear","Reprogram","Cold Snap"],"picked":"SKIP","floor":8},{"not_picked":["Barrage","Gash"],"picked":"Defragment","floor":10},{"not_picked":["Stack","Streamline","Melter"],"picked":"SKIP","floor":12},{"not_picked":["Compile Driver","Consume","Leap"],"picked":"SKIP","floor":13},{"not_picked":["Hyperbeam","Echo Form"],"picked":"Core Surge","floor":16},{"not_picked":["Barrage","Leap"],"picked":"BootSequence+1","floor":18},{"not_picked":["Skim","Streamline"],"picked":"Ball Lightning","floor":19},{"not_picked":["Blizzard","Rip and Tear+1","Cold Snap+1"],"picked":"SKIP","floor":22},{"not_picked":["Recycle+1","Chaos","Cold Snap"],"picked":"SKIP","floor":23},{"not_picked":["Cold Snap","Coolheaded","Compile Driver"],"picked":"SKIP","floor":24},{"not_picked":["Machine Learning","Redo+1","Barrage+1"],"picked":"SKIP","floor":30},{"not_picked":["Gash","Turbo"],"picked":"Conserve Battery+1","floor":31},{"not_picked":["Core Surge","Hyperbeam"],"picked":"Buffer","floor":33},{"not_picked":["Conserve Battery","Coolheaded+1","Reprogram+1"],"picked":"SKIP","floor":35},{"not_picked":["Impatience","Magnetism"],"picked":"Panache","floor":36},{"not_picked":["Cold Snap+1","Streamline+1","Turbo+1"],"picked":"SKIP","floor":38},{"not_picked":["Hologram+1","Redo"],"picked":"BootSequence+1","floor":40},{"not_picked":["Sunder+1","Beam Cell","Stack"],"picked":"SKIP","floor":41},{"not_picked":["Rip and Tear","Barrage"],"picked":"Electrodynamics","floor":44},{"not_picked":["Barrage+1","Stack","Hologram+1"],"picked":"SKIP","floor":46},{"not_picked":["Chill+1","Gash","Redo"],"picked":"SKIP","floor":47},{"not_picked":["Compile Driver+1","Double Energy","Blizzard"],"picked":"SKIP","floor":48},{"not_picked":["Rainbow","Streamline+1","Chill+1"],"picked":"SKIP","floor":54}],"player_experience":67881,"relics_obtained":[{"floor":8,"key":"Boot"},{"floor":23,"key":"FossilizedHelix"},{"floor":26,"key":"Bag of Marbles"},{"floor":30,"key":"Ice Cream"},{"floor":40,"key":"Pocketwatch"},{"floor":43,"key":"MealTicket"},{"floor":54,"key":"Bird Faced Urn"}],"event_choices":[{"damage_healed":0,"gold_gain":0,"player_choice":"Success","damage_taken":33,"relics_obtained":["Orichalcum"],"max_hp_gain":0,"max_hp_loss":0,"event_name":"Scrap Ooze","floor":2,"gold_loss":0},{"damage_healed":0,"gold_gain":0,"cards_transformed":["Strike_B"],"player_choice":"Change","damage_taken":0,"max_hp_gain":0,"max_hp_loss":0,"event_name":"Living Wall","floor":3,"gold_loss":0,"cards_obtained":["Reinforced Body"]},{"damage_healed":0,"gold_gain":0,"player_choice":"Cursed","damage_taken":0,"max_hp_gain":0,"max_hp_loss":0,"event_name":"Wheel of Change","floor":11,"gold_loss":0,"cards_obtained":["Decay"]},{"cards_removed":["Defend_B"],"damage_healed":0,"gold_gain":0,"player_choice":"Purged","damage_taken":0,"max_hp_gain":0,"max_hp_loss":0,"event_name":"Purifier","floor":21,"gold_loss":0},{"damage_healed":0,"gold_gain":0,"player_choice":"Obtained Relic","damage_taken":0,"relics_obtained":["Dream Catcher"],"max_hp_gain":0,"max_hp_loss":0,"event_name":"Addict","floor":27,"gold_loss":85},{"damage_healed":0,"gold_gain":0,"player_choice":"Memory 1","damage_taken":0,"max_hp_gain":0,"max_hp_loss":0,"event_name":"SensoryStone","floor":36,"gold_loss":0},{"damage_healed":0,"gold_gain":0,"player_choice":"Gave Potion","damage_taken":0,"relics_obtained":["Happy Flower"],"max_hp_gain":0,"max_hp_loss":0,"event_name":"WeMeetAgain","floor":37,"gold_loss":0}],"is_beta":false,"boss_relics":[{"not_picked":["Cursed Key","Sozu"],"picked":"Empty Cage"},{"not_picked":["Snecko Eye","SlaversCollar"],"picked":"Inserter"}],"items_purged_floors":[14,20,39,53],"is_endless":false,"potions_floor_spawned":[4,5,8,12,16,18,23,30,31,41,44,46,47,54],"ascension_level":0}}