{"host":"1bmpebsu0h6jmm2g","time":1609761299,"event":{"mods":["BaseMod","Colored Map","DeckTracker","Highlight Path","Keyboard Shortcuts","Minty Spire (QoL Compilation)","Permanent Neow","Quick Restart","Relic Stats","Slay the Relics Exporter","StSLib","SuperFastMode"],"gold_per_floor":[113,38,53,65,81,81,146,146,200,200,135,156,176,196,196,286,286,264,164,214,249,249,249,272,272,296,296,87,110,110,110,110,110,110],"floor_reached":33,"playtime":610,"items_purged":["Regret","Strike_G"],"score":470,"play_id":"5c5d2322-3856-41c4-927a-24a6468ed295","local_time":"20210104205459","is_ascension_mode":true,"campfire_choices":[{"data":"Choke","floor":6.0,"key":"SMITH"},{"data":"Tactician","floor":10.0,"key":"SMITH"},{"data":"Prepared","floor":15.0,"key":"SMITH"},{"floor":23.0,"key":"REST"},{"data":"Apotheosis","floor":30.0,"key":"SMITH"},{"floor":32.0,"key":"REST"}],"circlet_count":0,"master_deck":["AscendersBane","Strike_G","Strike_G","Strike_G","Defend_G","Defend_G","Defend_G","Defend_G","Survivor","Neutralize","Backflip","Choke+1","Escape Plan","Tactician+1","All Out Attack","Dagger Throw","Tactician","Quick Slash","Prepared+1","Tools of the Trade","CurseOfTheBell","Blur","Apotheosis+1"],"relics":["Ring of the Snake","Lantern","Bloody Idol","Toy Ornithopter","Calling Bell","Orichalcum","Molten Egg 2","Tingsha","Red Mask","Snake Skull"],"acts_visited":["Exordium","TheCity"],"potions_floor_usage":[],"damage_taken":[{"damage":10.0,"enemies":"Jaw Worm","floor":1.0,"turns":4.0},{"damage":1.0,"enemies":"Small Slimes","floor":3.0,"turns":5.0},{"damage":0.0,"enemies":"2 Louse","floor":4.0,"turns":2.0},{"damage":0.0,"enemies":"Looter","floor":5.0,"turns":3.0},{"damage":26.0,"enemies":"Gremlin Nob","floor":7.0,"turns":4.0},{"damage":0.0,"enemies":"2 Fungi Beasts","floor":12.0,"turns":2.0},{"damage":0.0,"enemies":"3 Louse","floor":13.0,"turns":4.0},{"damage":0.0,"enemies":"Looter","floor":14.0,"turns":1.0},{"damage":22.0,"enemies":"Slime Boss","floor":16.0,"turns":5.0},{"damage":26.0,"enemies":"2 Thieves","floor":18.0,"turns":4.0},{"damage":18.0,"enemies":"Masked Bandits","floor":21.0,"turns":4.0},{"damage":27.0,"enemies":"Shell Parasite","floor":24.0,"turns":7.0},{"damage":6.0,"enemies":"Centurion and Healer","floor":29.0,"turns":5.0},{"damage":56,"enemies":"Champ","floor":33,"turns":11}],"seed_played":"8987093298986851804","potions_obtained":[{"floor":1.0,"key":"SkillPotion"},{"floor":3.0,"key":"Swift Potion"},{"floor":16.0,"key":"EssenceOfSteel"},{"floor":18.0,"key":"BlessingOfTheForge"},{"floor":21.0,"key":"GamblersBrew"}],"is_trial":false,"path_per_floor":["M","$","M","M","M","R","?","?","T","R","?","M","M","M","R","B",null,"M","$","?","?","?","R","M","?","T","?","$","M","R","?","R","B"],"character_chosen":"THE_SILENT","items_purchased":["Apotheosis"],"campfire_rested":2,"item_purchase_floors":[28],"current_hp_per_floor":[49,49,48,48,48,48,22,22,22,22,22,22,22,22,22,10,48,22,22,22,9,21,39,17,17,17,17,17,16,16,16,34,0,0],"gold":110,"neow_bonus":"TRANSFORM_TWO_CARDS","is_daily":false,"chose_seed":false,"campfire_upgraded":4,"win_rate":0.0,"timestamp":1609761299,"path_taken":["M","$","M","M","M","R","?","?","T","R","?","M","M","M","R","BOSS","M","$","?","?","?","R","M","?","T","?","?","M","R","?","R","BOSS"],"items_purchased_type":["Card"],"build_version":"2020-12-22","purchased_purges":2,"victory":false,"max_hp_per_floor":[66,66,66,66,66,66,66,60,60,60,60,60,60,60,60,60,60,60,60,60,60,60,60,60,60,60,60,60,60,60,60,60,60,60],"relic_stats":{"counters":[14,61],"Bloody Idol":0,"Tingsha":[132],"Snake Skull":[0],"Orichalcum":[18],"obtain_stats":[{"Calling Bell":17,"Lantern":7,"Golden Idol":8,"Bloody Idol":31,"Molten Egg 2":17,"Tingsha":17,"Snake Skull":26,"Red Mask":21,"Orichalcum":17,"Toy Ornithopter":9,"Ring of the Snake":0},{"Calling Bell":9,"Lantern":5,"Golden Idol":5,"Bloody Idol":13,"Molten Egg 2":9,"Tingsha":9,"Snake Skull":12,"Red Mask":11,"Orichalcum":9,"Toy Ornithopter":5,"Ring of the Snake":0},{"Calling Bell":30,"Lantern":18,"Golden Idol":18,"Bloody Idol":50,"Molten Egg 2":30,"Tingsha":30,"Snake Skull":45,"Red Mask":38,"Orichalcum":30,"Toy Ornithopter":18,"Ring of the Snake":0}],"Toy Ornithopter":25,"Ring of the Snake":[28]},"card_choices":[{"not_picked":["Crippling Poison","Footwork"],"picked":"Escape Plan","floor":1.0},{"not_picked":["Backstab","Dagger Throw","Cloak And Dagger"],"picked":"SKIP","floor":3.0},{"not_picked":["Predator","Deadly Poison"],"picked":"Tactician","floor":4.0},{"not_picked":["Outmaneuver","Noxious Fumes"],"picked":"All Out Attack","floor":5.0},{"not_picked":["Footwork","Prepared"],"picked":"Dagger Throw","floor":7.0},{"not_picked":["Bane","Underhanded Strike"],"picked":"Tactician","floor":12.0},{"not_picked":["Escape Plan","Caltrops"],"picked":"Quick Slash","floor":13.0},{"not_picked":["Storm of Steel","Underhanded Strike"],"picked":"Prepared","floor":14.0},{"not_picked":["Phantasmal Killer","Night Terror"],"picked":"Tools of the Trade","floor":16.0},{"not_picked":["Blade Dance","Flying Knee+1","Backstab+1"],"picked":"SKIP","floor":18.0},{"not_picked":["Deflect","Distraction+1"],"picked":"Blur","floor":21.0},{"not_picked":["Sucker Punch+1","PiercingWail","Infinite Blades"],"picked":"SKIP","floor":24.0},{"not_picked":["Sucker Punch+1","Flying Knee+1","Leg Sweep+1"],"picked":"SKIP","floor":29.0}],"player_experience":480702,"relics_obtained":[{"floor":7.0,"key":"Lantern"},{"floor":9.0,"key":"Toy Ornithopter"},{"floor":17.0,"key":"Orichalcum"},{"floor":17.0,"key":"Molten Egg 2"},{"floor":17.0,"key":"Tingsha"},{"floor":21.0,"key":"Red Mask"},{"floor":26.0,"key":"Snake Skull"}],"event_choices":[{"damage_healed":0.0,"max_hp_gain":0.0,"max_hp_loss":0.0,"gold_gain":0.0,"event_name":"Dead Adventurer","player_choice":"Searched \u00271\u0027 times","floor":7.0,"gold_loss":0.0,"damage_taken":0.0},{"damage_healed":0.0,"max_hp_gain":0.0,"max_hp_loss":6.0,"gold_gain":0.0,"event_name":"Golden Idol","player_choice":"Lose Max HP","floor":8.0,"gold_loss":0.0,"damage_taken":0.0,"relics_obtained":["Golden Idol"]},{"damage_healed":0.0,"max_hp_gain":0.0,"max_hp_loss":0.0,"gold_gain":0.0,"event_name":"World of Goop","player_choice":"Left Gold","floor":11.0,"gold_loss":65.0,"damage_taken":0.0},{"damage_healed":0.0,"max_hp_gain":0.0,"max_hp_loss":0.0,"gold_gain":50.0,"event_name":"Nest","player_choice":"Stole From Cult","floor":20.0,"gold_loss":0.0,"damage_taken":0.0},{"damage_healed":0.0,"max_hp_gain":0.0,"max_hp_loss":0.0,"gold_gain":0.0,"event_name":"Masked Bandits","player_choice":"Fought Bandits","floor":21.0,"gold_loss":0.0,"damage_taken":0.0},{"damage_healed":12.0,"max_hp_gain":0.0,"max_hp_loss":0.0,"gold_gain":0.0,"event_name":"The Library","player_choice":"Heal","floor":22.0,"gold_loss":0.0,"damage_taken":0.0},{"damage_healed":0.0,"max_hp_gain":0.0,"max_hp_loss":0.0,"gold_gain":0.0,"event_name":"Ghosts","player_choice":"Ignored","floor":25.0,"gold_loss":0.0,"damage_taken":0.0},{"damage_healed":0.0,"max_hp_gain":0.0,"max_hp_loss":0.0,"gold_gain":0.0,"event_name":"Cursed Tome","player_choice":"Ignored","floor":27.0,"gold_loss":0.0,"damage_taken":0.0},{"damage_healed":0.0,"max_hp_gain":0.0,"max_hp_loss":0.0,"gold_gain":0.0,"event_name":"Forgotten Altar","player_choice":"Gave Idol","floor":31.0,"relics_lost":["Golden Idol"],"gold_loss":0.0,"damage_taken":0.0,"relics_obtained":["Bloody Idol"]}],"is_beta":false,"boss_relics":[{"not_picked":["WristBlade","Runic Dome"],"picked":"Calling Bell"}],"items_purged_floors":[2,19],"is_endless":false,"potions_floor_spawned":[1,3,7,12,14,16,18,21],"killed_by":"Champ","ascension_level":20}}