{"host":"akjsb4vg7478j4ls","time":1609804024,"event":{"mods":["BaseMod","Colored Map","Colored Powertips","Minty Spire (QoL Compilation)","Rare Cards Sparkle"],"gold_per_floor":[119,119,119,119,135,135,135,151,226,226,254,254,268,298,298,401,401,418,85,96,96,109,109,109],"floor_reached":23,"playtime":1414,"items_purged":[],"score":250,"play_id":"af0eea17-ee43-4a2b-977c-3a33d574f6b2","local_time":"20210104214704","is_ascension_mode":true,"campfire_choices":[{"floor":6,"key":"RECALL"},{"data":"1","floor":10,"key":"LIFT"},{"data":"2","floor":12,"key":"LIFT"},{"floor":15,"key":"REST"}],"circlet_count":0,"master_deck":["Defend_G","Defend_G","Defend_G","Defend_G","Defend_G","Survivor","Neutralize","Bouncing Flask","Infinite Blades+1","Regret","Well Laid Plans+1","Night Terror","Accuracy+1","Envenom+1","Outmaneuver+1","Accuracy+1","Distraction","Bite","Bite","Bite","Bite","Bite","Noxious Fumes+1"],"relics":["Philosopher\u0027s Stone","Frozen Egg 2","Girya","Snake Skull","HoveringKite","Sling","Tiny Chest"],"acts_visited":["TheCity"],"potions_floor_usage":[11,23,23,23],"damage_taken":[{"damage":0,"enemies":"Cultist","floor":1,"turns":4},{"damage":7,"enemies":"Jaw Worm","floor":5,"turns":4},{"damage":2,"enemies":"2 Louse","floor":8,"turns":3},{"damage":3,"enemies":"Lagavulin","floor":11,"turns":5},{"damage":1,"enemies":"Looter","floor":13,"turns":3},{"damage":36,"enemies":"Hexaghost","floor":16,"turns":7},{"damage":28,"enemies":"Shell Parasite","floor":18,"turns":5},{"damage":7,"enemies":"Chosen","floor":20,"turns":4},{"damage":10,"enemies":"Snecko","floor":22,"turns":4},{"damage":54,"enemies":"Book of Stabbing","floor":23,"turns":4}],"seed_played":"-9130454811741280660","potions_obtained":[{"floor":8,"key":"SpeedPotion"},{"floor":13,"key":"PowerPotion"},{"floor":16,"key":"EssenceOfSteel"},{"floor":20,"key":"Regen Potion"},{"floor":22,"key":"SneckoOil"}],"is_trial":false,"path_per_floor":["M","?","T","?","M","R","?","M","T","R","E","R","M","?","R","B",null,"M","$","M","?","M","E"],"character_chosen":"THE_SILENT","items_purchased":["Accuracy+1","Sling","Tiny Chest"],"campfire_rested":1,"item_purchase_floors":[19,19,19],"current_hp_per_floor":[70,70,70,70,63,63,63,61,61,61,58,58,57,57,70,34,70,42,42,35,35,33,0,0],"gold":109,"neow_bonus":"BOSS_RELIC","is_daily":false,"chose_seed":false,"campfire_upgraded":0,"win_rate":0.0,"timestamp":1609804024,"path_taken":["M","?","?","?","?","R","?","M","T","R","E","R","M","?","R","BOSS","M","$","M","?","M","E"],"items_purchased_type":["Card","Relic","Relic"],"build_version":"2020-12-22","purchased_purges":0,"victory":false,"max_hp_per_floor":[70,70,70,70,70,70,70,70,70,70,70,70,70,70,70,70,70,70,70,70,49,49,49,49],"card_choices":[{"not_picked":["Acrobatics","Bane"],"picked":"Bouncing Flask","floor":1},{"not_picked":["Dagger Spray","Underhanded Strike"],"picked":"Infinite Blades+1","floor":5},{"not_picked":["Outmaneuver","Masterful Stab"],"picked":"Well Laid Plans+1","floor":8},{"not_picked":["Dodge and Roll","Well Laid Plans+1"],"picked":"Night Terror","floor":11},{"not_picked":["Sucker Punch","Bane"],"picked":"Accuracy+1","floor":13},{"not_picked":["Unload","Adrenaline"],"picked":"Envenom+1","floor":16},{"not_picked":["Prepared","Dagger Throw"],"picked":"Outmaneuver+1","floor":18},{"not_picked":["Dodge and Roll","Well Laid Plans+1"],"picked":"Distraction","floor":20},{"not_picked":["Flechettes","Choke"],"picked":"Noxious Fumes+1","floor":22}],"player_experience":99497,"relics_obtained":[{"floor":3,"key":"Frozen Egg 2"},{"floor":11,"key":"Snake Skull"}],"event_choices":[{"damage_healed":0,"gold_gain":0,"player_choice":"Ignored","damage_taken":0,"max_hp_gain":0,"max_hp_loss":0,"event_name":"Golden Wing","floor":2,"gold_loss":0},{"damage_healed":0,"gold_gain":0,"player_choice":"Leave","damage_taken":0,"max_hp_gain":0,"max_hp_loss":0,"event_name":"The Cleric","floor":4,"gold_loss":0},{"damage_healed":0,"gold_gain":0,"player_choice":"Box","damage_taken":0,"relics_obtained":["Girya"],"max_hp_gain":0,"max_hp_loss":0,"event_name":"Big Fish","floor":7,"gold_loss":0,"cards_obtained":["Regret"]},{"damage_healed":0,"gold_gain":30,"player_choice":"Searched \u00271\u0027 times","damage_taken":0,"max_hp_gain":0,"max_hp_loss":0,"event_name":"Dead Adventurer","floor":14,"gold_loss":0},{"damage_healed":0,"gold_gain":0,"player_choice":"Became a vampire","damage_taken":0,"max_hp_gain":0,"max_hp_loss":21,"event_name":"Vampires","floor":21,"gold_loss":0,"cards_obtained":["Bite","Bite","Bite","Bite","Bite"]}],"is_beta":false,"boss_relics":[{"not_picked":["SlaversCollar","Cursed Key"],"picked":"HoveringKite"}],"items_purged_floors":[],"is_endless":false,"potions_floor_spawned":[8,13,16,20,22],"killed_by":"Book of Stabbing","ascension_level":1}}