{"host":"9d9dhukr2jywmy0f","time":1609761763,"event":{"mods":["2.2 Compatiblity","Alarm Clock","BaseMod","Bestiary","Block Reminder","Colored Map","Colored Powertips","Curses Come First","DeckTracker","Highlight Path","Key Reminder","Keyboard Shortcuts","Minty Spire (QoL Compilation)","MonsterHotkey","Quick Restart","Rare Cards Sparkle","Relic Sorter","Relic Stats","Spire Birthday Party","StSLib","SuperFastMode","Synergy Search","The Poker Player","Unceasing Turn Reminder","Unknown Chances"],"gold_per_floor":[117,127,143,68,83,109,109,109,109,109,184,184,196,223,223,318,318,331,331,345,365,365,365,365,365,412,312,322,322,350,363,363,468,468,483,289,307,307,5,31,31,59,59,76,76,94,109,135,135,135,135,135,14,49,49],"floor_reached":56,"playtime":2673,"items_purged":["PokerPlayerMod:Spade1","PokerPlayerMod:Diamond2","PokerPlayerMod:Club2","PokerPlayerMod:Spade2"],"score":2060,"play_id":"4d8e9467-fba1-416c-8f93-93c9e15d7aa4","local_time":"20210104200243","is_ascension_mode":true,"metric_token":1622,"campfire_choices":[{"data":"PokerPlayerMod:Mulligan","floor":7.0,"key":"SMITH"},{"data":"PokerPlayerMod:TrumpStrike","floor":10.0,"key":"SMITH"},{"data":"PokerPlayerMod:BadJoker","floor":12.0,"key":"SMITH"},{"data":"PokerPlayerMod:CardPrinter","floor":15.0,"key":"SMITH"},{"data":"PokerPlayerMod:CardPrinter+1","floor":23.0,"key":"SMITH"},{"data":"PokerPlayerMod:CardPrinter+2","floor":25.0,"key":"SMITH"},{"data":"PokerPlayerMod:CardPrinter+3","floor":29.0,"key":"SMITH"},{"data":"PokerPlayerMod:CardPrinter+4","floor":32.0,"key":"SMITH"},{"data":"PokerPlayerMod:CardPrinter+5","floor":41.0,"key":"SMITH"},{"data":"PokerPlayerMod:CardPrinter+6","floor":45.0,"key":"SMITH"},{"floor":49.0,"key":"RECALL"},{"data":"PokerPlayerMod:ClubShade","floor":52.0,"key":"SMITH"}],"circlet_count":0,"master_deck":["PokerPlayerMod:Diamond3","PokerPlayerMod:Diamond4","PokerPlayerMod:Diamond5","PokerPlayerMod:Spade3","PokerPlayerMod:Spade7","PokerPlayerMod:TrumpStrike+1","PokerPlayerMod:BadJoker+1","PokerPlayerMod:Mulligan+1","PokerPlayerMod:Spade9","PokerPlayerMod:Spade7","PokerPlayerMod:CardPrinter+7","PokerPlayerMod:Club10+","PokerPlayerMod:FillThePot","PokerPlayerMod:Club9","PokerPlayerMod:BadJoker+1","PokerPlayerMod:Club10+","PokerPlayerMod:ClubShade+1","PokerPlayerMod:Raise+1","PokerPlayerMod:FillThePot"],"relics":["PokerPlayerMod:DeckCase","PokerPlayerMod:Splitter","Happy Flower","Meat on the Bone","FossilizedHelix","Empty Cage","Gambling Chip","Sundial","SlaversCollar","PokerPlayerMod:PenAndEraser","Akabeko","Torii","Molten Egg 2","The Courier","PokerPlayerMod:PendantOfEscape","Pear"],"acts_visited":["Exordium","TheCity","TheBeyond","TheEnding"],"potions_floor_usage":[55,55],"damage_taken":[{"damage":0.0,"enemies":"Small Slimes","floor":1.0,"turns":2.0},{"damage":0.0,"enemies":"2 Louse","floor":2.0,"turns":1.0},{"damage":0.0,"enemies":"Cultist","floor":3.0,"turns":2.0},{"damage":6.0,"enemies":"Exordium Thugs","floor":5.0,"turns":3.0},{"damage":0.0,"enemies":"3 Sentries","floor":6.0,"turns":4.0},{"damage":0.0,"enemies":"3 Louse","floor":13.0,"turns":1.0},{"damage":0.0,"enemies":"Gremlin Nob","floor":14.0,"turns":3.0},{"damage":0.0,"enemies":"The Guardian","floor":16.0,"turns":8.0},{"damage":0.0,"enemies":"Shell Parasite","floor":18.0,"turns":4.0},{"damage":0.0,"enemies":"Spheric Guardian","floor":20.0,"turns":2.0},{"damage":0.0,"enemies":"Centurion and Healer","floor":21.0,"turns":3.0},{"damage":0.0,"enemies":"Cultist and Chosen","floor":28.0,"turns":3.0},{"damage":0.0,"enemies":"Gremlin Leader","floor":30.0,"turns":3.0},{"damage":0.0,"enemies":"Chosen and Byrds","floor":31.0,"turns":3.0},{"damage":0.0,"enemies":"Collector","floor":33.0,"turns":6.0},{"damage":0.0,"enemies":"3 Shapes","floor":35.0,"turns":2.0},{"damage":0.0,"enemies":"3 Darklings","floor":37.0,"turns":2.0},{"damage":0.0,"enemies":"Giant Head","floor":40.0,"turns":9.0},{"damage":0.0,"enemies":"Reptomancer","floor":42.0,"turns":2.0},{"damage":0.0,"enemies":"Spire Growth","floor":44.0,"turns":3.0},{"damage":0.0,"enemies":"Writhing Mass","floor":46.0,"turns":3.0},{"damage":0.0,"enemies":"Sphere and 2 Shapes","floor":47.0,"turns":2.0},{"damage":0.0,"enemies":"Giant Head","floor":48.0,"turns":6.0},{"damage":0.0,"enemies":"Donu and Deca","floor":50.0,"turns":4.0},{"damage":0.0,"enemies":"Shield and Spear","floor":54.0,"turns":3.0},{"damage":52,"enemies":"The Heart","floor":55,"turns":8}],"seed_played":"-313661725200837567","potions_obtained":[{"floor":1.0,"key":"Energy Potion"},{"floor":3.0,"key":"Explosive Potion"},{"floor":6.0,"key":"Fire Potion"},{"floor":13.0,"key":"LiquidMemories"},{"floor":20.0,"key":"DuplicationPotion"}],"is_trial":false,"path_per_floor":["M","M","M","$","M","E","R","?","T","R","?","R","M","E","R","B",null,"M","?","M","M","T","R","?","R","T","$","M","R","E","M","R","B",null,"M","$","M","?","$","E","R","E","T","M","R","M","M","E","R","B",null,"R","$","E","B",null],"character_chosen":"THE_POKER_PLAYER","items_purchased":["PokerPlayerMod:ClubShade","PokerPlayerMod:PenAndEraser","PokerPlayerMod:PendantOfEscape"],"campfire_rested":0,"item_purchase_floors":[36,39,53],"current_hp_per_floor":[49,49,49,49,45,49,49,49,49,49,38,38,38,40,40,42,50,50,50,50,50,50,50,45,45,45,45,45,45,45,45,45,45,50,50,50,50,50,50,50,50,50,50,50,50,50,50,50,50,50,52,52,52,62,22],"gold":49,"neow_bonus":"RANDOM_COMMON_RELIC","is_daily":false,"chose_seed":false,"campfire_upgraded":11,"win_rate":0.0,"timestamp":1609761763,"path_taken":["M","M","M","$","M","E","R","?","T","R","?","R","M","E","R","BOSS","M","?","M","?","?","R","?","R","T","$","?","R","E","M","R","BOSS","M","$","M","?","$","E","R","E","T","?","R","M","M","E","R","BOSS","R","$","E","BOSS"],"items_purchased_type":["Card","Relic","Relic"],"build_version":"2020-11-30","purchased_purges":4,"victory":true,"max_hp_per_floor":[52,52,52,52,52,52,52,52,52,52,52,52,52,52,52,52,52,52,52,52,52,52,52,52,52,52,52,52,52,52,52,52,52,52,52,52,52,52,52,52,52,52,52,52,52,52,52,52,52,52,52,52,52,62,62],"relic_stats":{"Happy Flower":[26],"Torii":1,"counters":[26,92],"Sundial":[18],"Gambling Chip":[28],"obtain_stats":[{"PokerPlayerMod:PendantOfEscape":53,"Pear":54,"Happy Flower":6,"PokerPlayerMod:PenAndEraser":39,"Torii":42,"The Courier":48,"Empty Cage":17,"Akabeko":40,"keyreminder:keyreminder":26,"SlaversCollar":34,"PokerPlayerMod:DeckCase":0,"Sundial":30,"Gambling Chip":22,"Molten Egg 2":43,"FossilizedHelix":14,"PokerPlayerMod:Splitter":0,"Meat on the Bone":9},{"PokerPlayerMod:PendantOfEscape":24,"Pear":25,"Happy Flower":5,"PokerPlayerMod:PenAndEraser":17,"Torii":19,"The Courier":23,"Empty Cage":8,"Akabeko":18,"keyreminder:keyreminder":11,"SlaversCollar":15,"PokerPlayerMod:DeckCase":0,"Sundial":13,"Gambling Chip":11,"Molten Egg 2":19,"FossilizedHelix":7,"PokerPlayerMod:Splitter":0,"Meat on the Bone":5},{"PokerPlayerMod:PendantOfEscape":81,"Pear":84,"Happy Flower":12,"PokerPlayerMod:PenAndEraser":52,"Torii":63,"The Courier":77,"Empty Cage":24,"Akabeko":61,"keyreminder:keyreminder":33,"SlaversCollar":48,"PokerPlayerMod:DeckCase":0,"Sundial":39,"Gambling Chip":33,"Molten Egg 2":63,"FossilizedHelix":16,"PokerPlayerMod:Splitter":0,"Meat on the Bone":12}],"Meat on the Bone":12},"card_choices":[{"not_picked":["PokerPlayerMod:DamnStraight","PokerPlayerMod:Diamond2"],"picked":"PokerPlayerMod:Spade9","floor":1.0},{"not_picked":["PokerPlayerMod:Diamond3","PokerPlayerMod:Diamond5"],"picked":"PokerPlayerMod:Spade7","floor":2.0},{"not_picked":["PokerPlayerMod:MagicTrick","PokerPlayerMod:Trickery"],"picked":"PokerPlayerMod:CardPrinter","floor":3.0},{"not_picked":["PokerPlayerMod:CloakAndDiamond","PokerPlayerMod:Diamond4","PokerPlayerMod:Fold"],"picked":"SKIP","floor":5.0},{"not_picked":["PokerPlayerMod:GamblerForm","PokerPlayerMod:Trickery","PokerPlayerMod:HeartStrike"],"picked":"SKIP","floor":6.0},{"not_picked":["PokerPlayerMod:CloakAndDiamond","PokerPlayerMod:Club3"],"picked":"PokerPlayerMod:FillThePot","floor":13.0},{"not_picked":["PokerPlayerMod:Overdeal","PokerPlayerMod:Diamond1","PokerPlayerMod:Club5"],"picked":"SKIP","floor":14.0},{"not_picked":["PokerPlayerMod:Spade8","PokerPlayerMod:Diamond9"],"picked":"PokerPlayerMod:Club9","floor":16.0},{"not_picked":["PokerPlayerMod:PoorCopy","PokerPlayerMod:Fold+1","PokerPlayerMod:Diamond2"],"picked":"SKIP","floor":18.0},{"not_picked":["PokerPlayerMod:CloakAndDiamond","PokerPlayerMod:DiamondStrike","PokerPlayerMod:Overdeal"],"picked":"SKIP","floor":20.0},{"not_picked":["PokerPlayerMod:Diamond3","PokerPlayerMod:Diamond2","PokerPlayerMod:Diamond1"],"picked":"SKIP","floor":21.0},{"not_picked":["PokerPlayerMod:SpadeStrike","PokerPlayerMod:ClubsClub+1","PokerPlayerMod:Spade4"],"picked":"SKIP","floor":28.0},{"not_picked":["PokerPlayerMod:Extraction","PokerPlayerMod:Diamond4","PokerPlayerMod:Diamond3"],"picked":"SKIP","floor":30.0},{"not_picked":["PokerPlayerMod:Club3","PokerPlayerMod:Fold+1","PokerPlayerMod:Diamond3"],"picked":"SKIP","floor":31.0},{"not_picked":["PokerPlayerMod:Diamond8","PokerPlayerMod:ChangeRules"],"picked":"PokerPlayerMod:Club10+","floor":33.0},{"not_picked":["PokerPlayerMod:Spade2","PokerPlayerMod:SpadeStrike","PokerPlayerMod:MagicTrick"],"picked":"SKIP","floor":35.0},{"not_picked":["PokerPlayerMod:Club5","PokerPlayerMod:Diamond3","PokerPlayerMod:ClubsClub+1"],"picked":"SKIP","floor":37.0},{"not_picked":["PokerPlayerMod:Diamond7","PokerPlayerMod:SecondChance+1","PokerPlayerMod:DartThrow+1"],"picked":"SKIP","floor":40.0},{"not_picked":["PokerPlayerMod:Spade6","PokerPlayerMod:SecondChance+1","PokerPlayerMod:ClubDance"],"picked":"SKIP","floor":42.0},{"not_picked":["PokerPlayerMod:Diamond2","PokerPlayerMod:Overdeal+1","PokerPlayerMod:Heart8"],"picked":"SKIP","floor":44.0},{"not_picked":["PokerPlayerMod:Diamond4","PokerPlayerMod:Spade3"],"picked":"PokerPlayerMod:Raise+1","floor":46.0},{"not_picked":["PokerPlayerMod:Diamond2","PokerPlayerMod:MagicTrick+1","PokerPlayerMod:CloakAndDiamond"],"picked":"SKIP","floor":47.0},{"not_picked":["PokerPlayerMod:Spade3","PokerPlayerMod:Club2","PokerPlayerMod:SpadeStrike+1"],"picked":"SKIP","floor":48.0},{"not_picked":["PokerPlayerMod:Spade3","PokerPlayerMod:Spade4"],"picked":"PokerPlayerMod:FillThePot","floor":54.0}],"player_experience":794194,"relics_obtained":[{"floor":6.0,"key":"Happy Flower"},{"floor":9.0,"key":"Meat on the Bone"},{"floor":14.0,"key":"FossilizedHelix"},{"floor":22.0,"key":"Gambling Chip"},{"floor":30.0,"key":"Sundial"},{"floor":40.0,"key":"Akabeko"},{"floor":42.0,"key":"Torii"},{"floor":43.0,"key":"Molten Egg 2"},{"floor":48.0,"key":"The Courier"},{"floor":54.0,"key":"Pear"}],"event_choices":[{"cards_removed":["PokerPlayerMod:Diamond1"],"damage_healed":0.0,"max_hp_gain":0.0,"max_hp_loss":0.0,"gold_gain":0.0,"event_name":"PokerPlayerMod:ExordiumClub","player_choice":"Trade","floor":8.0,"gold_loss":0.0,"damage_taken":0.0,"cards_obtained":["PokerPlayerMod:Club7"]},{"damage_healed":0.0,"max_hp_gain":0.0,"max_hp_loss":0.0,"gold_gain":75.0,"event_name":"World of Goop","player_choice":"Gather Gold","floor":11.0,"gold_loss":0.0,"damage_taken":11.0},{"damage_healed":0.0,"max_hp_gain":0.0,"max_hp_loss":0.0,"gold_gain":0.0,"event_name":"Duplicator","player_choice":"Copied","floor":19.0,"gold_loss":0.0,"damage_taken":0.0,"cards_obtained":["PokerPlayerMod:BadJoker"]},{"damage_healed":0.0,"max_hp_gain":0.0,"max_hp_loss":0.0,"gold_gain":0.0,"event_name":"Wheel of Change","player_choice":"Damaged","floor":24.0,"gold_loss":0.0,"damage_taken":5.0},{"damage_healed":0.0,"max_hp_gain":0.0,"max_hp_loss":0.0,"gold_gain":0.0,"event_name":"Lab","player_choice":"Got Potions","floor":38.0,"gold_loss":0.0,"damage_taken":0.0}],"is_beta":false,"boss_relics":[{"not_picked":["Coffee Dripper","PokerPlayerMod:AceCard"],"picked":"Empty Cage"},{"not_picked":["Calling Bell","Philosopher\u0027s Stone"],"picked":"SlaversCollar"}],"items_purged_floors":[4,27,36,39],"is_endless":false,"potions_floor_spawned":[1,3,6,13,20,21,28,33,44,47,48],"ascension_level":6}}