{"host":"f5y45f7z7ziu0smp","time":1609769899,"event":{"mods":["AchievementEnabler","Ascension Reborn","BaseMod","CapriCore","Koishi","Marisa£¨Ùöéë¡¡Øª×âÞÞ£©","Minty Spire (QoL Compilation)","StSLib"],"gold_per_floor":[111,131,13,35,35,72,86,122,164,105,105,122,146,166,166,282,282,306,306,319,336,336,336,367,265,349,349,385,385,402,414,414,535,535,554,344,344,177,177,177,207,91,91,121,141,141,141,163,163,163],"floor_reached":51,"playtime":1790,"items_purged":["Injury","Defend_G+1","Defend_G+1"],"score":1028,"play_id":"0ad4f58f-d329-45e2-934c-ef4f84b0cdc5","local_time":"20210104231819","is_ascension_mode":true,"campfire_choices":[{"data":"Noxious Fumes","floor":11,"key":"SMITH"},{"data":"Bouncing Flask","floor":15,"key":"SMITH"},{"data":"Envenom","floor":23,"key":"SMITH"},{"data":"Catalyst","floor":27,"key":"SMITH"},{"data":"Deadly Poison","floor":29,"key":"SMITH"},{"data":"Poisoned Stab","floor":32,"key":"SMITH"},{"data":"After Image","floor":40,"key":"SMITH"},{"data":"Deadly Poison","floor":47,"key":"SMITH"},{"data":"Crippling Poison","floor":49,"key":"SMITH"}],"circlet_count":0,"master_deck":["Strike_G+1","Strike_G+1","Strike_G+1","Strike_G+1","Strike_G+1","Defend_G+1","Defend_G+1","Defend_G+1","Survivor+1","Neutralize+1","Grand Finale","Deadly Poison+1","Dagger Throw+1","Quick Slash+1","Noxious Fumes+1","Bane","Terror","Deadly Poison+1","Bane","Bouncing Flask+1","Prepared","Underhanded Strike+1","Quick Slash+1","Bouncing Flask+1","Prepared+1","Catalyst+1","Expertise+1","Poisoned Stab+1","Bouncing Flask+1","After Image+1","Doppelganger","Crippling Poison+1","Prepared+1","Decay","Deadly Poison+1","Bane+1"],"relics":["Ring of the Snake","Lantern","Paper Crane","Bag of Marbles","Anchor","MawBank","FossilizedHelix","Omamori","Odd Mushroom","WingedGreaves","Cursed Key","Ancient Tea Set","Sundial","Pocketwatch","Matryoshka","InkBottle","Calipers","Gambling Chip","Philosopher\u0027s Stone","Potion Belt","Shovel","TwistedFunnel","Vajra","Centennial Puzzle","Bottled Tornado","Nunchaku"],"acts_visited":["Exordium","TheCity","TheBeyond"],"potions_floor_usage":[16,16,16,24,24,33,33,50,50,50,50,50],"damage_taken":[{"damage":0,"enemies":"Jaw Worm","floor":1,"turns":2},{"damage":0,"enemies":"2 Louse","floor":2,"turns":2},{"damage":0,"enemies":"Cultist","floor":4,"turns":2},{"damage":0,"enemies":"Gremlin Nob","floor":6,"turns":1},{"damage":0,"enemies":"Lots of Slimes","floor":7,"turns":3},{"damage":2,"enemies":"Lagavulin","floor":8,"turns":4},{"damage":0,"enemies":"Large Slime","floor":12,"turns":2},{"damage":0,"enemies":"The Mushroom Lair","floor":13,"turns":2},{"damage":0,"enemies":"Blue Slaver","floor":14,"turns":1},{"damage":0,"enemies":"Slime Boss","floor":16,"turns":6},{"damage":0,"enemies":"Shell Parasite","floor":18,"turns":2},{"damage":0,"enemies":"Spheric Guardian","floor":20,"turns":3},{"damage":0,"enemies":"Shelled Parasite and Fungi","floor":21,"turns":3},{"damage":0,"enemies":"Slavers","floor":24,"turns":2},{"damage":0,"enemies":"Book of Stabbing","floor":28,"turns":2},{"damage":0,"enemies":"Snake Plant","floor":30,"turns":2},{"damage":0,"enemies":"Chosen and Byrds","floor":31,"turns":2},{"damage":41,"enemies":"Collector","floor":33,"turns":4},{"damage":0,"enemies":"3 Shapes","floor":35,"turns":1},{"damage":0,"enemies":"Nemesis","floor":41,"turns":3},{"damage":14,"enemies":"Reptomancer","floor":44,"turns":3},{"damage":0,"enemies":"3 Darklings","floor":45,"turns":2},{"damage":0,"enemies":"Spire Growth","floor":48,"turns":2},{"damage":51,"enemies":"Awakened One","floor":50,"turns":6}],"seed_played":"50950686528162479","potions_obtained":[{"floor":1,"key":"SpeedPotion"},{"floor":1,"key":"EssenceOfSteel"},{"floor":2,"key":"ColorlessPotion"},{"floor":16,"key":"Fire Potion"},{"floor":18,"key":"Swift Potion"},{"floor":18,"key":"CunningPotion"},{"floor":21,"key":"BlessingOfTheForge"},{"floor":24,"key":"Regen Potion"},{"floor":24,"key":"Poison Potion"},{"floor":33,"key":"AttackPotion"},{"floor":35,"key":"Strength Potion"},{"floor":44,"key":"SteroidPotion"},{"floor":44,"key":"Strength Potion"},{"floor":45,"key":"AttackPotion"}],"is_trial":false,"path_per_floor":["M","M","$","M","?","E","M","E","T","$","R","M","?","M","R","B",null,"M","?","M","M","?","R","E","$","T","R","E","R","M","M","R","B",null,"M","$","?","$","?","R","E","$","T","E","M","?","R","M","R","B",null],"character_chosen":"THE_SILENT","items_purchased":["Lantern","Bane","Catalyst","Doppelganger","Crippling Poison","Potion Belt","TwistedFunnel"],"campfire_rested":0,"item_purchase_floors":[3,10,25,36,38,38,42],"current_hp_per_floor":[70,70,70,70,52,52,52,50,50,50,50,50,50,50,50,50,70,70,57,57,57,57,57,57,57,57,57,57,57,57,57,57,33,75,75,75,75,75,85,85,85,85,85,71,71,71,71,71,71,20],"gold":163,"neow_bonus":"THREE_RARE_CARDS","is_daily":false,"chose_seed":false,"campfire_upgraded":9,"win_rate":0.0,"timestamp":1609769899,"path_taken":["M","M","$","M","?","E","M","E","T","$","R","M","?","M","R","BOSS","M","?","M","M","?","R","E","$","T","R","E","R","?","M","R","BOSS","M","?","?","$","?","R","E","$","T","E","?","?","R","M","R","BOSS"],"items_purchased_type":["Relic","Card","Card","Card","Card","Relic","Relic"],"build_version":"2020-12-22","purchased_purges":3,"victory":true,"max_hp_per_floor":[70,70,70,70,70,70,70,70,70,70,70,70,70,70,70,70,70,70,75,75,75,75,75,75,75,75,75,75,75,75,75,75,75,75,75,75,75,75,85,85,85,85,85,85,85,85,85,85,85,85],"card_choices":[{"not_picked":["Night Terror","Phantasmal Killer"],"picked":"Grand Finale","floor":0},{"not_picked":["Caltrops","Prepared+1"],"picked":"Deadly Poison","floor":1},{"not_picked":["Riddle With Holes","Underhanded Strike+1"],"picked":"Dagger Throw+1","floor":2},{"not_picked":["Reflex","Terror"],"picked":"Quick Slash+1","floor":4},{"not_picked":["Finisher","Deadly Poison"],"picked":"Noxious Fumes","floor":6},{"not_picked":["PiercingWail","Leg Sweep"],"picked":"Reflex","floor":6},{"not_picked":["Flying Knee+1","Slice"],"picked":"Bane","floor":7},{"not_picked":["Backflip","Riddle With Holes"],"picked":"Terror","floor":8},{"not_picked":["Backflip+1","Bullet Time"],"picked":"Deadly Poison","floor":8},{"not_picked":["Sucker Punch","Flying Knee","Bane"],"picked":"SKIP","floor":12},{"not_picked":["PiercingWail","Expertise+1"],"picked":"Bouncing Flask","floor":13},{"not_picked":["Slice","Reflex"],"picked":"Prepared","floor":14},{"not_picked":["After Image","Phantasmal Killer"],"picked":"Envenom","floor":16},{"not_picked":["Backflip","All Out Attack"],"picked":"Underhanded Strike+1","floor":18},{"not_picked":["Flying Knee","Reflex+1"],"picked":"Quick Slash+1","floor":20},{"not_picked":["Prepared","Cloak And Dagger+1","Outmaneuver"],"picked":"SKIP","floor":21},{"not_picked":["Slice","Deflect+1"],"picked":"Prepared+1","floor":24},{"not_picked":["Grand Finale","Backflip+1"],"picked":"Expertise+1","floor":28},{"not_picked":["Blade Dance","Cloak And Dagger+1"],"picked":"Poisoned Stab","floor":30},{"not_picked":["Cloak And Dagger","Slice"],"picked":"Bouncing Flask+1","floor":31},{"not_picked":["Phantasmal Killer","Malaise"],"picked":"After Image","floor":33},{"not_picked":["Flying Knee+1","Cloak And Dagger","Slice+1"],"picked":"SKIP","floor":35},{"not_picked":["Underhanded Strike+1","Slice+1"],"picked":"Prepared+1","floor":41},{"not_picked":["Cloak And Dagger","Underhanded Strike+1","Slice+1"],"picked":"SKIP","floor":44},{"not_picked":["Sucker Punch","Flechettes"],"picked":"Deadly Poison+1","floor":45},{"not_picked":["All Out Attack","Underhanded Strike"],"picked":"Bane+1","floor":48}],"player_experience":59963,"relics_obtained":[{"floor":4,"key":"Paper Crane"},{"floor":6,"key":"Anchor"},{"floor":8,"key":"MawBank"},{"floor":9,"key":"FossilizedHelix"},{"floor":9,"key":"Omamori"},{"floor":13,"key":"Odd Mushroom"},{"floor":16,"key":"WingedGreaves"},{"floor":20,"key":"Ancient Tea Set"},{"floor":24,"key":"Sundial"},{"floor":26,"key":"Pocketwatch"},{"floor":26,"key":"Matryoshka"},{"floor":28,"key":"InkBottle"},{"floor":31,"key":"Calipers"},{"floor":33,"key":"Gambling Chip"},{"floor":41,"key":"Shovel"},{"floor":43,"key":"Vajra"},{"floor":43,"key":"Centennial Puzzle"},{"floor":43,"key":"Bottled Tornado"},{"floor":45,"key":"Nunchaku"}],"event_choices":[{"damage_healed":0,"gold_gain":0,"player_choice":"Success","damage_taken":18,"relics_obtained":["Bag of Marbles"],"max_hp_gain":0,"max_hp_loss":0,"event_name":"Scrap Ooze","floor":5,"gold_loss":0},{"damage_healed":0,"gold_gain":0,"player_choice":"Fought Mushrooms","damage_taken":0,"max_hp_gain":0,"max_hp_loss":0,"event_name":"Mushrooms","floor":13,"gold_loss":0},{"damage_healed":0,"gold_gain":0,"player_choice":"Shed Blood","damage_taken":18,"max_hp_gain":5,"max_hp_loss":0,"event_name":"Forgotten Altar","floor":19,"gold_loss":0},{"damage_healed":0,"gold_gain":0,"player_choice":"Copied","damage_taken":0,"max_hp_gain":0,"max_hp_loss":0,"event_name":"Duplicator","floor":22,"gold_loss":0,"cards_obtained":["Bouncing Flask"]},{"damage_healed":0,"gold_gain":0,"player_choice":"Ignored","damage_taken":0,"max_hp_gain":0,"max_hp_loss":0,"event_name":"OrinTheCat","floor":37,"gold_loss":0},{"cards_removed":["Envenom"],"damage_healed":0,"gold_gain":0,"player_choice":"Offered Rare","damage_taken":0,"max_hp_gain":10,"max_hp_loss":0,"event_name":"Bonfire Elementals","floor":39,"gold_loss":0},{"cards_removed":["Reflex"],"damage_healed":0,"gold_gain":0,"player_choice":"Removed Skill","damage_taken":0,"max_hp_gain":0,"max_hp_loss":0,"event_name":"Falling","floor":46,"gold_loss":0}],"is_beta":false,"boss_relics":[{"not_picked":["Runic Dome","Velvet Choker"],"picked":"Cursed Key"},{"not_picked":["SacredBark","Empty Cage"],"picked":"Philosopher\u0027s Stone"}],"items_purged_floors":[10,25,36],"is_endless":false,"potions_floor_spawned":[1,4,12,13,14,18,21,24,28,44,48],"ascension_level":0}}