{"host":"1a3cjta80tad0aqj","time":1609801563,"event":{"mods":["2.2 Compatiblity","AchievementEnabler","BaseMod","Colored Map","DeckTracker","KOR Keyword Fix","Keyboard Shortcuts","Minty Spire (QoL Compilation)","Permanent Neow","Quick Restart","Random Character Button","StSLib","SuperFastMode","everything is the same but u backflip on backflip"],"gold_per_floor":[144,15,15,60,60,60,150,195,195,195,240,240,285,375,375,375,375],"floor_reached":16,"playtime":812,"items_purged":["Defend_G"],"score":110,"play_id":"f93e4cfe-1297-443a-a6b4-bfeb02a1c38c","local_time":"20210105080603","daily_mods":["Chimera","Diverse","Midas"],"is_ascension_mode":false,"campfire_choices":[{"floor":6,"key":"REST"},{"floor":10,"key":"REST"},{"floor":12,"key":"REST"},{"floor":15,"key":"REST"}],"circlet_count":0,"master_deck":["Bash","Survivor","Zap","Eruption+1","Strike_R","Strike_G","Strike_B","Defend_R","Halt","EmptyFist","Genetic Algorithm","Prepared","Evaluate","Cleave","Rage+1","Prepared+1"],"relics":["Cracked Core","Happy Flower","Toxic Egg 2","Thread and Needle"],"acts_visited":["Exordium"],"potions_floor_usage":[13,16,16],"damage_taken":[{"damage":0,"enemies":"Cultist","floor":1,"turns":3},{"damage":0,"enemies":"Small Slimes","floor":4,"turns":2},{"damage":29,"enemies":"Gremlin Nob","floor":7,"turns":4},{"damage":11,"enemies":"2 Louse","floor":8,"turns":3},{"damage":8,"enemies":"2 Fungi Beasts","floor":11,"turns":3},{"damage":2,"enemies":"Blue Slaver","floor":13,"turns":3},{"damage":48,"enemies":"Lagavulin","floor":14,"turns":9},{"damage":51,"enemies":"The Guardian","floor":16,"turns":7}],"seed_played":"-6631355389535803282","potions_obtained":[{"floor":7,"key":"BlessingOfTheForge"},{"floor":8,"key":"Energy Potion"},{"floor":11,"key":"Energy Potion"}],"is_trial":false,"path_per_floor":["M","$","?","M","?","R","E","M","T","R","M","R","M","E","R","B"],"character_chosen":"DEFECT","items_purchased":["EmptyFist"],"campfire_rested":4,"item_purchase_floors":[2],"current_hp_per_floor":[75,75,60,60,53,75,46,35,35,57,49,71,69,21,43,0,0],"gold":375,"neow_bonus":"","is_daily":true,"chose_seed":false,"campfire_upgraded":0,"win_rate":0.0,"timestamp":1609801563,"path_taken":["M","$","?","M","?","R","E","M","T","R","M","R","M","E","R","BOSS"],"items_purchased_type":["Card"],"build_version":"2020-12-22","purchased_purges":1,"victory":false,"max_hp_per_floor":[75,75,75,75,75,75,75,75,75,75,75,75,75,75,75,75,75],"card_choices":[{"not_picked":["EmptyFist","Feel No Pain"],"picked":"Halt","floor":1},{"not_picked":["Second Wind","Halt"],"picked":"Genetic Algorithm","floor":4},{"not_picked":["Outmaneuver","Accuracy"],"picked":"Prepared","floor":7},{"not_picked":["Skim","Redo"],"picked":"Evaluate","floor":8},{"not_picked":["True Grit+1","CutThroughFate"],"picked":"Cleave","floor":11},{"not_picked":["Poisoned Stab","Go for the Eyes"],"picked":"Rage+1","floor":13},{"not_picked":["Sunder","CutThroughFate"],"picked":"Prepared+1","floor":14}],"player_experience":97577,"relics_obtained":[{"floor":7,"key":"Happy Flower"},{"floor":9,"key":"Toxic Egg 2"},{"floor":14,"key":"Thread and Needle"}],"event_choices":[{"damage_healed":0,"gold_gain":0,"player_choice":"Entered Light","damage_taken":15,"max_hp_gain":0,"max_hp_loss":0,"event_name":"Shining Light","floor":3,"gold_loss":0,"cards_upgraded":["Eruption","Defend_P"]},{"cards_removed":["Defend_P"],"damage_healed":0,"gold_gain":0,"player_choice":"Card Removal","damage_taken":7,"max_hp_gain":0,"max_hp_loss":0,"event_name":"Golden Wing","floor":5,"gold_loss":0}],"is_beta":false,"boss_relics":[],"items_purged_floors":[2],"is_endless":false,"potions_floor_spawned":[7,8,11],"killed_by":"The Guardian","ascension_level":0}}