{"host":"cdnletu4ypo40ld3","time":1609743021,"event":{"mods":["BaseMod","Colored Map","Downfall","Googly Eyes","Hermit","Highlight Path","Infinite Spire","Jorbs\u0027s Wanderer Trilogy","Marisa????????","Minty Spire (QoL Compilation)","Rare Cards Sparkle","Replay The Spire","StSLib","The Animator","The Cursed","The Disciple","The Runesmith","The Servant 0.9.4"],"gold_per_floor":[109,109,184,259,272,307,307,307,307,324,324,349,376,392,392,489,489,472,483,483,483],"floor_reached":20,"playtime":1835,"items_purged":[],"score":209,"play_id":"d35a1990-c0b0-47d4-921e-85d96046d807","local_time":"20210104135021","is_ascension_mode":false,"campfire_choices":[{"floor":7.0,"key":"REST"},{"floor":15.0,"key":"REST"}],"circlet_count":0,"master_deck":["stsjorbsmod:ForbiddenGrimoire+1","stsjorbsmod:Strike_Wanderer","stsjorbsmod:Strike_Wanderer","stsjorbsmod:Strike_Wanderer","stsjorbsmod:Strike_Wanderer","stsjorbsmod:Defend_Wanderer","stsjorbsmod:Defend_Wanderer","stsjorbsmod:Defend_Wanderer","stsjorbsmod:Defend_Wanderer","stsjorbsmod:FreshAdventure+1","stsjorbsmod:EyeOfTheStorm","stsjorbsmod:TinyHut","stsjorbsmod:Stalwart","stsjorbsmod:FracturedMind","stsjorbsmod:HedgeWizard","stsjorbsmod:Materialize","stsjorbsmod:Materialize","stsjorbsmod:ArcaneForm","stsjorbsmod:Entangle","stsjorbsmod:UnseenServant","stsjorbsmod:Prepare"],"relics":["stsjorbsmod:GrimoireRelic","NeowsBlessing","Juzu Bracelet","Centennial Puzzle","Molten Egg 2","infinitespire:Beetle Shell","Runic Pyramid"],"acts_visited":["Exordium","TheCity"],"potions_floor_usage":[18],"damage_taken":[{"damage":0.0,"enemies":"Cultist","floor":1.0,"turns":1.0},{"damage":0.0,"enemies":"Jaw Worm","floor":5.0,"turns":1.0},{"damage":0.0,"enemies":"3 Sentries","floor":6.0,"turns":1.0},{"damage":0.0,"enemies":"Small Slimes","floor":10.0,"turns":3.0},{"damage":34.0,"enemies":"Lagavulin","floor":12.0,"turns":7.0},{"damage":0.0,"enemies":"Blue Slaver","floor":13.0,"turns":5.0},{"damage":4.0,"enemies":"2 Fungi Beasts","floor":14.0,"turns":5.0},{"damage":48.0,"enemies":"Fading Forest","floor":16.0,"turns":11.0},{"damage":12,"enemies":"2 Thieves","floor":18,"turns":4},{"damage":19,"enemies":"Chosen","floor":19,"turns":7},{"damage":38,"enemies":"Sentry and Sphere","floor":20,"turns":7}],"seed_played":"3614139672254735464","potions_obtained":[{"floor":6.0,"key":"Strength Potion"},{"floor":10.0,"key":"Ancient Potion"},{"floor":13.0,"key":"Fire Potion"},{"floor":14.0,"key":"Block Potion"},{"floor":18,"key":"FearPotion"}],"is_trial":false,"path_per_floor":["M","?","?","?","M","E","R","?","T","M","?","E","M","M","R","B",null,"M","M","M"],"character_chosen":"WANDERER","items_purchased":[],"campfire_rested":2,"item_purchase_floors":[],"current_hp_per_floor":[68,68,62,51,51,52,68,68,68,68,68,34,37,35,55,31,68,57,38,0,0],"gold":483,"neow_bonus":"THREE_ENEMY_KILL","is_daily":false,"chose_seed":false,"campfire_upgraded":0,"win_rate":0.0,"timestamp":1609743021,"path_taken":["M","?","?","?","M","E","R","?","T","M","?","E","M","M","R","BOSS","M","M","M"],"items_purchased_type":[],"build_version":"2020-12-22","purchased_purges":0,"victory":false,"max_hp_per_floor":[68,68,68,68,68,68,68,68,68,68,68,68,68,68,68,68,68,68,68,68,68],"card_choices":[{"not_picked":["stsjorbsmod:DoubleCheck","stsjorbsmod:ArcaneWeapon"],"picked":"stsjorbsmod:TinyHut","floor":1.0},{"not_picked":["stsjorbsmod:Firebolt","stsjorbsmod:Pyromancy"],"picked":"stsjorbsmod:Stalwart","floor":5.0},{"not_picked":["stsjorbsmod:Message","stsjorbsmod:ParryingBlow"],"picked":"stsjorbsmod:FracturedMind","floor":6.0},{"not_picked":["stsjorbsmod:UnseenServant","stsjorbsmod:RefuseToForget"],"picked":"stsjorbsmod:HedgeWizard","floor":10.0},{"not_picked":["stsjorbsmod:WeightOfMemory+1","stsjorbsmod:FracturedMind+1"],"picked":"stsjorbsmod:Materialize","floor":12.0},{"not_picked":["stsjorbsmod:Will","stsjorbsmod:ChatteringStrike+1"],"picked":"stsjorbsmod:Materialize","floor":13.0},{"not_picked":["stsjorbsmod:Index","stsjorbsmod:OldPocket"],"picked":"stsjorbsmod:ArcaneForm","floor":14.0},{"not_picked":["stsjorbsmod:Banish","stsjorbsmod:Withdraw"],"picked":"stsjorbsmod:Entangle","floor":16.0},{"not_picked":["stsjorbsmod:Counterspell","stsjorbsmod:Prepare"],"picked":"stsjorbsmod:UnseenServant","floor":18},{"not_picked":["stsjorbsmod:DisguiseSelf","stsjorbsmod:Message"],"picked":"stsjorbsmod:Prepare","floor":19}],"player_experience":180235,"relics_obtained":[{"floor":2.0,"key":"Juzu Bracelet"},{"floor":6.0,"key":"Centennial Puzzle"},{"floor":9.0,"key":"Molten Egg 2"},{"floor":12.0,"key":"infinitespire:Beetle Shell"}],"event_choices":[{"damage_healed":0.0,"max_hp_gain":0.0,"max_hp_loss":0.0,"gold_gain":75.0,"event_name":"FaceTrader","player_choice":"Touch","floor":3.0,"gold_loss":0.0,"damage_taken":6.0},{"damage_healed":0.0,"max_hp_gain":0.0,"max_hp_loss":0.0,"gold_gain":75.0,"event_name":"World of Goop","player_choice":"Gather Gold","floor":4.0,"gold_loss":0.0,"damage_taken":11.0},{"damage_healed":0.0,"max_hp_gain":0.0,"max_hp_loss":0.0,"gold_gain":0.0,"event_name":"Living Wall","player_choice":"Grow","floor":8.0,"gold_loss":0.0,"damage_taken":0.0,"cards_upgraded":["stsjorbsmod:FreshAdventure"]}],"is_beta":false,"boss_relics":[{"not_picked":["Sozu","Pandora\u0027s Box"],"picked":"Runic Pyramid"}],"items_purged_floors":[],"is_endless":false,"potions_floor_spawned":[6,10,13,14,18],"killed_by":"Sentry and Sphere","ascension_level":0}}