{"host":"h4lp0eeso8a0ssq0","time":1609745962,"event":{"mods":["2.2 Compatiblity","AchievementEnabler","BaseMod","CapriCore","Colored Map","Minty Spire (QoL Compilation)","StSLib","SuperFastMode"],"gold_per_floor":[13,25,36,36,52,52,80,5,5,5,5,20,36,47,47,47,47],"floor_reached":16,"playtime":555,"items_purged":["Strike_G"],"score":129,"play_id":"897a9254-cc76-4ccf-8230-82e579592465","local_time":"20210104163922","is_ascension_mode":false,"campfire_choices":[{"data":"Sucker Punch","floor":6.0,"key":"SMITH"},{"data":"Blade Dance","floor":15,"key":"SMITH"}],"circlet_count":0,"master_deck":["Strike_G","Strike_G","Strike_G","Defend_G+1","Defend_G","Defend_G","Defend_G","Defend_G","Survivor","Neutralize","Backflip+1","Sucker Punch+1","Backflip","Blade Dance+1","Outmaneuver","Well Laid Plans","Blade Dance"],"relics":["Ring of the Snake","War Paint","Bag of Marbles"],"acts_visited":["Exordium"],"potions_floor_usage":[16],"damage_taken":[{"damage":6.0,"enemies":"Cultist","floor":1.0,"turns":4.0},{"damage":2.0,"enemies":"2 Louse","floor":2.0,"turns":4.0},{"damage":1.0,"enemies":"Jaw Worm","floor":3.0,"turns":5.0},{"damage":0.0,"enemies":"2 Fungi Beasts","floor":5.0,"turns":4.0},{"damage":24.0,"enemies":"Gremlin Nob","floor":7.0,"turns":4.0},{"damage":9.0,"enemies":"Exordium Thugs","floor":12.0,"turns":7.0},{"damage":3.0,"enemies":"3 Louse","floor":13.0,"turns":5.0},{"damage":1,"enemies":"Red Slaver","floor":14,"turns":3},{"damage":40,"enemies":"Hexaghost","floor":16,"turns":14}],"seed_played":"5607923882812367234","potions_obtained":[{"floor":1.0,"key":"AttackPotion"},{"floor":2.0,"key":"GamblersBrew"},{"floor":7.0,"key":"Dexterity Potion"},{"floor":13.0,"key":"GamblersBrew"}],"is_trial":false,"path_per_floor":["M","M","M","?","M","R","E","$","T","?","?","M","M","M","R","B"],"character_chosen":"THE_SILENT","items_purchased":[],"campfire_rested":0,"item_purchase_floors":[],"current_hp_per_floor":[78,76,75,67,67,67,43,43,43,48,48,39,36,35,35,0,0],"gold":47,"neow_bonus":"TWENTY_PERCENT_HP_BONUS","is_daily":false,"chose_seed":false,"campfire_upgraded":2,"win_rate":0.0,"timestamp":1609745962,"path_taken":["M","M","?","?","?","R","E","$","T","?","?","M","?","M","R","BOSS"],"items_purchased_type":[],"build_version":"2020-12-22","purchased_purges":1,"victory":false,"max_hp_per_floor":[84,84,84,84,84,84,84,84,84,89,89,89,89,89,89,89,89],"card_choices":[{"not_picked":["Catalyst","Prepared"],"picked":"Backflip","floor":1.0},{"not_picked":["Expertise","Escape Plan"],"picked":"Sucker Punch","floor":2.0},{"not_picked":["Flechettes","Deflect"],"picked":"Backflip","floor":3.0},{"not_picked":["Escape Plan","Masterful Stab"],"picked":"Blade Dance","floor":5.0},{"not_picked":["Dagger Throw","Deflect"],"picked":"Outmaneuver","floor":7.0},{"not_picked":["Dagger Throw","Setup"],"picked":"Well Laid Plans","floor":12.0},{"not_picked":["Cloak And Dagger","Dagger Throw"],"picked":"Blade Dance","floor":13.0},{"not_picked":["Quick Slash","Flying Knee","Bouncing Flask"],"picked":"SKIP","floor":14}],"player_experience":49880,"relics_obtained":[{"floor":7.0,"key":"War Paint"},{"floor":9.0,"key":"Bag of Marbles"}],"event_choices":[{"damage_healed":0.0,"max_hp_gain":0.0,"max_hp_loss":0.0,"gold_gain":0.0,"event_name":"Wheel of Change","player_choice":"Damaged","floor":4.0,"gold_loss":0.0,"damage_taken":8.0},{"damage_healed":0.0,"max_hp_gain":5.0,"max_hp_loss":0.0,"gold_gain":0.0,"event_name":"Big Fish","player_choice":"Donut","floor":10.0,"gold_loss":0.0,"damage_taken":0.0},{"cards_removed":["Strike_G"],"damage_healed":0.0,"max_hp_gain":0.0,"max_hp_loss":0.0,"gold_gain":0.0,"event_name":"Purifier","player_choice":"Purged","floor":11.0,"gold_loss":0.0,"damage_taken":0.0}],"is_beta":false,"boss_relics":[],"items_purged_floors":[8],"is_endless":false,"potions_floor_spawned":[1,2,7,13],"killed_by":"Hexaghost","ascension_level":0}}