{"host":"mydft8i2zzydgggw","time":1609769777,"event":{"mods":["AchievementEnabler","BaseMod","Colored Map","Colored Powertips","Keyboard Shortcuts","Minty Spire (QoL Compilation)","Quick Restart","StSLib","SuperFastMode","The Poker Player"],"gold_per_floor":[15,115,129,211,68,98,98,123,147,165,185,185,205,233,233,335,335,353,353,370,383,181,181,209,209,209,229,240,271,287,303,303,303,303],"floor_reached":33,"playtime":1232,"items_purged":["Strike_B"],"score":396,"play_id":"e0bdeddb-3233-40b9-aad4-e9afd7a78549","local_time":"20210104231617","is_ascension_mode":true,"campfire_choices":[{"data":"Consume","floor":7,"key":"SMITH"},{"data":"Storm","floor":12,"key":"SMITH"},{"floor":15,"key":"REST"},{"data":"Chill","floor":23,"key":"SMITH"},{"data":"Double Energy","floor":25,"key":"SMITH"},{"floor":32,"key":"REST"}],"circlet_count":0,"master_deck":["Strike_B","Strike_B","Strike_B","Defend_B","Defend_B","Defend_B","Defend_B","Zap","Dualcast","Multi-Cast","Consume+1","Chill+1","Echo Form","Stack","Biased Cognition","Static Discharge","Coolheaded","Storm+1","Force Field","Amplify","Chaos+1","Double Energy+1","Heatsinks"],"relics":["Cracked Core","InkBottle","Orrery","HornCleat","DataDisk","Potion Belt","Orichalcum","Busted Crown","Nunchaku","Singing Bowl"],"acts_visited":["Exordium","TheCity"],"potions_floor_usage":[6,11,14,24,30,30,33,33,33],"damage_taken":[{"damage":0,"enemies":"2 Louse","floor":1,"turns":1},{"damage":5,"enemies":"Cultist","floor":3,"turns":4},{"damage":19,"enemies":"3 Sentries","floor":6,"turns":10},{"damage":10,"enemies":"Lagavulin","floor":8,"turns":10},{"damage":3,"enemies":"Small Slimes","floor":10,"turns":4},{"damage":9,"enemies":"Gremlin Gang","floor":11,"turns":3},{"damage":1,"enemies":"Exordium Wildlife","floor":13,"turns":4},{"damage":12,"enemies":"Gremlin Nob","floor":14,"turns":5},{"damage":22,"enemies":"The Guardian","floor":16,"turns":13},{"damage":8,"enemies":"Shell Parasite","floor":18,"turns":4},{"damage":6,"enemies":"3 Byrds","floor":20,"turns":2},{"damage":12,"enemies":"Sentry and Sphere","floor":21,"turns":6},{"damage":10,"enemies":"Slavers","floor":24,"turns":4},{"damage":9,"enemies":"Snake Plant","floor":27,"turns":3},{"damage":3,"enemies":"Centurion and Healer","floor":28,"turns":5},{"damage":7,"enemies":"Book of Stabbing","floor":29,"turns":5},{"damage":3,"enemies":"Sentry and Sphere","floor":30,"turns":5},{"damage":16,"enemies":"Snake Plant","floor":31,"turns":4},{"damage":57,"enemies":"Champ","floor":33,"turns":14}],"seed_played":"7187379845048246747","potions_obtained":[{"floor":1,"key":"EssenceOfSteel"},{"floor":6,"key":"DistilledChaos"},{"floor":8,"key":"SpeedPotion"},{"floor":16,"key":"Block Potion"},{"floor":20,"key":"GamblersBrew"},{"floor":24,"key":"AttackPotion"},{"floor":30,"key":"Ancient Potion"},{"floor":31,"key":"LiquidBronze"}],"is_trial":false,"path_per_floor":["M","?","M","T","$","E","R","E","T","M","M","R","M","E","R","B",null,"M","?","M","M","$","R","E","R","T","M","M","E","M","M","R","B"],"character_chosen":"DEFECT","items_purchased":["Orrery","Heatsinks","Block Potion"],"campfire_rested":2,"item_purchase_floors":[5,22,22],"current_hp_per_floor":[75,75,70,70,70,51,51,41,41,38,29,29,28,16,38,16,75,67,85,79,67,67,67,57,57,57,48,45,40,39,25,52,0,0],"gold":303,"neow_bonus":"THREE_RARE_CARDS","is_daily":false,"chose_seed":false,"campfire_upgraded":4,"win_rate":0.0,"timestamp":1609769777,"path_taken":["M","?","?","?","$","E","R","E","T","?","M","R","M","E","R","BOSS","M","?","?","M","$","R","E","R","T","M","?","E","M","M","R","BOSS"],"items_purchased_type":["Relic","Card","Potion"],"build_version":"2020-12-22","purchased_purges":1,"victory":false,"max_hp_per_floor":[75,75,75,75,75,75,75,75,75,75,75,75,75,75,75,75,75,75,85,85,85,85,85,85,85,85,85,85,87,89,91,91,91,91],"card_choices":[{"not_picked":["Meteor Strike","All For One"],"picked":"Multi-Cast","floor":0},{"not_picked":["Ball Lightning","Steam"],"picked":"Consume","floor":1},{"not_picked":["Go for the Eyes","Compile Driver"],"picked":"Chill","floor":3},{"not_picked":["Go for the Eyes","Streamline"],"picked":"Meteor Strike","floor":5},{"not_picked":["Seek","Cold Snap"],"picked":"Echo Form","floor":5},{"not_picked":["BootSequence","Hello World"],"picked":"Stack","floor":5},{"not_picked":["Go for the Eyes","Gash"],"picked":"Biased Cognition","floor":5},{"not_picked":["Redo","Sweeping Beam"],"picked":"Static Discharge","floor":5},{"not_picked":["Barrage","White Noise"],"picked":"Coolheaded","floor":6},{"not_picked":["Rebound","Cold Snap"],"picked":"Storm","floor":8},{"not_picked":["Leap","Rebound"],"picked":"Force Field","floor":10},{"not_picked":["Go for the Eyes","Coolheaded","Gash"],"picked":"SKIP","floor":11},{"not_picked":["Reprogram","Cold Snap","Static Discharge"],"picked":"SKIP","floor":13},{"not_picked":["Cold Snap","Storm","Beam Cell"],"picked":"SKIP","floor":14},{"not_picked":["Machine Learning","Echo Form"],"picked":"Amplify","floor":16},{"not_picked":[],"picked":"Chaos+1","floor":18},{"not_picked":["Gash+1"],"picked":"SKIP","floor":20},{"not_picked":[],"picked":"Double Energy","floor":21},{"not_picked":["Lockon"],"picked":"SKIP","floor":24},{"not_picked":["Scrape"],"picked":"SKIP","floor":27},{"not_picked":["Rebound"],"picked":"SKIP","floor":28},{"not_picked":["Rebound"],"picked":"Singing Bowl","floor":29},{"not_picked":["Cold Snap+1"],"picked":"Singing Bowl","floor":30},{"not_picked":["Cold Snap"],"picked":"Singing Bowl","floor":31}],"player_experience":84696,"relics_obtained":[{"floor":4,"key":"InkBottle"},{"floor":6,"key":"HornCleat"},{"floor":8,"key":"DataDisk"},{"floor":9,"key":"Potion Belt"},{"floor":14,"key":"Orichalcum"},{"floor":24,"key":"Nunchaku"},{"floor":29,"key":"Singing Bowl"}],"event_choices":[{"damage_healed":0,"gold_gain":100,"player_choice":"Pray","damage_taken":0,"max_hp_gain":0,"max_hp_loss":0,"event_name":"Golden Shrine","floor":2,"gold_loss":0},{"cards_removed":["Meteor Strike"],"damage_healed":8,"gold_gain":0,"player_choice":"Offered Rare","damage_taken":0,"max_hp_gain":10,"max_hp_loss":0,"event_name":"Bonfire Elementals","floor":19,"gold_loss":0}],"is_beta":false,"boss_relics":[{"not_picked":["Velvet Choker","Tiny House"],"picked":"Busted Crown"}],"items_purged_floors":[22],"is_endless":false,"potions_floor_spawned":[1,6,8,16,20,24,30,31],"killed_by":"Champ","ascension_level":4}}