{"host":"2yqfi47fogfu1ic4","time":1609754952,"event":{"mods":["AchievementEnabler","BaseMod","Colored Map","Colored Powertips","Highlight Path","Minty Spire (QoL Compilation)","Permanent Neow","Relic Stats","StSLib"],"gold_per_floor":[116,128,128,140,140,140,174,36,36,36,70,86,110,124,124,199,199,218,229,244,70,430,430,447,447,447,447,447,471,471,481,481,553,553,570,570,587,161,186,212,212,244,244,273,273,283,294,320,320,320,320,320,320,0,29,29],"floor_reached":57,"playtime":10822,"items_purged":["Dagger Spray"],"score":3456,"play_id":"b1ab83e8-d52c-40ef-8f56-1ff93eb527c9","local_time":"20210104110912","is_ascension_mode":true,"campfire_choices":[{"data":"Burst","floor":6.0,"key":"SMITH"},{"data":"Adrenaline","floor":10.0,"key":"SMITH"},{"data":"Concentrate","floor":15.0,"key":"SMITH"},{"data":"Adrenaline","floor":23.0,"key":"SMITH"},{"data":"Well Laid Plans","floor":25.0,"key":"SMITH"},{"data":"Tactician","floor":27.0,"key":"SMITH"},{"data":"Acrobatics","floor":30.0,"key":"SMITH"},{"data":"Blur","floor":32.0,"key":"SMITH"},{"floor":49,"key":"RECALL"},{"data":"After Image","floor":53,"key":"SMITH"}],"circlet_count":0,"master_deck":["AscendersBane","Survivor","Neutralize","PiercingWail","After Image+1","Expertise+1","Sucker Punch","Concentrate+1","Flechettes","Burst+1","PiercingWail","Blade Dance","Distraction+1","Blur+1","Adrenaline+1","Dagger Throw","Terror","PiercingWail","Adrenaline+1","Blade Dance","Deflect+1","Acrobatics+1","Well Laid Plans+1","Tactician+1","Backflip","RitualDagger","Phantasmal Killer","Madness","Madness","Blur","Master of Strategy","PiercingWail+1","Tools of the Trade","Tactician","Acrobatics","Acrobatics"],"relics":["Pandora\u0027s Box","The Courier","Art of War","Oddly Smooth Stone","Turnip","Odd Mushroom","Coffee Dripper","Unceasing Top","HoveringKite","Vajra","The Specimen","Strawberry","Bag of Marbles","Nunchaku","Eternal Feather","Bottled Tornado","Toolbox","Anchor","Ornamental Fan"],"acts_visited":["Exordium","TheCity","TheBeyond","TheEnding"],"potions_floor_usage":[56,56],"damage_taken":[{"damage":0.0,"enemies":"Jaw Worm","floor":1.0,"turns":4.0},{"damage":0.0,"enemies":"2 Louse","floor":2.0,"turns":3.0},{"damage":0.0,"enemies":"Cultist","floor":4.0,"turns":3.0},{"damage":22.0,"enemies":"Gremlin Nob","floor":7.0,"turns":5.0},{"damage":0.0,"enemies":"Lagavulin","floor":11.0,"turns":7.0},{"damage":0.0,"enemies":"Blue Slaver","floor":12.0,"turns":2.0},{"damage":0.0,"enemies":"The Mushroom Lair","floor":13.0,"turns":3.0},{"damage":0.0,"enemies":"Exordium Wildlife","floor":14.0,"turns":2.0},{"damage":0.0,"enemies":"Slime Boss","floor":16.0,"turns":6.0},{"damage":0.0,"enemies":"3 Byrds","floor":18.0,"turns":4.0},{"damage":0.0,"enemies":"Shell Parasite","floor":19.0,"turns":3.0},{"damage":0.0,"enemies":"3 Cultists","floor":20.0,"turns":5.0},{"damage":0.0,"enemies":"Snake Plant","floor":24.0,"turns":6.0},{"damage":0.0,"enemies":"Cultist and Chosen","floor":31.0,"turns":5.0},{"damage":0.0,"enemies":"Automaton","floor":33.0,"turns":7.0},{"damage":0.0,"enemies":"3 Darklings","floor":35.0,"turns":4.0},{"damage":3.0,"enemies":"3 Shapes","floor":37.0,"turns":6.0},{"damage":0.0,"enemies":"Mind Bloom Boss Battle","floor":39.0,"turns":4.0},{"damage":0.0,"enemies":"Giant Head","floor":40.0,"turns":5.0},{"damage":0.0,"enemies":"Reptomancer","floor":42.0,"turns":4.0},{"damage":4.0,"enemies":"Nemesis","floor":44.0,"turns":5.0},{"damage":0.0,"enemies":"Maw","floor":46.0,"turns":5.0},{"damage":0.0,"enemies":"4 Shapes","floor":47.0,"turns":5.0},{"damage":0.0,"enemies":"Giant Head","floor":48.0,"turns":5.0},{"damage":1,"enemies":"Awakened One","floor":50,"turns":19},{"damage":16,"enemies":"Donu and Deca","floor":51,"turns":7},{"damage":0,"enemies":"Shield and Spear","floor":55,"turns":9},{"damage":0,"enemies":"The Heart","floor":56,"turns":7}],"seed_played":"-2682038914090954006","potions_obtained":[{"floor":1.0,"key":"GhostInAJar"},{"floor":4.0,"key":"SpeedPotion"},{"floor":7.0,"key":"CunningPotion"},{"floor":18.0,"key":"Dexterity Potion"},{"floor":20.0,"key":"SteroidPotion"},{"floor":39.0,"key":"Block Potion"},{"floor":40.0,"key":"Regen Potion"},{"floor":42.0,"key":"Strength Potion"},{"floor":55,"key":"PowerPotion"}],"is_trial":false,"path_per_floor":["M","M","?","M","?","R","E","$","T","R","E","M","?","M","R","B",null,"M","M","M","$","?","R","M","R","T","R","?","T","R","M","R","B",null,"M","?","M","$","?","E","?","E","T","E","?","M","M","E","R","B","B",null,"R","$","E","B",null],"character_chosen":"THE_SILENT","items_purchased":["Art of War","Acrobatics","Well Laid Plans","Tactician","Blur","DuplicationPotion","Vajra","Master of Strategy","Toolbox","Anchor"],"campfire_rested":0,"item_purchase_floors":[8,21,21,21,38,38,38,38,54,54],"current_hp_per_floor":[59,59,39,39,39,39,17,17,17,17,17,17,17,17,17,17,54,54,54,54,54,18,18,18,18,18,18,12,12,12,12,12,12,53,53,41,38,38,38,45,45,57,57,53,53,53,53,53,73,72,56,69,73,73,73,73],"gold":29,"neow_bonus":"BOSS_RELIC","is_daily":false,"chose_seed":false,"campfire_upgraded":9,"win_rate":0.0,"timestamp":1609754952,"path_taken":["M","M","?","M","?","R","E","?","T","R","E","M","?","M","R","BOSS","M","M","M","$","?","R","?","R","T","R","?","?","R","?","R","BOSS","M","?","M","$","?","E","?","E","T","E","?","M","M","E","R","BOSS","BOSS","R","$","E","BOSS"],"items_purchased_type":["Relic","Card","Card","Card","Card","Potion","Relic","Card","Relic","Relic"],"build_version":"2020-12-22","purchased_purges":1,"victory":true,"max_hp_per_floor":[66,66,66,66,66,66,66,66,66,66,66,66,66,66,66,66,66,66,66,66,66,66,66,66,66,66,66,66,66,66,66,66,66,66,66,66,66,66,66,73,73,73,73,73,73,73,73,73,73,73,73,73,73,73,73,73],"relic_stats":{"Nunchaku":[26],"counters":[28,150],"Ornamental Fan":[40],"HoveringKite":[75],"Pandora\u0027s Box":["PiercingWail","After Image","Expertise","Sucker Punch","Concentrate","Flechettes","Burst","PiercingWail","Blade Dance","Distraction"],"Eternal Feather":24,"Turnip":[13],"Art of War":[10],"obtain_stats":[{"The Specimen":39,"Oddly Smooth Stone":9,"HoveringKite":34,"Vajra":38,"Eternal Feather":44,"The Courier":7,"Odd Mushroom":13,"Bottled Tornado":48,"Nunchaku":43,"Anchor":54,"Ornamental Fan":55,"Strawberry":40,"Toolbox":54,"Pandora\u0027s Box":0,"Turnip":11,"Art of War":8,"Coffee Dripper":17,"Bag of Marbles":42,"Unceasing Top":26,"Ring of the Snake":0},{"The Specimen":18,"Oddly Smooth Stone":4,"HoveringKite":15,"Vajra":17,"Eternal Feather":21,"The Courier":4,"Odd Mushroom":7,"Bottled Tornado":24,"Nunchaku":20,"Anchor":26,"Ornamental Fan":27,"Strawberry":19,"Toolbox":26,"Pandora\u0027s Box":0,"Turnip":5,"Art of War":4,"Coffee Dripper":9,"Bag of Marbles":20,"Unceasing Top":13,"Ring of the Snake":0},{"The Specimen":79,"Oddly Smooth Stone":15,"HoveringKite":65,"Vajra":75,"Eternal Feather":93,"The Courier":15,"Odd Mushroom":27,"Bottled Tornado":108,"Nunchaku":88,"Anchor":134,"Ornamental Fan":143,"Strawberry":84,"Toolbox":134,"Pandora\u0027s Box":0,"Turnip":22,"Art of War":15,"Coffee Dripper":35,"Bag of Marbles":88,"Unceasing Top":53,"Ring of the Snake":0}],"Unceasing Top":[48]},"card_choices":[{"not_picked":["Escape Plan","Slice"],"picked":"Blur","floor":1.0},{"not_picked":["Flying Knee","Quick Slash","Outmaneuver"],"picked":"SKIP","floor":2.0},{"not_picked":["Deflect","Deadly Poison","Bane"],"picked":"SKIP","floor":4.0},{"not_picked":["Acrobatics","Terror"],"picked":"Adrenaline","floor":7.0},{"not_picked":["Poisoned Stab","Outmaneuver"],"picked":"Dagger Throw","floor":11.0},{"not_picked":["Crippling Poison","Deflect"],"picked":"Dagger Spray","floor":12.0},{"not_picked":["Bane","Dagger Throw"],"picked":"Terror","floor":13.0},{"not_picked":["Dagger Throw","Noxious Fumes"],"picked":"PiercingWail","floor":14.0},{"not_picked":["A Thousand Cuts","Storm of Steel"],"picked":"Adrenaline","floor":16.0},{"not_picked":["Dodge and Roll","Bane"],"picked":"Blade Dance","floor":18.0},{"not_picked":["Dagger Throw","Dagger Spray","Prepared"],"picked":"SKIP","floor":19.0},{"not_picked":["Concentrate","Bouncing Flask"],"picked":"Deflect+1","floor":20.0},{"not_picked":["PiercingWail+1","Cloak And Dagger"],"picked":"Backflip","floor":24.0},{"not_picked":["Outmaneuver","Crippling Poison"],"picked":"Underhanded Strike","floor":31.0},{"not_picked":["Unload","Storm of Steel"],"picked":"Phantasmal Killer","floor":33.0},{"not_picked":["Dodge and Roll","Cloak And Dagger","Heel Hook"],"picked":"SKIP","floor":35.0},{"not_picked":["Flying Knee+1","Dagger Spray","Dagger Throw"],"picked":"SKIP","floor":37.0},{"not_picked":["Cloak And Dagger","Catalyst"],"picked":"PiercingWail+1","floor":39.0},{"not_picked":["Flying Knee","Finisher"],"picked":"Tools of the Trade","floor":40.0},{"not_picked":["Backstab","PiercingWail","Deflect"],"picked":"SKIP","floor":42.0},{"not_picked":["Backstab","PiercingWail","Deflect"],"picked":"SKIP","floor":42.0},{"not_picked":["Backstab","PiercingWail","Deflect"],"picked":"SKIP","floor":42.0},{"not_picked":["Escape Plan","Endless Agony+1"],"picked":"Tactician","floor":44.0},{"not_picked":["Predator","Deflect+1","PiercingWail"],"picked":"SKIP","floor":46.0},{"not_picked":["Poisoned Stab","Blade Dance"],"picked":"Acrobatics","floor":47.0},{"not_picked":["Endless Agony+1","Cloak And Dagger+1"],"picked":"Acrobatics","floor":48},{"not_picked":["Deadly Poison","Heel Hook+1","Flechettes"],"picked":"SKIP","floor":55}],"player_experience":2041846,"relics_obtained":[{"floor":7.0,"key":"The Courier"},{"floor":9.0,"key":"Oddly Smooth Stone"},{"floor":11.0,"key":"Turnip"},{"floor":13.0,"key":"Odd Mushroom"},{"floor":26.0,"key":"Unceasing Top"},{"floor":39.0,"key":"The Specimen"},{"floor":40.0,"key":"Strawberry"},{"floor":42.0,"key":"Bag of Marbles"},{"floor":43.0,"key":"Nunchaku"},{"floor":44.0,"key":"Eternal Feather"},{"floor":48,"key":"Bottled Tornado"},{"floor":55,"key":"Ornamental Fan"}],"event_choices":[{"damage_healed":0.0,"max_hp_gain":0.0,"max_hp_loss":0.0,"gold_gain":0.0,"event_name":"Shining Light","player_choice":"Entered Light","floor":3.0,"gold_loss":0.0,"damage_taken":20.0,"cards_upgraded":["Expertise","Distraction"]},{"damage_healed":0.0,"max_hp_gain":0.0,"max_hp_loss":0.0,"gold_gain":0.0,"event_name":"Liars Game","player_choice":"Ignored","floor":5.0,"gold_loss":0.0,"damage_taken":0.0},{"damage_healed":0.0,"max_hp_gain":0.0,"max_hp_loss":0.0,"gold_gain":0.0,"event_name":"Mushrooms","player_choice":"Fought Mushrooms","floor":13.0,"gold_loss":0.0,"damage_taken":0.0},{"damage_healed":0.0,"max_hp_gain":0.0,"max_hp_loss":0.0,"gold_gain":360.0,"event_name":"Knowing Skull","player_choice":"GOLD GOLD GOLD GOLD ","floor":22.0,"potions_obtained":[],"gold_loss":0.0,"damage_taken":36.0,"cards_obtained":[]},{"damage_healed":0.0,"max_hp_gain":0.0,"max_hp_loss":0.0,"gold_gain":0.0,"event_name":"Nest","player_choice":"Joined the Cult","floor":28.0,"gold_loss":0.0,"damage_taken":6.0,"cards_obtained":["RitualDagger"]},{"damage_healed":0.0,"max_hp_gain":0.0,"max_hp_loss":0.0,"gold_gain":0.0,"event_name":"Winding Halls","player_choice":"Embrace Madness","floor":36.0,"gold_loss":0.0,"damage_taken":12.0,"cards_obtained":["Madness","Madness"]},{"damage_healed":0.0,"max_hp_gain":0.0,"max_hp_loss":0.0,"gold_gain":0.0,"event_name":"MindBloom","player_choice":"Fight","floor":39.0,"gold_loss":0.0,"damage_taken":0.0},{"cards_removed":["Underhanded Strike"],"damage_healed":0.0,"max_hp_gain":0.0,"max_hp_loss":0.0,"gold_gain":0.0,"event_name":"Falling","player_choice":"Removed Attack","floor":41.0,"gold_loss":0.0,"damage_taken":0.0},{"damage_healed":0.0,"max_hp_gain":0.0,"max_hp_loss":0.0,"gold_gain":0.0,"event_name":"Tomb of Lord Red Mask","player_choice":"Ignored","floor":45.0,"gold_loss":0.0,"damage_taken":0.0}],"is_beta":false,"boss_relics":[{"not_picked":["Tiny House","Fusion Hammer"],"picked":"Coffee Dripper"},{"not_picked":["Empty Cage","Black Star"],"picked":"HoveringKite"}],"items_purged_floors":[54],"is_endless":false,"potions_floor_spawned":[1,4,7,18,20,31,39,40,42,48,55],"ascension_level":20}}