{"host":"bf9sa99gaumonoeu","time":1609770275,"event":{"mods":["AchievementEnabler","Act Like it!","BaseMod","Better Sensory Stone","Colored Map","Colored Powertips","Downfall","Duelist Mod","Friendly Minions","Gensokyo","GifTheSpireLib","Hallownest","Hermit","Hubris","Jorbs\u0027s Wanderer Trilogy","KinomotoSakuraMod(????)","Koishi","Lobotomy","Marisa????????","Minty Spire (QoL Compilation)","Rare Cards Sparkle","Reimu??????","Remilia??????","Replay The Spire","Shop Mod","StSLib","The Administrix","The Animator","The Blue Laboratory","The Bug Knight","The Construct","The Cursed","The Disciple","The Hierophant","The Mystic","The Necromancer","The Poker Player","The Runesmith","The Senshi","The Servant 0.9.4","Waifu the Spire"],"gold_per_floor":[121,146,165,17,37,37,37],"floor_reached":6,"playtime":373,"items_purged":[],"score":51,"play_id":"bfd853e7-8161-4516-9a53-37ee1d4588eb","local_time":"20210104122435","is_ascension_mode":true,"campfire_choices":[],"circlet_count":0,"master_deck":["animator:Strike_Overlord","animator:Defend_Overlord","animator:Strike","animator:Strike","animator:Strike","animator:Defend","animator:Defend","animator:Defend","animator:Cocytus","animator:Demiurge","animator:Albedo","animator:DwarfShaman","animator:Mikaela","animator:Cocytus","animator:NarberalGamma"],"relics":["animator:LivingPicture","animator:TheMissingPiece","TentaclePot:ReiMu"],"acts_visited":["Exordium"],"potions_floor_usage":[5,6],"damage_taken":[{"damage":1,"enemies":"2 Louse","floor":1,"turns":3},{"damage":12,"enemies":"Jaw Worm","floor":2,"turns":4},{"damage":0,"enemies":"Cultist","floor":3,"turns":4},{"damage":10,"enemies":"3 Louse","floor":5,"turns":4},{"damage":22,"enemies":"3 Sentries","floor":6,"turns":5}],"seed_played":"2668862412283163026","potions_obtained":[{"floor":3,"key":"SkillPotion"},{"floor":5,"key":"ColorlessPotion"}],"is_trial":false,"path_per_floor":["M","M","M","$","M","E"],"character_chosen":"THE_ANIMATOR","items_purchased":["TentaclePot:ReiMu"],"campfire_rested":0,"item_purchase_floors":[4],"current_hp_per_floor":[43,31,31,31,22,0,0],"gold":37,"neow_bonus":"THREE_RARE_CARDS","is_daily":false,"chose_seed":false,"campfire_upgraded":0,"win_rate":0.0,"timestamp":1609770275,"path_taken":["M","M","M","$","M","E"],"items_purchased_type":["Relic"],"build_version":"2020-12-22","purchased_purges":0,"victory":false,"max_hp_per_floor":[66,66,66,66,67,67,67],"card_choices":[{"not_picked":["animator:Boros","animator:AcuraShin"],"picked":"animator:Albedo","floor":0},{"not_picked":["animator:Gillette","animator:HighElfArcher"],"picked":"animator:DwarfShaman","floor":1},{"not_picked":["animator:Viivi","animator:Genos"],"picked":"animator:Mikaela","floor":2},{"not_picked":["animator:DwarfShaman","animator:Viivi"],"picked":"animator:Cocytus","floor":3},{"not_picked":["animator:Demiurge","animator:Sebas"],"picked":"animator:NarberalGamma","floor":5}],"player_experience":738154,"relics_obtained":[],"event_choices":[],"is_beta":false,"boss_relics":[],"items_purged_floors":[],"is_endless":false,"potions_floor_spawned":[3,5],"killed_by":"3 Sentries","ascension_level":7}}