{"host":"0fmi5fguj5lvt8pf","time":1609720663,"event":{"mods":["BaseMod","Colored Map","Curses Come First","Downfall","Minty Spire (QoL Compilation)","Permanent Neow","StSLib","Waifu the Spire"],"gold_per_floor":[99,99,99,99,99,131,155,155,168,185,201,301,301,301,314,419,419,419,329,340,340,355,355,355,388,401,401,401,401],"floor_reached":27,"playtime":1343,"items_purged":["champ:Strike"],"score":254,"play_id":"cf52472b-080f-41f8-8d28-b4f7c8acac36","local_time":"20210103163743","is_ascension_mode":false,"campfire_choices":[{"data":"champ:Taunt","floor":1,"key":"SMITH"},{"data":"champ:FocusedBerserking","floor":8,"key":"SMITH"},{"data":"champ:EnchantSword","floor":13,"key":"SMITH"},{"floor":18,"key":"RECALL"}],"circlet_count":0,"master_deck":["champ:Strike","champ:Strike","champ:Strike","champ:Defend","champ:Defend","champ:Defend","champ:Execute","champ:Taunt+1","champ:Encircle","champ:FocusedBerserking+1","champ:EnchantSword+1","champ:FightOn","champ:AdrenalArmor","champ:Backstep+1","champ:FightOn","CurseOfTheBell","champ:GutPunch"],"relics":["champ:ChampionCrown","downfall:HeartsMalice","Torii","Guardian:PocketSentry","WristBlade","Calling Bell","Strawberry","Kunai","Turnip","PreservedInsect","Ancient Tea Set"],"acts_visited":["Exordium","TheCity"],"potions_floor_usage":[15,16,16,25,26,27],"damage_taken":[{"damage":0,"enemies":"Small Slimes","floor":3,"turns":1},{"damage":0,"enemies":"2 Louse","floor":4,"turns":1},{"damage":0,"enemies":"3 Sentries","floor":6,"turns":1},{"damage":5,"enemies":"Cultist","floor":9,"turns":3},{"damage":2,"enemies":"Exordium Wildlife","floor":10,"turns":2},{"damage":14,"enemies":"3 Louse","floor":11,"turns":3},{"damage":61,"enemies":"3 Louse","floor":12,"turns":6},{"damage":16,"enemies":"Gremlin Gang","floor":15,"turns":5},{"damage":51,"enemies":"downfall:Watcher","floor":16,"turns":9},{"damage":11,"enemies":"downfall:FleeingMerchant","floor":19,"turns":4},{"damage":44,"enemies":"Spheric Guardian","floor":20,"turns":6},{"damage":34,"enemies":"Snake Plant","floor":22,"turns":8},{"damage":34,"enemies":"Slavers","floor":25,"turns":5},{"damage":25,"enemies":"3 Cultists","floor":26,"turns":6},{"damage":44,"enemies":"Gremlin Leader","floor":27,"turns":5}],"seed_played":"-8484507541846048719","potions_obtained":[{"floor":6,"key":"Regen Potion"},{"floor":10,"key":"Ancient Potion"},{"floor":11,"key":"champ:CounterPotion"},{"floor":15,"key":"BlessingOfTheForge"},{"floor":16,"key":"SpeedPotion"},{"floor":20,"key":"SteroidPotion"},{"floor":23,"key":"CultistPotion"}],"is_trial":false,"path_per_floor":["R","?","M","M","?","E","T","R","M","M","M","?","R","?","M","B",null,"R","$","M","?","M","?","T","E","M","E"],"character_chosen":"THE_CHAMP","items_purchased":[],"campfire_rested":0,"item_purchase_floors":[],"current_hp_per_floor":[90,90,90,90,90,90,90,90,90,90,89,44,44,44,37,29,97,97,97,77,58,45,45,45,28,25,0,0,0],"gold":401,"neow_bonus":"THREE_ENEMY_KILL","is_daily":false,"chose_seed":false,"campfire_upgraded":3,"win_rate":0.0,"timestamp":1609720663,"path_taken":["R","?","M","M","?","E","T","R","M","?","M","?","R","?","M","BOSS","R","$","?","?","M","?","T","E","M","E"],"items_purchased_type":[],"build_version":"2020-12-22","purchased_purges":1,"victory":false,"max_hp_per_floor":[90,90,90,90,90,90,90,90,90,90,90,90,90,90,90,90,97,97,97,97,102,102,102,102,102,102,102,102,102],"card_choices":[{"not_picked":["champ:StanceDance","champ:AdrenalArmor"],"picked":"champ:Encircle","floor":3},{"not_picked":["champ:FlashCut","champ:FocusedDefense"],"picked":"champ:FocusedBerserking","floor":4},{"not_picked":["champ:HeavySlash","champ:Balance"],"picked":"champ:EnchantSword","floor":6},{"not_picked":["champ:FocusedGladiator","champ:FlashCut"],"picked":"champ:FightOn","floor":9},{"not_picked":["champ:BerserkersShout","champ:FalseCounter"],"picked":"champ:AdrenalArmor","floor":10},{"not_picked":["champ:RapidStrikes","champ:PreciseThrust"],"picked":"champ:Backstep","floor":11},{"not_picked":["champ:CrookedStrike","champ:SkillfulDodge"],"picked":"champ:FightOn","floor":12},{"not_picked":["champ:BerserkersShout","champ:Balance","champ:FlashCut"],"picked":"SKIP","floor":15},{"not_picked":["champ:BerserkersShout+1","champ:GladiatorStyle","champ:SkillfulDodge"],"picked":"SKIP","floor":19},{"not_picked":["champ:GladiatorStyle","champ:Lariat","champ:BerserkersShout"],"picked":"SKIP","floor":20},{"not_picked":["champ:DancingMaster","champ:GladiatorsShout","champ:BladeFlurry"],"picked":"SKIP","floor":22},{"not_picked":["champ:GladiatorsShout","champ:FaceSlap","champ:ViciousMockery"],"picked":"SKIP","floor":25},{"not_picked":["champ:FlashCut","champ:Haymaker+1"],"picked":"champ:GutPunch","floor":26}],"player_experience":1277883,"relics_obtained":[{"floor":6,"key":"Torii"},{"floor":7,"key":"Guardian:PocketSentry"},{"floor":12,"key":"WristBlade"},{"floor":17,"key":"Strawberry"},{"floor":17,"key":"Kunai"},{"floor":17,"key":"Turnip"},{"floor":24,"key":"PreservedInsect"},{"floor":25,"key":"Ancient Tea Set"}],"event_choices":[{"cards_removed":["champ:Defend"],"damage_healed":0,"gold_gain":0,"player_choice":"Card Removal","damage_taken":0,"max_hp_gain":0,"max_hp_loss":0,"event_name":"The Cleric","floor":2,"gold_loss":0},{"damage_healed":0,"gold_gain":0,"player_choice":"Ignored","damage_taken":0,"max_hp_gain":0,"max_hp_loss":0,"event_name":"NoteForYourself","floor":5,"gold_loss":0},{"damage_healed":0,"gold_gain":0,"player_choice":"Upgraded","damage_taken":0,"max_hp_gain":0,"max_hp_loss":0,"event_name":"Upgrade Shrine","floor":14,"gold_loss":0,"cards_upgraded":["champ:Backstep"]}],"is_beta":false,"boss_relics":[{"not_picked":["Astrolabe","Coffee Dripper"],"picked":"Calling Bell"}],"items_purged_floors":[19],"is_endless":false,"potions_floor_spawned":[6,10,11,15,16,20],"killed_by":"Gremlin Leader","ascension_level":0}}