{"host":"kev6uqotw4tlyx8l","time":1609770505,"event":{"mods":["Act Like it!","Aspiration","BaseMod","Colored Powertips","Dota2Spire","Downfall","Hallownest","Infinite Spire","Marisa????????","Minty Spire (QoL Compilation)","Quick Restart","Remilia??????","Replay The Spire","StSLib","The Cursed","The Jungle","The Marked","The Mystic","The Servant 0.9.4"],"gold_per_floor":[109,4,74,86,86,86,113,113,113,113,132,143,153,153,153,258,258,268,268,280,230,230,230],"floor_reached":22,"playtime":1169,"items_purged":[],"score":184,"play_id":"e5785108-7ef6-45c6-a04e-d4cb84b470de","local_time":"20210104212825","is_ascension_mode":false,"campfire_choices":[{"data":"TheCursedMod:Grudge","floor":6.0,"key":"SMITH"},{"floor":10.0,"key":"REST"},{"floor":15.0,"key":"REST"}],"circlet_count":0,"master_deck":["TheCursedMod:Strike_TheCursed","TheCursedMod:Strike_TheCursed","TheCursedMod:Strike_TheCursed","TheCursedMod:Strike_TheCursed","TheCursedMod:Defend_TheCursed","TheCursedMod:Defend_TheCursed","TheCursedMod:Defend_TheCursed","TheCursedMod:CursedWand","TheCursedMod:CleanUpWorkshop","TheCursedMod:Dregs","TheCursedMod:WearCloak","TheCursedMod:ReleasedKnowledge","TheCursedMod:Grudge+1","TheCursedMod:CursedMace","TheCursedMod:CursedBlade","TheCursedMod:HellsGateOpen","TheCursedMod:SurpriseAttack","TheCursedMod:Grudge","TheCursedMod:SpitefulStrike","TheCursedMod:AntiAging","TheCursedMod:CursedBlade","TheCursedMod:Evocation","Replay:SS_forest_6","TheCursedMod:FleshFromBone"],"relics":["TheCursedMod:BlackMagic101","Dota2Spire:ArcaneBoots","NlothsMask","Replay:Fungal Core"],"acts_visited":["Exordium","Exordium"],"potions_floor_usage":[22],"damage_taken":[{"damage":5.0,"enemies":"Jaw Worm","floor":1.0,"turns":5.0},{"damage":0.0,"enemies":"Small Slimes","floor":4.0,"turns":4.0},{"damage":38.0,"enemies":"Lagavulin","floor":7.0,"turns":7.0},{"damage":1.0,"enemies":"Cultist","floor":11.0,"turns":3.0},{"damage":10.0,"enemies":"Looter","floor":12.0,"turns":4.0},{"damage":1.0,"enemies":"Exordium Thugs","floor":13.0,"turns":5.0},{"damage":17.0,"enemies":"Fading Forest","floor":16.0,"turns":11.0},{"damage":18.0,"enemies":"theJungle:5_Spyders","floor":18.0,"turns":6.0},{"damage":48,"enemies":"theJungle:MUSHROOMGANG","floor":20,"turns":6},{"damage":21,"enemies":"theJungle:Lyon","floor":22,"turns":2}],"seed_played":"-7523985507549436171","potions_obtained":[{"floor":11.0,"key":"LiquidMemories"},{"floor":12.0,"key":"PowerPotion"},{"floor":16.0,"key":"PowerPotion"},{"floor":20,"key":"Adrenaline Potion"}],"is_trial":false,"path_per_floor":["M","$","?","M","?","R","E","?","T","R","M","M","M","?","R","B",null,"M","?","M","?","M"],"character_chosen":"THE_CURSED","items_purchased":["TheCursedMod:Grudge","TheCursedMod:CursedMace"],"campfire_rested":2,"item_purchase_floors":[2,2],"current_hp_per_floor":[70,70,70,70,70,70,32,32,32,54,53,43,42,42,64,57,75,59,59,19,19,0,0],"gold":230,"neow_bonus":"THREE_CARDS","is_daily":false,"chose_seed":false,"campfire_upgraded":1,"win_rate":0.0,"timestamp":1609770505,"path_taken":["M","$","?","M","?","R","E","?","T","R","M","?","M","?","R","BOSS","M","?","?","?","M"],"items_purchased_type":["Card","Card"],"build_version":"2020-12-22","purchased_purges":0,"victory":false,"max_hp_per_floor":[75,75,75,75,75,75,75,75,75,75,75,75,75,75,75,75,75,77,77,77,77,77,77],"card_choices":[{"not_picked":["TheCursedMod:SpreadPlague","TheCursedMod:Torture"],"picked":"TheCursedMod:WearCloak","floor":0.0},{"not_picked":["TheCursedMod:RavingStaff","TheCursedMod:Stretching"],"picked":"TheCursedMod:ReleasedKnowledge","floor":1.0},{"not_picked":["TheCursedMod:EmpowerCircles","TheCursedMod:SpitefulPray"],"picked":"TheCursedMod:CursedBlade","floor":4.0},{"not_picked":["TheCursedMod:CircleOfBlood","TheCursedMod:Stigma"],"picked":"TheCursedMod:HellsGateOpen","floor":7.0},{"not_picked":["TheCursedMod:FleshFromBone","TheCursedMod:TacticalStrike"],"picked":"TheCursedMod:SurpriseAttack","floor":11.0},{"not_picked":["TheCursedMod:CursedSpellbook","TheCursedMod:Torture"],"picked":"TheCursedMod:Grudge","floor":12.0},{"not_picked":["TheCursedMod:Hemoplague","TheCursedMod:Neurasthenia"],"picked":"TheCursedMod:SpitefulStrike","floor":13.0},{"not_picked":["TheCursedMod:ParallelWorld","TheCursedMod:ShockAndAwe"],"picked":"TheCursedMod:AntiAging","floor":16.0},{"not_picked":["TheCursedMod:DoubleShield","TheCursedMod:AshesToAshes+1"],"picked":"TheCursedMod:CursedBlade","floor":18.0},{"not_picked":["TheCursedMod:WearCloak","TheCursedMod:Stretching"],"picked":"TheCursedMod:FleshFromBone","floor":20}],"player_experience":92825,"relics_obtained":[{"floor":7.0,"key":"Dota2Spire:ArcaneBoots"}],"event_choices":[{"damage_healed":0.0,"max_hp_gain":0.0,"max_hp_loss":0.0,"gold_gain":70.0,"event_name":"Golden Wing","player_choice":"Gained Gold","floor":3.0,"gold_loss":0.0,"damage_taken":0.0},{"damage_healed":0.0,"max_hp_gain":0.0,"max_hp_loss":0.0,"gold_gain":0.0,"event_name":"FaceTrader","player_choice":"Trade","floor":8.0,"gold_loss":0.0,"damage_taken":0.0,"relics_obtained":["NlothsMask"]},{"cards_removed":["TheCursedMod:Defend_TheCursed"],"damage_healed":0.0,"max_hp_gain":0.0,"max_hp_loss":0.0,"gold_gain":0.0,"event_name":"Purifier","player_choice":"Purged","floor":14.0,"gold_loss":0.0,"damage_taken":0.0},{"damage_healed":0.0,"max_hp_gain":0.0,"max_hp_loss":0.0,"gold_gain":0.0,"event_name":"Match and Keep!","player_choice":"2 cards matched","floor":19.0,"gold_loss":0.0,"damage_taken":0.0,"cards_obtained":["TheCursedMod:Evocation","Replay:SS_forest_6"]}],"is_beta":false,"boss_relics":[{"not_picked":["Kintsugi","Runic Pyramid"],"picked":"Replay:Fungal Core"}],"items_purged_floors":[],"is_endless":false,"potions_floor_spawned":[11,12,16,20],"killed_by":"theJungle:Lyon","ascension_level":0}}