{"host":"ta9mufxydm4vkknf","time":1609798324,"event":{"mods":["AchievementEnabler","BaseMod","Minty Spire (QoL Compilation)","Quick Restart"],"gold_per_floor":[118,68,78,94,104,104,138,149,149,162,197,197,228,228,228,331,331,347,347,347,362,362,362],"floor_reached":22,"playtime":883,"items_purged":[],"score":227,"play_id":"118c1fc2-c9cd-48ae-83da-b172757ac8ab","local_time":"20210104231204","is_ascension_mode":true,"campfire_choices":[{"data":"Burning Pact","floor":6,"key":"SMITH"},{"floor":12,"key":"REST"},{"floor":15,"key":"REST"}],"circlet_count":0,"master_deck":["Strike_R+1","Strike_R+1","Strike_R+1","Strike_R+1","Defend_R+1","Defend_R+1","Defend_R+1","Defend_R+1","Bash","Thunderclap+1","Burning Pact+1","Dropkick","Shrug It Off","Clash","Power Through+1","Wild Strike","Cleave","Battle Trance","Double Tap","Sword Boomerang","RitualDagger","Inflame"],"relics":["Burning Blood","NeowsBlessing","Centennial Puzzle","Boot","Orichalcum","Kunai","Runic Cube"],"acts_visited":["Exordium","TheCity"],"potions_floor_usage":[11],"damage_taken":[{"damage":0,"enemies":"Jaw Worm","floor":1,"turns":1},{"damage":0,"enemies":"Small Slimes","floor":3,"turns":1},{"damage":0,"enemies":"2 Louse","floor":4,"turns":1},{"damage":12,"enemies":"Large Slime","floor":5,"turns":5},{"damage":51,"enemies":"Lagavulin","floor":7,"turns":10},{"damage":10,"enemies":"2 Fungi Beasts","floor":8,"turns":3},{"damage":4,"enemies":"Red Slaver","floor":10,"turns":5},{"damage":19,"enemies":"Gremlin Nob","floor":11,"turns":5},{"damage":26,"enemies":"Lagavulin","floor":13,"turns":8},{"damage":21,"enemies":"Slime Boss","floor":16,"turns":10},{"damage":61,"enemies":"Shell Parasite","floor":18,"turns":9},{"damage":16,"enemies":"2 Thieves","floor":21,"turns":4},{"damage":12,"enemies":"Masked Bandits","floor":22,"turns":2}],"seed_played":"-2876931279641588669","potions_obtained":[{"floor":7,"key":"Swift Potion"},{"floor":8,"key":"Weak Potion"},{"floor":10,"key":"Energy Potion"},{"floor":13,"key":"BloodPotion"}],"is_trial":false,"path_per_floor":["M","?","M","M","M","R","E","M","T","M","E","R","E","?","R","B",null,"M","?","?","M","?"],"character_chosen":"IRONCLAD","items_purchased":[],"campfire_rested":2,"item_purchase_floors":[],"current_hp_per_floor":[80,80,80,80,74,74,29,25,25,27,14,38,18,2,26,11,80,25,19,19,9,0,0],"gold":362,"neow_bonus":"THREE_ENEMY_KILL","is_daily":false,"chose_seed":false,"campfire_upgraded":1,"win_rate":0.0,"timestamp":1609798324,"path_taken":["M","?","M","M","M","R","E","M","T","M","E","R","E","?","R","BOSS","M","?","?","M","?"],"items_purchased_type":[],"build_version":"2020-12-22","purchased_purges":0,"victory":false,"max_hp_per_floor":[80,80,80,80,80,80,80,80,80,80,80,80,80,80,80,80,80,80,80,80,80,80,80],"card_choices":[{"not_picked":["Armaments","Shockwave"],"picked":"Thunderclap","floor":1},{"not_picked":["Infernal Blade","Perfected Strike"],"picked":"Burning Pact","floor":3},{"not_picked":["Second Wind","Armaments"],"picked":"Dropkick","floor":4},{"not_picked":["Clothesline","Sword Boomerang"],"picked":"Shrug It Off","floor":5},{"not_picked":["Rage","Shrug It Off"],"picked":"Clash","floor":7},{"not_picked":["Iron Wave","Perfected Strike"],"picked":"Power Through","floor":8},{"not_picked":["True Grit","Clothesline"],"picked":"Wild Strike","floor":10},{"not_picked":["Shockwave","Brutality"],"picked":"Cleave","floor":11},{"not_picked":["Havoc","Shrug It Off"],"picked":"Battle Trance","floor":13},{"not_picked":["Offering","Demon Form"],"picked":"Double Tap","floor":16},{"not_picked":["Wild Strike","Heavy Blade"],"picked":"Sword Boomerang","floor":18},{"not_picked":["Carnage","Anger"],"picked":"Inflame","floor":21}],"player_experience":212091,"relics_obtained":[{"floor":7,"key":"Centennial Puzzle"},{"floor":9,"key":"Boot"},{"floor":11,"key":"Orichalcum"},{"floor":13,"key":"Kunai"}],"event_choices":[{"cards_removed":["Strike_R"],"damage_healed":0,"gold_gain":0,"player_choice":"Card Removal","damage_taken":0,"max_hp_gain":0,"max_hp_loss":0,"event_name":"The Cleric","floor":2,"gold_loss":50},{"damage_healed":0,"gold_gain":0,"player_choice":"Entered Light","damage_taken":16,"max_hp_gain":0,"max_hp_loss":0,"event_name":"Shining Light","floor":14,"gold_loss":0,"cards_upgraded":["Thunderclap","Power Through"]},{"damage_healed":0,"gold_gain":0,"player_choice":"Joined the Cult","damage_taken":6,"max_hp_gain":0,"max_hp_loss":0,"event_name":"Nest","floor":19,"gold_loss":0,"cards_obtained":["RitualDagger"]},{"damage_healed":0,"gold_gain":0,"player_choice":"Simplicity","damage_taken":0,"max_hp_gain":0,"max_hp_loss":0,"event_name":"Back to Basics","floor":20,"gold_loss":0,"cards_upgraded":["Strike_R","Strike_R","Strike_R","Strike_R","Defend_R","Defend_R","Defend_R","Defend_R"]},{"damage_healed":0,"gold_gain":0,"player_choice":"Fought Bandits","damage_taken":0,"max_hp_gain":0,"max_hp_loss":0,"event_name":"Masked Bandits","floor":22,"gold_loss":0}],"is_beta":false,"boss_relics":[{"not_picked":["Sozu","Fusion Hammer"],"picked":"Runic Cube"}],"items_purged_floors":[],"is_endless":false,"potions_floor_spawned":[7,8,10,13,18],"killed_by":"Masked Bandits","ascension_level":2}}