{"host":"7xbu8gt067z192g2","time":1609803259,"event":{"mods":["BaseMod","Better Note","Colored Map","Colored Powertips","Googly Eyes","Highlight Path","Minty Spire (QoL Compilation)","Rare Cards Sparkle","Replay The Spire","StSLib","The Bladedancer","The Cursed","The Hierophant","The Valiant","The Wild Card"],"gold_per_floor":[119,44,61,15,15,15,15,15,44,44,44,71,71,87,87,87,87,87,87],"floor_reached":18,"playtime":1061,"items_purged":["Strike_R"],"score":133,"play_id":"34ac217b-9bc1-474b-ae9c-cae1fe67e849","local_time":"20210104183419","is_ascension_mode":true,"campfire_choices":[{"data":"Bash","floor":6,"key":"SMITH"},{"floor":10,"key":"REST"},{"data":"Life Link","floor":17,"key":"SMITH"}],"circlet_count":0,"master_deck":["Strike_R","Strike_R","Strike_R","Strike_R+1","Defend_R","Defend_R","Defend_R","Defend_R","Bash+1","ReplayTheSpireMod:Strike From Hell+1","Cleave","Dark Embrace","Life Link+1","Flex","Pain"],"relics":["Black Star","Centennial Puzzle","ReplayTheSpireMod:Shallot","Darkstone Periapt","Potion Belt","WarpedTongs"],"acts_visited":["Exordium"],"potions_floor_usage":[14],"damage_taken":[{"damage":8,"enemies":"2 Louse","floor":1,"turns":4},{"damage":22,"enemies":"Small Slimes","floor":3,"turns":5},{"damage":26,"enemies":"Replay:BlueRogue","floor":9,"turns":8},{"damage":21,"enemies":"Gremlin Nob","floor":12,"turns":4},{"damage":4,"enemies":"Cultist","floor":14,"turns":3},{"damage":39,"enemies":"The Guardian","floor":18,"turns":7}],"seed_played":"-2409066269154385534","potions_obtained":[{"floor":12,"key":"SteroidPotion"}],"is_trial":false,"path_per_floor":["M","$","M","$","?","R","PTL","PTL","E","R","T","E","?","M","?","?","R","B"],"character_chosen":"IRONCLAD","items_purchased":["Cleave"],"campfire_rested":1,"item_purchase_floors":[4],"current_hp_per_floor":[72,72,50,50,34,34,34,34,8,32,32,11,11,7,33,39,39,0,0],"gold":87,"neow_bonus":"BOSS_RELIC","is_daily":false,"chose_seed":false,"campfire_upgraded":2,"win_rate":0.0,"timestamp":1609803259,"path_taken":["M","$","M","$","?","R","PTL","PTL","E","R","T","E","?","M","?","?","R","BOSS"],"items_purchased_type":["Card"],"build_version":"2020-12-22","purchased_purges":1,"victory":false,"max_hp_per_floor":[80,80,80,80,80,80,80,80,80,80,80,80,80,80,80,86,86,86,86],"card_choices":[{"not_picked":["Perfected Strike","Dropkick"],"picked":"ReplayTheSpireMod:Strike From Hell","floor":1},{"not_picked":["Body Slam","Rupture","Heavy Blade"],"picked":"SKIP","floor":3},{"not_picked":["Body Slam","Heavy Blade"],"picked":"Dark Embrace","floor":9},{"not_picked":["Cleave","Metallicize"],"picked":"Life Link","floor":12},{"not_picked":["Wild Strike","Burning Pact"],"picked":"Flex","floor":14}],"player_experience":132333,"relics_obtained":[{"floor":9,"key":"Centennial Puzzle"},{"floor":9,"key":"ReplayTheSpireMod:Shallot"},{"floor":12,"key":"Darkstone Periapt"},{"floor":12,"key":"Potion Belt"}],"event_choices":[{"damage_healed":0,"gold_gain":0,"player_choice":"Entered Light","damage_taken":16,"max_hp_gain":0,"max_hp_loss":0,"event_name":"Shining Light","floor":5,"gold_loss":0,"cards_upgraded":["Strike_R","ReplayTheSpireMod:Strike From Hell"]},{"damage_healed":0,"gold_gain":0,"player_choice":"Ignored","damage_taken":0,"max_hp_gain":0,"max_hp_loss":0,"event_name":"Golden Idol","floor":13,"gold_loss":0},{"damage_healed":26,"gold_gain":0,"player_choice":"Banana","damage_taken":0,"max_hp_gain":0,"max_hp_loss":0,"event_name":"Big Fish","floor":15,"gold_loss":0},{"damage_healed":0,"gold_gain":0,"player_choice":"Rummage","damage_taken":0,"relics_obtained":["WarpedTongs"],"max_hp_gain":0,"max_hp_loss":0,"event_name":"Accursed Blacksmith","floor":16,"gold_loss":0,"cards_obtained":["Pain"]}],"is_beta":false,"boss_relics":[],"items_purged_floors":[2],"is_endless":false,"potions_floor_spawned":[12],"killed_by":"The Guardian","ascension_level":3}}