{"host":"iyvjjqtjrywxqc57","time":1609765289,"event":{"mods":["AchievementEnabler","BaseMod","Bestiary","Better Altar","Better Match","Better Note","Better Sensory Stone","Better Skull","Better Third Choice","Colored Map","Colored Powertips","Displayed Cursed Tome","Downfall","Jorbs\u0027s Wanderer Trilogy","Minty Spire (QoL Compilation)","Quick Restart","Rare Cards Sparkle","Relic Stats","StSLib"],"gold_per_floor":[118,118,118,139,157,157,191,191,264,280,22,22,22,63,63,188,188,214,226,258,270,282,294,349,201,201,151,151,165,186,229,229,360,360,375,185,198,198,12,12,12,37,112,137,137,155,170,194,194,194],"floor_reached":51,"playtime":4321,"items_purged":["Strike_G","Strike_G","Strike_G"],"score":795,"play_id":"8dd94d52-cdc1-49a8-8d9f-5b87f9eb581e","local_time":"20210104070129","is_ascension_mode":false,"campfire_choices":[{"data":"Poisoned Stab","floor":6,"key":"SMITH"},{"data":"Adrenaline","floor":8,"key":"SMITH"},{"data":"Crippling Poison","floor":12,"key":"SMITH"},{"data":"Dagger Spray","floor":15,"key":"SMITH"},{"data":"Corpse Explosion","floor":23,"key":"SMITH"},{"data":"Noxious Fumes","floor":32,"key":"SMITH"},{"data":"Catalyst","floor":45,"key":"SMITH"},{"data":"Panache","floor":49,"key":"SMITH"}],"circlet_count":0,"master_deck":["Strike_G","Strike_G","Defend_G","Defend_G+1","Defend_G","Defend_G","Defend_G","Survivor","Neutralize","Poisoned Stab+1","Poisoned Stab","Calculated Gamble+1","Adrenaline+1","PiercingWail+1","Crippling Poison+1","Dagger Spray+1","Corpse Explosion+1","CurseOfTheBell","Slice","Poisoned Stab","A Thousand Cuts","Backflip","Phantasmal Killer","Noxious Fumes+1","Tools of the Trade","Poisoned Stab+1","Jack Of All Trades","Backstab","Crippling Poison","Panache+1","Discovery","Catalyst+1","Backflip+1","Parasite","Bouncing Flask+1"],"relics":["Runic Pyramid","Golden Idol","Anchor","Regal Pillow","Paper Crane","Membership Card","War Paint","Tiny Chest","Calling Bell","MawBank","Eternal Feather","TungstenRod","Mercury Hourglass","Matryoshka","PreservedInsect","Mango","Meat on the Bone","Ornamental Fan","Lantern","Sozu","Lee\u0027s Waffle","Pantograph","Pear","Toxic Egg 2"],"acts_visited":["Exordium","TheCity","TheBeyond"],"potions_floor_usage":[7,24,30,33,33],"damage_taken":[{"damage":0,"enemies":"Small Slimes","floor":1,"turns":3},{"damage":0,"enemies":"Jaw Worm","floor":4,"turns":3},{"damage":0,"enemies":"2 Louse","floor":5,"turns":2},{"damage":5,"enemies":"3 Sentries","floor":7,"turns":7},{"damage":0,"enemies":"Exordium Wildlife","floor":10,"turns":3},{"damage":0,"enemies":"Lagavulin","floor":14,"turns":5},{"damage":12,"enemies":"Hexaghost","floor":16,"turns":10},{"damage":1,"enemies":"2 Thieves","floor":18,"turns":3},{"damage":2,"enemies":"3 Byrds","floor":20,"turns":4},{"damage":12,"enemies":"Book of Stabbing","floor":24,"turns":5},{"damage":0,"enemies":"Cultist and Chosen","floor":29,"turns":3},{"damage":2,"enemies":"Centurion and Healer","floor":30,"turns":5},{"damage":7,"enemies":"Gremlin Leader","floor":31,"turns":4},{"damage":63,"enemies":"Collector","floor":33,"turns":8},{"damage":1,"enemies":"Orb Walker","floor":35,"turns":4},{"damage":8,"enemies":"3 Darklings","floor":37,"turns":3},{"damage":0,"enemies":"4 Shapes","floor":42,"turns":3},{"damage":14,"enemies":"Sphere and 2 Shapes","floor":44,"turns":4},{"damage":22,"enemies":"Writhing Mass","floor":46,"turns":5},{"damage":8,"enemies":"3 Darklings","floor":47,"turns":3},{"damage":4,"enemies":"Sphere and 2 Shapes","floor":48,"turns":2},{"damage":53,"enemies":"Donu and Deca","floor":50,"turns":6}],"seed_played":"-6012444560422120522","potions_obtained":[{"floor":1,"key":"Explosive Potion"},{"floor":5,"key":"SteroidPotion"},{"floor":10,"key":"champ:CounterPotion"},{"floor":18,"key":"Explosive Potion"},{"floor":24,"key":"Guardian:BlockOnCardUsePotion"}],"is_trial":false,"path_per_floor":["M","?","?","M","M","R","E","R","T","M","$","R","?","E","R","B",null,"M","?","M","?","$","R","E","$","T","$","T","M","M","E","R","B",null,"M","$","M","?","$","?","T","M","T","M","R","M","M","M","R","B",null],"character_chosen":"THE_SILENT","items_purchased":["Membership Card","Crippling Poison","War Paint","Matryoshka","Lee\u0027s Waffle","Jack Of All Trades","Pantograph","Backstab","Crippling Poison"],"campfire_rested":0,"item_purchase_floors":[11,11,11,25,36,36,39,39,39],"current_hp_per_floor":[70,53,50,50,50,50,45,45,45,45,45,45,50,50,50,38,75,74,74,72,72,72,75,63,63,77,77,77,77,75,68,83,32,89,88,96,88,88,88,88,98,98,98,84,102,80,72,68,89,65],"gold":194,"neow_bonus":"BOSS_RELIC","is_daily":false,"chose_seed":false,"campfire_upgraded":8,"win_rate":0.0,"timestamp":1609765289,"path_taken":["M","?","?","M","M","R","E","R","T","M","$","R","?","E","R","BOSS","M","?","M","?","$","R","E","$","T","?","?","M","M","E","R","BOSS","M","$","M","?","?","?","?","M","T","M","R","M","?","M","R","BOSS"],"items_purchased_type":["Relic","Card","Relic","Relic","Relic","Card","Relic","Card","Card"],"build_version":"2020-12-22","purchased_purges":3,"victory":true,"max_hp_per_floor":[70,70,70,70,70,70,70,70,70,70,70,70,75,75,75,75,75,75,75,75,75,75,75,75,75,89,89,89,89,89,89,89,89,89,89,96,96,96,96,96,106,106,106,106,106,106,106,106,106,106],"relic_stats":{"Regal Pillow":0,"Lee\u0027s Waffle":8,"counters":[22,95],"Golden Idol":161,"Eternal Feather":57,"PreservedInsect":45,"War Paint":["Defend_G","Calculated Gamble"],"MawBank":96,"Mercury Hourglass":[238],"Sozu":3,"Ornamental Fan":[56],"Pantograph":17,"Tiny Chest":2,"obtain_stats":[{"Regal Pillow":7,"Lantern":31,"Mango":26,"Sozu":34,"Matryoshka":25,"Pantograph":39,"Tiny Chest":14,"Toxic Egg 2":43,"Ring of the Snake":0,"Runic Pyramid":0,"Lee\u0027s Waffle":36,"Pear":41,"Golden Idol":2,"Eternal Feather":17,"PreservedInsect":26,"Paper Crane":9,"War Paint":11,"MawBank":17,"Mercury Hourglass":24,"Calling Bell":17,"Anchor":3,"Ornamental Fan":28,"Membership Card":11,"TungstenRod":17,"Meat on the Bone":28},{"Regal Pillow":4,"Lantern":13,"Mango":10,"Sozu":14,"Matryoshka":10,"Pantograph":16,"Tiny Chest":6,"Toxic Egg 2":17,"Ring of the Snake":0,"Runic Pyramid":0,"Lee\u0027s Waffle":15,"Pear":16,"Golden Idol":1,"Eternal Feather":7,"PreservedInsect":10,"Paper Crane":4,"War Paint":5,"MawBank":7,"Mercury Hourglass":10,"Calling Bell":7,"Anchor":1,"Ornamental Fan":10,"Membership Card":5,"TungstenRod":7,"Meat on the Bone":10},{"Regal Pillow":15,"Lantern":57,"Mango":45,"Sozu":65,"Matryoshka":45,"Pantograph":72,"Tiny Chest":23,"Toxic Egg 2":75,"Ring of the Snake":0,"Runic Pyramid":0,"Lee\u0027s Waffle":69,"Pear":72,"Golden Idol":3,"Eternal Feather":33,"PreservedInsect":45,"Paper Crane":15,"War Paint":18,"MawBank":33,"Mercury Hourglass":45,"Calling Bell":33,"Anchor":3,"Ornamental Fan":45,"Membership Card":18,"TungstenRod":33,"Meat on the Bone":45}],"TungstenRod":38,"Meat on the Bone":24},"card_choices":[{"not_picked":["Footwork","Flying Knee"],"picked":"Poisoned Stab","floor":1},{"not_picked":["Well Laid Plans","Dagger Throw"],"picked":"Poisoned Stab","floor":4},{"not_picked":["Eviscerate","Dagger Throw"],"picked":"Calculated Gamble","floor":5},{"not_picked":["Outmaneuver","Dodge and Roll"],"picked":"Adrenaline","floor":7},{"not_picked":["Choke","Prepared"],"picked":"PiercingWail","floor":10},{"not_picked":["Prepared","PiercingWail"],"picked":"Dagger Spray","floor":14},{"not_picked":["Doppelganger","Night Terror"],"picked":"Corpse Explosion","floor":16},{"not_picked":["Crippling Poison","Masterful Stab"],"picked":"Slice","floor":18},{"not_picked":["Dodge and Roll","Escape Plan"],"picked":"Poisoned Stab","floor":20},{"not_picked":["Prepared","Finisher"],"picked":"A Thousand Cuts","floor":24},{"not_picked":["Riddle With Holes","Sucker Punch"],"picked":"Backflip","floor":29},{"not_picked":["Outmaneuver","Dagger Spray"],"picked":"Phantasmal Killer","floor":30},{"not_picked":["Underhanded Strike","Acrobatics"],"picked":"Noxious Fumes","floor":31},{"not_picked":["Doppelganger","Burst"],"picked":"Tools of the Trade","floor":33},{"not_picked":["Slice+1","Cloak And Dagger+1"],"picked":"Poisoned Stab+1","floor":35},{"not_picked":["Accuracy","Bane","Dagger Throw"],"picked":"SKIP","floor":37},{"not_picked":["Jack Of All Trades","Bandage Up"],"picked":"Panache","floor":40},{"not_picked":["Good Instincts","expansioncontent:YouAreMine"],"picked":"Discovery","floor":40},{"not_picked":["Blur+1","Backflip"],"picked":"Catalyst","floor":42},{"not_picked":["Infinite Blades+1","Finisher+1"],"picked":"Backflip+1","floor":44},{"not_picked":["Choke+1","Bane+1","Deflect+1"],"picked":"SKIP","floor":46},{"not_picked":["Skewer","Prepared+1","Acrobatics+1"],"picked":"SKIP","floor":47},{"not_picked":["Dagger Throw+1","Slice"],"picked":"Bouncing Flask+1","floor":48}],"player_experience":73218,"relics_obtained":[{"floor":7,"key":"Regal Pillow"},{"floor":9,"key":"Paper Crane"},{"floor":14,"key":"Tiny Chest"},{"floor":17,"key":"MawBank"},{"floor":17,"key":"Eternal Feather"},{"floor":17,"key":"TungstenRod"},{"floor":24,"key":"Mercury Hourglass"},{"floor":26,"key":"PreservedInsect"},{"floor":26,"key":"Mango"},{"floor":28,"key":"Meat on the Bone"},{"floor":28,"key":"Ornamental Fan"},{"floor":31,"key":"Lantern"},{"floor":41,"key":"Pear"},{"floor":43,"key":"Toxic Egg 2"}],"event_choices":[{"damage_healed":0,"gold_gain":0,"player_choice":"Take Damage","damage_taken":17,"relics_obtained":["Golden Idol"],"max_hp_gain":0,"max_hp_loss":0,"event_name":"Golden Idol","floor":2,"gold_loss":0},{"damage_healed":0,"gold_gain":0,"player_choice":"Relic ","damage_taken":3,"max_hp_gain":0,"max_hp_loss":0,"event_name":"betterThird:BetterScrap","floor":3,"gold_loss":0,"cards_obtained":["Dropkick"]},{"damage_healed":0,"gold_gain":0,"player_choice":"Donut","damage_taken":0,"max_hp_gain":5,"max_hp_loss":0,"event_name":"Big Fish","floor":13,"gold_loss":0},{"cards_removed":["Strike_G"],"damage_healed":0,"gold_gain":0,"player_choice":"Give","damage_taken":0,"max_hp_gain":0,"max_hp_loss":0,"event_name":"betterNote:BetterNote","floor":19,"gold_loss":0,"cards_obtained":["Strike_G"]},{"damage_healed":0,"gold_gain":0,"player_choice":"Ignored","damage_taken":0,"max_hp_gain":0,"max_hp_loss":0,"event_name":"Vampires","floor":21,"gold_loss":0},{"damage_healed":0,"gold_gain":0,"player_choice":"Forge","damage_taken":0,"max_hp_gain":0,"max_hp_loss":0,"event_name":"Accursed Blacksmith","floor":38,"gold_loss":0,"cards_upgraded":["PiercingWail"]},{"damage_healed":0,"gold_gain":3,"player_choice":"1","damage_taken":0,"max_hp_gain":0,"max_hp_loss":0,"event_name":"betterStone:BetterStone","floor":40,"gold_loss":0}],"is_beta":false,"boss_relics":[{"not_picked":["Busted Crown","Philosopher\u0027s Stone"],"picked":"Calling Bell"},{"not_picked":["Fusion Hammer","HoveringKite"],"picked":"Sozu"}],"items_purged_floors":[25,27,36],"is_endless":false,"potions_floor_spawned":[1,5,10,18,24,29,35,37,47],"ascension_level":0}}