{"host":"zls4lyfcaficqj9z","time":1609725773,"event":{"mods":["BaseMod","Better Vampires","ChefMod","Dio Mod","Downfall","Evolution","Grow up Mod","GungeonMod","Magitek Elite","Melee Mod","Minty Spire (QoL Compilation)","StSLib","The Edgeheg","The Florist","The Necromancer","The Saiyan","Uncapped","Waifu the Spire"],"gold_per_floor":[82,157,174,188,188,220,235,254,280,280,311,311,336,355,355,453,453,464,250,250,263,281,312,312,312,388,441,356,385,396,162,162,259,259,269,269,286,305,0,35,55,89,89,100,114,143,34,54,54,54],"floor_reached":51,"playtime":5263,"items_purged":["theEdgeheg:Disrobe","theEdgeheg:RollAndShoot"],"score":940,"play_id":"f51ec080-63a4-4307-9d43-d6e1b4e8ffed","local_time":"20210103200253","is_ascension_mode":true,"campfire_choices":[{"data":"theEdgeheg:EmeraldGirlfriend","floor":10,"key":"SMITH"},{"data":"theEdgeheg:BlankCard","floor":12,"key":"SMITH"},{"data":"theEdgeheg:FastRevolver","floor":15,"key":"SMITH"},{"data":"theEdgeheg:DrawBlade","floor":25,"key":"SMITH"},{"data":"theEdgeheg:BlackKatana","floor":32,"key":"SMITH"},{"data":"theEdgeheg:SephirotKatana","floor":49,"key":"SMITH"}],"circlet_count":0,"master_deck":["theEdgeheg:StarterShootAttack+1","theEdgeheg:StarterShootAttack+1","theEdgeheg:StarterShootAttack+1","theEdgeheg:StarterDodgeSkill+1","theEdgeheg:StarterDodgeSkill+1","theEdgeheg:StarterDodgeSkill+1","theEdgeheg:BloodyKatana+1","theEdgeheg:ChaosControlSkill","theEdgeheg:GatherChaos","theEdgeheg:BloodyKatana","theEdgeheg:BlankCard+1","theEdgeheg:GirlWithGun","theEdgeheg:EmeraldGirlfriend+1","theEdgeheg:MachineGun","theEdgeheg:RandomChaosCard+1","theEdgeheg:FastRevolver+1","theEdgeheg:ChaosWhip","theEdgeheg:SephirotKatana+1","theEdgeheg:Glare","theEdgeheg:DrawBlade+1","theEdgeheg:BloodyKatana","theEdgeheg:BetterShoot","theEdgeheg:BloodyNodachi+1","theEdgeheg:Shotgun","theEdgeheg:BlankCard+1","theEdgeheg:BetterShoot","theEdgeheg:BlackKatana+1","theEdgeheg:Birthday","theEdgeheg:DualPistols","theEdgeheg:NothingPersonal","theEdgeheg:EmeraldGirlfriend","Madness","Madness","theEdgeheg:PlayRandomCard","theEdgeheg:BlackKatana+1","theEdgeheg:BloodyNodachi+1","theEdgeheg:RevolverOcelot","theEdgeheg:SephirotKatana+1","theEdgeheg:DieDieDie+1","theEdgeheg:Grr+1","theEdgeheg:HappyTimmy","theEdgeheg:DrawBlade","theEdgeheg:KatanaGF","theEdgeheg:MachineGun"],"relics":["theEdgeheg:UltimateLifeformRelic","theEdgeheg:GreenEmeraldRelic","EVO:Axolotl","Lantern","Ancient Tea Set","DemoMod:DecoyRelic","Velvet Choker","Nloth\u0027s Gift","War Paint","Bottled Tornado","Anchor","DemoMod:PinkGuonStone","Whetstone","Membership Card","Golden_Hairpin","Red Mask","Frozen Egg 2","DemoMod:MonsterBlood","theEdgeheg:SoulDevourerRelic","Vajra"],"acts_visited":["Exordium","TheCity","TheBeyond"],"potions_floor_usage":[6,11,23,23,23,38,38,40,42,46],"damage_taken":[{"damage":0,"enemies":"Jaw Worm","floor":1,"turns":5},{"damage":0,"enemies":"Small Slimes","floor":3,"turns":7},{"damage":0,"enemies":"Cultist","floor":4,"turns":5},{"damage":2,"enemies":"3 Sentries","floor":6,"turns":13},{"damage":8,"enemies":"Gremlin Gang","floor":7,"turns":9},{"damage":2,"enemies":"3 Louse","floor":8,"turns":6},{"damage":3,"enemies":"Lagavulin","floor":11,"turns":12},{"damage":6,"enemies":"3 Sentries","floor":13,"turns":11},{"damage":1,"enemies":"Exordium Wildlife","floor":14,"turns":3},{"damage":21,"enemies":"Hexaghost","floor":16,"turns":12},{"damage":13,"enemies":"3 Byrds","floor":18,"turns":8},{"damage":1,"enemies":"2 Thieves","floor":21,"turns":4},{"damage":2,"enemies":"Centurion and Healer","floor":22,"turns":6},{"damage":3,"enemies":"Slavers","floor":23,"turns":6},{"damage":3,"enemies":"Book of Stabbing","floor":29,"turns":5},{"damage":1,"enemies":"Snecko","floor":30,"turns":5},{"damage":5,"enemies":"Collector","floor":33,"turns":5},{"damage":0,"enemies":"3 Darklings","floor":35,"turns":3},{"damage":2,"enemies":"3 Shapes","floor":37,"turns":2},{"damage":0,"enemies":"Jaw Worm Horde","floor":38,"turns":2},{"damage":0,"enemies":"Giant Head","floor":40,"turns":2},{"damage":0,"enemies":"Maw","floor":41,"turns":1},{"damage":6,"enemies":"Nemesis","floor":42,"turns":8},{"damage":6,"enemies":"Writhing Mass","floor":44,"turns":5},{"damage":2,"enemies":"Sphere and 2 Shapes","floor":45,"turns":3},{"damage":0,"enemies":"Giant Head","floor":46,"turns":6},{"damage":1,"enemies":"Maw","floor":48,"turns":6},{"damage":13,"enemies":"Awakened One","floor":50,"turns":11}],"seed_played":"-3401350686894951128","potions_obtained":[{"floor":3,"key":"LiquidMemories"},{"floor":6,"key":"ColorlessPotion"},{"floor":14,"key":"EssenceOfSteel"},{"floor":18,"key":"DistilledChaos"},{"floor":22,"key":"SpeedPotion"},{"floor":30,"key":"FearPotion"},{"floor":33,"key":"Strength Potion"},{"floor":38,"key":"LiquidBronze"},{"floor":41,"key":"Swift Potion"},{"floor":42,"key":"Energy Potion"},{"floor":46,"key":"LiquidBronze"},{"floor":48,"key":"EssenceOfSteel"}],"is_trial":false,"path_per_floor":["M","?","M","M","?","E","M","M","T","R","E","R","E","M","R","B",null,"M","$","?","M","M","E","?","R","T","T","?","E","M","$","R","B",null,"M","?","M","M","?","E","M","E","T","M","M","E","$","M","R","B",null],"character_chosen":"THE_DEFAULT","items_purchased":["theEdgeheg:DrawBlade","theEdgeheg:BloodyKatana","theEdgeheg:BetterShoot","Membership Card","theEdgeheg:Birthday","theEdgeheg:DualPistols","theEdgeheg:DrawBlade","theEdgeheg:KatanaGF"],"campfire_rested":0,"item_purchase_floors":[19,19,19,31,31,31,47,47],"current_hp_per_floor":[25,34,45,55,65,75,80,91,101,111,119,129,134,143,153,142,153,150,160,170,180,189,197,207,217,227,237,248,256,265,275,285,290,301,311,320,328,338,348,358,368,373,383,388,399,410,420,430,440,444],"gold":54,"neow_bonus":"TRANSFORM_CARD","is_daily":false,"chose_seed":false,"campfire_upgraded":6,"win_rate":0.0,"timestamp":1609725773,"path_taken":["M","?","M","M","?","E","M","M","T","R","E","R","E","M","R","BOSS","M","$","?","?","?","E","?","R","T","?","?","E","M","?","R","BOSS","M","?","M","M","?","E","M","E","T","M","M","E","$","M","R","BOSS"],"items_purchased_type":["Card","Card","Card","Relic","Card","Card","Card","Card"],"build_version":"2020-12-22","purchased_purges":2,"victory":true,"max_hp_per_floor":[25,35,45,55,65,75,85,95,105,115,125,135,145,155,165,175,185,195,205,215,225,235,245,255,265,275,285,302,312,322,332,342,352,362,372,382,392,402,412,422,432,449,459,469,479,489,499,509,519,529],"card_choices":[{"not_picked":["theEdgeheg:Butt","theEdgeheg:HappiestTimmy"],"picked":"theEdgeheg:Disrobe","floor":1},{"not_picked":["theEdgeheg:ChaosGrenade","theEdgeheg:ChaosWhip"],"picked":"theEdgeheg:BlankCard","floor":3},{"not_picked":["theEdgeheg:Butt","theEdgeheg:Reload"],"picked":"theEdgeheg:RollAndShoot","floor":4},{"not_picked":["theEdgeheg:Parry","theEdgeheg:Fastness"],"picked":"theEdgeheg:GirlWithGun","floor":6},{"not_picked":["theEdgeheg:SkateboardTrick","theEdgeheg:Birthday"],"picked":"theEdgeheg:EmeraldGirlfriend","floor":7},{"not_picked":["theEdgeheg:UseAndThrow","theEdgeheg:GunSteal"],"picked":"theEdgeheg:MachineGun","floor":8},{"not_picked":["theEdgeheg:BloodyKatana","theEdgeheg:ChaosControlSkill"],"picked":"theEdgeheg:RandomChaosCard","floor":11},{"not_picked":["theEdgeheg:Grr","theEdgeheg:Fastness"],"picked":"theEdgeheg:FastRevolver","floor":13},{"not_picked":["theEdgeheg:RollAndShoot","theEdgeheg:BlowCover"],"picked":"theEdgeheg:ChaosWhip","floor":14},{"not_picked":["theEdgeheg:SpireCrasher","theEdgeheg:BulletStorm"],"picked":"theEdgeheg:SephirotKatana","floor":16},{"not_picked":["theEdgeheg:Grr","theEdgeheg:DrawGun"],"picked":"theEdgeheg:Glare","floor":18},{"not_picked":["theEdgeheg:Disrobe","theEdgeheg:BadassArsenal"],"picked":"theEdgeheg:BloodyNodachi+1","floor":21},{"not_picked":["theEdgeheg:Reload","theEdgeheg:Glare"],"picked":"theEdgeheg:Shotgun","floor":22},{"not_picked":["theEdgeheg:SephirotKatana","theEdgeheg:HappyTimmy"],"picked":"theEdgeheg:BlankCard+1","floor":23},{"not_picked":["theEdgeheg:Fastness+1","theEdgeheg:GunSteal+1"],"picked":"theEdgeheg:BetterShoot","floor":29},{"not_picked":["theEdgeheg:BadassArsenal","theEdgeheg:TimmyBackflip"],"picked":"theEdgeheg:BlackKatana","floor":30},{"not_picked":["theEdgeheg:FastRevolver","theEdgeheg:ArtOfTheBlade"],"picked":"theEdgeheg:NothingPersonal","floor":33},{"not_picked":["theEdgeheg:Parry","theEdgeheg:CoolExplosion+1"],"picked":"theEdgeheg:EmeraldGirlfriend","floor":35},{"not_picked":["theEdgeheg:ChaosCards+1","theEdgeheg:Reload+1"],"picked":"theEdgeheg:PlayRandomCard","floor":37},{"not_picked":["theEdgeheg:PlayRandomCard+1","theEdgeheg:DrawGun"],"picked":"theEdgeheg:BlackKatana+1","floor":38},{"not_picked":["theEdgeheg:DodgeKatana","theEdgeheg:Fastness+1"],"picked":"theEdgeheg:BloodyNodachi+1","floor":40},{"not_picked":["theEdgeheg:BetterShoot+1","theEdgeheg:Reload+1"],"picked":"theEdgeheg:RevolverOcelot","floor":41},{"not_picked":["theEdgeheg:Reload","theEdgeheg:ChaosKatana"],"picked":"theEdgeheg:SephirotKatana","floor":42},{"not_picked":["theEdgeheg:SkateboardTrick","theEdgeheg:BetterShoot"],"picked":"theEdgeheg:DieDieDie+1","floor":44},{"not_picked":["theEdgeheg:Disrobe+1","theEdgeheg:SupersonicSpeed"],"picked":"theEdgeheg:Grr+1","floor":45},{"not_picked":["theEdgeheg:SkateboardTrick","theEdgeheg:BetterDodge"],"picked":"theEdgeheg:HappyTimmy","floor":46},{"not_picked":["theEdgeheg:ChaosCards+1","theEdgeheg:RollAndShoot+1"],"picked":"theEdgeheg:MachineGun","floor":48}],"player_experience":153859,"relics_obtained":[{"floor":6,"key":"Lantern"},{"floor":11,"key":"Ancient Tea Set"},{"floor":13,"key":"DemoMod:DecoyRelic"},{"floor":23,"key":"War Paint"},{"floor":26,"key":"Bottled Tornado"},{"floor":27,"key":"Anchor"},{"floor":29,"key":"Whetstone"},{"floor":40,"key":"Frozen Egg 2"},{"floor":42,"key":"DemoMod:MonsterBlood"},{"floor":43,"key":"theEdgeheg:SoulDevourerRelic"},{"floor":46,"key":"Vajra"}],"event_choices":[{"damage_healed":0,"gold_gain":75,"player_choice":"Gather Gold","damage_taken":11,"max_hp_gain":0,"max_hp_loss":0,"event_name":"World of Goop","floor":2,"gold_loss":0},{"damage_healed":0,"gold_gain":0,"player_choice":"Traded Relic","damage_taken":0,"relics_obtained":["Nloth\u0027s Gift"],"max_hp_gain":0,"max_hp_loss":0,"event_name":"N\u0027loth","floor":20,"relics_lost":["NlothsMask"],"gold_loss":0},{"damage_healed":0,"gold_gain":0,"player_choice":"Simplicity","damage_taken":0,"max_hp_gain":0,"max_hp_loss":0,"event_name":"Back to Basics","floor":24,"gold_loss":0,"cards_upgraded":["theEdgeheg:StarterShootAttack","theEdgeheg:StarterShootAttack","theEdgeheg:StarterShootAttack","theEdgeheg:StarterDodgeSkill","theEdgeheg:StarterDodgeSkill"]},{"damage_healed":0,"gold_gain":0,"player_choice":"Obtained Relic","damage_taken":0,"relics_obtained":["DemoMod:PinkGuonStone"],"max_hp_gain":0,"max_hp_loss":0,"event_name":"Addict","floor":28,"gold_loss":85},{"damage_healed":0,"gold_gain":0,"player_choice":"Embrace Madness","damage_taken":47,"max_hp_gain":0,"max_hp_loss":0,"event_name":"Winding Halls","floor":36,"gold_loss":0,"cards_obtained":["Madness","Madness"]},{"damage_healed":0,"gold_gain":0,"player_choice":"Paid","damage_taken":0,"relics_obtained":["Red Mask"],"max_hp_gain":0,"max_hp_loss":0,"event_name":"Tomb of Lord Red Mask","floor":39,"gold_loss":305}],"is_beta":false,"boss_relics":[{"not_picked":["SacredBark","Ectoplasm"],"picked":"Velvet Choker"},{"not_picked":["Busted Crown","Cursed Key"],"picked":"Golden_Hairpin"}],"items_purged_floors":[19,47],"is_endless":false,"potions_floor_spawned":[3,6,14,18,22,30,33,38,41,42,46,48],"ascension_level":1}}