{"host":"y2kfqdipa4rrljwb","time":1609745206,"event":{"mods":["AchievementEnabler","Act Like it!","BaseMod","Downfall","Duelist Mod","Friendly Minions","Gensokyo","GungeonMod","Infinite Spire","Minty Spire (QoL Compilation)","Random Character Mod","Relic Stats","Replay The Spire","Say the Spire","StSLib","The Cursed","The Marked","The Poker Player","vexMod","¡¾ÒÅÎï¿¨ÅÆ¡¿REMEMod"],"gold_per_floor":[111,191,191,191,209,209,84,112,112,122,22,54,70,89,89,190,190,205,216,64,139,150,180,190,201,201,230,230,230],"floor_reached":28,"playtime":4458,"items_purged":["TheCursedMod:Defend_TheCursed","Delirium","TheCursedMod:Strike_TheCursed"],"score":270,"play_id":"1544e38d-8cca-4d5b-a1ab-b471bf823282","local_time":"20210104152646","is_ascension_mode":false,"campfire_choices":[{"data":"TheCursedMod:CleanUpWorkshop","floor":6.0,"key":"SMITH"},{"data":"TheCursedMod:Strike_TheCursed","floor":15.0,"key":"PURGE"}],"circlet_count":0,"master_deck":["TheCursedMod:Strike_TheCursed","TheCursedMod:Defend_TheCursed","TheCursedMod:Defend_TheCursed","TheCursedMod:Defend_TheCursed","TheCursedMod:CursedWand","TheCursedMod:CleanUpWorkshop+1","TheCursedMod:Dregs","TheCursedMod:SpitefulStrike","Decay","TheCursedMod:HellsGateOpen","TheCursedMod:CursedAmulet","TheCursedMod:AbyssShockwave","TheCursedMod:HellfireBreathing","TheCursedMod:SurpriseAttack","TheCursedMod:DarkBarrier","TheCursedMod:ManaBullet","TheCursedMod:CursedBoomerang+1","TheCursedMod:CursedMace","TheCursedMod:AshesToAshes","TheCursedMod:CursedAmulet+1","TheCursedMod:LuckyCharm","TheCursedMod:CircleOfFocus+1"],"relics":["TheCursedMod:BlackMagic101","Replay:Bottled Flurry","Bag of Preparation","ReplayTheSpireMod:DimensionalGlitch","ReplayTheSpireMod:Shallot","Blood Vial"],"acts_visited":[],"potions_floor_usage":[],"damage_taken":[{"damage":4.0,"enemies":"2 Louse","floor":1.0,"turns":3.0},{"damage":0.0,"enemies":"Small Slimes","floor":5.0,"turns":3.0},{"damage":29.0,"enemies":"3 Sentries","floor":8.0,"turns":8.0},{"damage":3.0,"enemies":"Cultist","floor":10.0,"turns":3.0},{"damage":7.0,"enemies":"Lagavulin","floor":12.0,"turns":6.0},{"damage":2.0,"enemies":"Red Slaver","floor":13.0,"turns":4.0},{"damage":0.0,"enemies":"Gremlin Gang","floor":14.0,"turns":3.0},{"damage":25.0,"enemies":"Slime Boss","floor":16.0,"turns":8.0},{"damage":0.0,"enemies":"3 Byrds","floor":18.0,"turns":3.0},{"damage":15.0,"enemies":"2 Thieves","floor":19.0,"turns":3.0},{"damage":0.0,"enemies":"Snake Plant","floor":22.0,"turns":2.0},{"damage":21.0,"enemies":"Replay:Snechameleon","floor":23.0,"turns":5.0},{"damage":8.0,"enemies":"Centurion and Healer","floor":24.0,"turns":4.0},{"damage":9.0,"enemies":"Sentry and Sphere","floor":25.0,"turns":7.0},{"damage":1.0,"enemies":"Book of Stabbing","floor":27.0,"turns":5.0},{"damage":0,"enemies":"Snake Plant","floor":28,"turns":1}],"seed_played":"3144731270073474659","potions_obtained":[{"floor":5.0,"key":"BlessingOfTheForge"},{"floor":8.0,"key":"Elixir"},{"floor":12.0,"key":"Elixir"},{"floor":16.0,"key":"Block Potion"},{"floor":19.0,"key":"Block Potion"},{"floor":23.0,"key":"SpeedPotion"},{"floor":24.0,"key":"SkillPotion"}],"is_trial":false,"path_per_floor":["M","?","?","?","M","R","$","E","T","M","$","E","M","M","R","B",null,"M","M","$","?","M","E","M","M","T","E","M"],"character_chosen":"THE_CURSED","items_purchased":["TheCursedMod:CursedAmulet","TheCursedMod:CursedMace"],"campfire_rested":0,"item_purchase_floors":[7,20],"current_hp_per_floor":[78,78,78,78,78,78,78,55,55,52,52,45,43,43,43,18,88,88,73,73,65,65,44,36,27,27,26,27,27],"gold":230,"neow_bonus":"TEN_PERCENT_HP_BONUS","is_daily":false,"chose_seed":false,"campfire_upgraded":1,"win_rate":0.0,"timestamp":1609745206,"path_taken":["M","?","?","?","?","R","?","E","T","M","$","E","M","M","R","BOSS","M","?","?","?","M","E","?","M","T","E","M"],"items_purchased_type":["Card","Card"],"build_version":"2020-12-22","purchased_purges":3,"victory":false,"max_hp_per_floor":[82,82,82,82,82,82,82,88,88,88,88,88,88,88,88,88,88,88,88,88,88,88,88,88,88,88,88,88,88],"relic_stats":{"Blood Vial":1,"counters":[16,68],"Bag of Preparation":[2],"obtain_stats":[{"Blood Vial":27,"TheCursedMod:BlackMagic101":0,"ReplayTheSpireMod:Shallot":23,"vexMod:BerryBomb":8,"Replay:Bottled Flurry":9,"Bag of Preparation":12,"ReplayTheSpireMod:DimensionalGlitch":17},{"Blood Vial":15,"TheCursedMod:BlackMagic101":0,"ReplayTheSpireMod:Shallot":12,"vexMod:BerryBomb":3,"Replay:Bottled Flurry":3,"Bag of Preparation":5,"ReplayTheSpireMod:DimensionalGlitch":8},{"Blood Vial":67,"TheCursedMod:BlackMagic101":0,"ReplayTheSpireMod:Shallot":51,"vexMod:BerryBomb":14,"Replay:Bottled Flurry":14,"Bag of Preparation":23,"ReplayTheSpireMod:DimensionalGlitch":38}]},"card_choices":[{"not_picked":["TheCursedMod:TacticalStrike","TheCursedMod:Torture"],"picked":"TheCursedMod:SpitefulStrike","floor":1.0},{"not_picked":["TheCursedMod:Grudge","TheCursedMod:TacticalStrike"],"picked":"TheCursedMod:HellsGateOpen","floor":5.0},{"not_picked":["TheCursedMod:CursedBlade","TheCursedMod:NeowsMight"],"picked":"TheCursedMod:AbyssShockwave","floor":8.0},{"not_picked":["TheCursedMod:Torture","TheCursedMod:CircleOfWindfury","TheCursedMod:CursedShiv"],"picked":"SKIP","floor":10.0},{"not_picked":["TheCursedMod:TroublousMinions","TheCursedMod:CursedMace"],"picked":"TheCursedMod:HellfireBreathing","floor":12.0},{"not_picked":["TheCursedMod:Stretching","TheCursedMod:TroublousMinions","TheCursedMod:RavingStaff"],"picked":"SKIP","floor":13.0},{"not_picked":["TheCursedMod:Hemoplague","TheCursedMod:BloodBarrier"],"picked":"TheCursedMod:SurpriseAttack","floor":14.0},{"not_picked":["TheCursedMod:StunningStrike","TheCursedMod:OutForBlood"],"picked":"TheCursedMod:DarkBarrier","floor":16.0},{"not_picked":["TheCursedMod:VitalStrike","TheCursedMod:CursedShiv"],"picked":"TheCursedMod:ManaBullet","floor":18.0},{"not_picked":["TheCursedMod:BlessingInDisguise","TheCursedMod:RapidMovement"],"picked":"TheCursedMod:CursedBoomerang+1","floor":19.0},{"not_picked":["TheCursedMod:LuckyCharm","TheCursedMod:CursedBoomerang"],"picked":"TheCursedMod:AshesToAshes","floor":22.0},{"not_picked":["TheCursedMod:CursedMace","TheCursedMod:TacticalStrike"],"picked":"TheCursedMod:CursedAmulet+1","floor":23.0},{"not_picked":["TheCursedMod:CursedBlade","TheCursedMod:TroublousMinions"],"picked":"TheCursedMod:LuckyCharm","floor":24.0},{"not_picked":["TheCursedMod:Wield","TheCursedMod:WearCloak+1"],"picked":"TheCursedMod:CircleOfFocus+1","floor":25.0},{"not_picked":["TheCursedMod:SmokeScreen","TheCursedMod:CursedBlade","TheCursedMod:LuckyCharm+1"],"picked":"SKIP","floor":27.0}],"player_experience":212209,"relics_obtained":[{"floor":8.0,"key":"vexMod:BerryBomb"},{"floor":9.0,"key":"Replay:Bottled Flurry"},{"floor":12.0,"key":"Bag of Preparation"},{"floor":23.0,"key":"ReplayTheSpireMod:Shallot"},{"floor":27.0,"key":"Blood Vial"}],"event_choices":[{"damage_healed":0.0,"max_hp_gain":0.0,"max_hp_loss":0.0,"gold_gain":0.0,"event_name":"Wheel of Change","player_choice":"Cursed","floor":4.0,"gold_loss":0.0,"damage_taken":0.0,"cards_obtained":["Decay"]},{"damage_healed":0.0,"max_hp_gain":0.0,"max_hp_loss":0.0,"gold_gain":75.0,"event_name":"FaceTrader","player_choice":"Touch","floor":21.0,"gold_loss":0.0,"damage_taken":8.0}],"is_beta":false,"boss_relics":[{"not_picked":["vexMod:ImprovementManual","Replay:Ancient Bell"],"picked":"ReplayTheSpireMod:DimensionalGlitch"}],"items_purged_floors":[7,11,20],"is_endless":false,"potions_floor_spawned":[5,8,12,16,19,23,24],"killed_by":"Snake Plant","ascension_level":0}}