{"host":"zls4lyfcaficqj9z","time":1609720431,"event":{"mods":["BaseMod","Better Vampires","ChefMod","Dio Mod","Downfall","Evolution","Grow up Mod","GungeonMod","Magitek Elite","Melee Mod","Minty Spire (QoL Compilation)","StSLib","The Edgeheg","The Florist","The Necromancer","The Saiyan","Uncapped","Waifu the Spire"],"gold_per_floor":[115,126,50,50,67,100,100,142,166,51,68,68,68,131,131,232,232,269,283,283,295,56,86,86,126,175,50,69,97,22,22,22,125,125,176,410,260,286,286,325,325,340,413,439,469,469,509,534,534,534],"floor_reached":51,"playtime":3802,"items_purged":["DemoMod:Strike_Huntress","DemoMod:Defend_Huntress","DemoMod:Strike_Huntress","DemoMod:RustySidearm"],"score":923,"play_id":"2a2d9a6d-4dbd-4f00-9dca-4dd20ea15af1","local_time":"20210103183351","is_ascension_mode":true,"campfire_choices":[{"data":"DemoMod:Desperate","floor":7,"key":"SMITH"},{"data":"DemoMod:BSG","floor":12,"key":"SMITH"},{"data":"DemoMod:PotionOfGunFriendShip","floor":15,"key":"SMITH"},{"data":"DemoMod:ShadowBullets","floor":24,"key":"SMITH"},{"data":"DemoMod:ShadowBullets","floor":32,"key":"SMITH"},{"data":"DemoMod:AWP","floor":41,"key":"SMITH"},{"data":"DemoMod:Behold!","floor":46,"key":"SMITH"},{"data":"DemoMod:DoubleVision","floor":49,"key":"SMITH"}],"circlet_count":0,"master_deck":["DemoMod:Defend_Huntress","DemoMod:Roll","DemoMod:ManualReload+1","DemoMod:CrossBow","DemoMod:AbyssalTentacle","DemoMod:LifeOrb","DemoMod:Unmoved","DemoMod:TripleGun+1","DemoMod:Desperate+1","DemoMod:BoxingGlove+1","DemoMod:PotionOfGunFriendShip+1","DemoMod:AWP+1","DemoMod:CombinedRifle+1","DemoMod:BSG+1","DemoMod:Behold!+1","DemoMod:StickyCrossBow+1","DemoMod:PotionOfGunFriendShip+1","DemoMod:MachoBrace","DemoMod:RadGun+1","DemoMod:ShadowBullets+1","DemoMod:HardPowerCard","DemoMod:ShadowBullets+1","DemoMod:RadGun+1","DemoMod:CombinedRifle+1","DemoMod:AWP+1","DemoMod:Behold!","DemoMod:SniperShot+1","Bite+1","DemoMod:GunslingerForm","DemoMod:LifeOrb+1","DemoMod:BattleInHaste","DemoMod:BattleInHaste","DemoMod:SuppressiveFire","DemoMod:StickyCrossBow+1","DemoMod:FullFirepower","DemoMod:BattleInHaste+1","Injury","DemoMod:TeaPot+1","DemoMod:StickyCrossBow+1","DemoMod:DoubleVision+1","Injury","DemoMod:Unity+1"],"relics":["DemoMod:Dog","EVO:Axolotl","Prayer Wheel","Whetstone","Guard_Bracelet","Molten Egg 2","Black Star","MutagenicStrength","Pocketwatch","DemoMod:SilverBullets","Lantern","Calipers","Mythril_Glove","DemoMod:ChaffGrenade","Anchor","Cursed Key","Turnip","Vajra","Kunai","War Paint","DemoMod:MemoryAlloy","DemoMod:Relodestone","Regal Pillow","Happy Flower"],"acts_visited":["Exordium","TheCity","TheBeyond"],"potions_floor_usage":[8,14,14,23,23,23,29,33,40],"damage_taken":[{"damage":0,"enemies":"2 Louse","floor":1,"turns":2},{"damage":4,"enemies":"Jaw Worm","floor":2,"turns":3},{"damage":2,"enemies":"Small Slimes","floor":5,"turns":4},{"damage":38,"enemies":"Gremlin Nob","floor":6,"turns":5},{"damage":19,"enemies":"3 Sentries","floor":8,"turns":6},{"damage":5,"enemies":"Looter","floor":11,"turns":2},{"damage":8,"enemies":"Gremlin Nob","floor":14,"turns":3},{"damage":55,"enemies":"Hexaghost","floor":16,"turns":7},{"damage":10,"enemies":"2 Thieves","floor":18,"turns":2},{"damage":0,"enemies":"Chosen","floor":19,"turns":4},{"damage":1,"enemies":"Centurion and Healer","floor":21,"turns":4},{"damage":37,"enemies":"Slavers","floor":23,"turns":4},{"damage":38,"enemies":"Gremlin Leader","floor":25,"turns":6},{"damage":0,"enemies":"Sentry and Sphere","floor":28,"turns":2},{"damage":25,"enemies":"Slavers","floor":29,"turns":6},{"damage":42,"enemies":"StardustCrusaders","floor":33,"turns":9},{"damage":0,"enemies":"3 Darklings","floor":35,"turns":2},{"damage":0,"enemies":"Orb Walker","floor":38,"turns":1},{"damage":13,"enemies":"Giant Head","floor":40,"turns":6},{"damage":20,"enemies":"Writhing Mass","floor":42,"turns":4},{"damage":2,"enemies":"Maw","floor":44,"turns":4},{"damage":19,"enemies":"Nemesis","floor":45,"turns":3},{"damage":10,"enemies":"Sphere and 2 Shapes","floor":47,"turns":3},{"damage":2,"enemies":"Giant Head","floor":48,"turns":5},{"damage":105,"enemies":"Awakened One","floor":50,"turns":7}],"seed_played":"6076586158990762160","potions_obtained":[{"floor":6,"key":"Block Potion"},{"floor":8,"key":"FearPotion"},{"floor":11,"key":"champ:CounterPotion"},{"floor":16,"key":"SteroidPotion"},{"floor":18,"key":"BlessingOfTheForge"},{"floor":21,"key":"Regen Potion"},{"floor":28,"key":"Regen Potion"},{"floor":29,"key":"LiquidMemories"},{"floor":38,"key":"Dexterity Potion"},{"floor":44,"key":"LiquidMemories"}],"is_trial":false,"path_per_floor":["M","M","$","?","M","E","R","E","T","$","M","R","?","E","R","B",null,"M","M","?","M","$","E","R","E","T","$","M","E","?","?","R","B",null,"M","?","$","M","?","E","R","M","T","M","E","R","?","E","R","B",null],"character_chosen":"HUNTRESS","items_purchased":["DemoMod:TripleGun","DemoMod:AWP","DemoMod:ShadowBullets","DemoMod:RadGun+1"],"campfire_rested":0,"item_purchase_floors":[3,10,22,22],"current_hp_per_floor":[90,96,106,109,117,89,99,90,100,110,115,125,95,97,107,62,250,250,260,270,279,289,274,284,256,266,276,286,286,296,306,316,290,397,407,417,427,437,447,444,454,447,457,465,456,466,466,474,484,439],"gold":534,"neow_bonus":"THREE_CARDS","is_daily":false,"chose_seed":false,"campfire_upgraded":8,"win_rate":0.0,"timestamp":1609720431,"path_taken":["M","M","$","?","M","E","R","E","T","$","M","R","?","E","R","BOSS","M","M","?","M","$","E","R","E","T","$","M","E","?","?","R","BOSS","M","?","$","M","?","E","R","M","T","M","E","R","?","E","R","BOSS"],"items_purchased_type":["Card","Card","Card","Card"],"build_version":"2020-12-22","purchased_purges":4,"victory":true,"max_hp_per_floor":[90,100,110,120,130,140,150,160,170,180,190,200,210,220,230,240,250,260,270,280,290,300,310,320,330,340,350,360,370,380,367,377,387,397,407,417,427,437,447,457,467,477,487,497,507,517,527,537,547,557],"card_choices":[{"not_picked":["DemoMod:PotionOfGunFriendShip","DemoMod:DoubleSwitch"],"picked":"DemoMod:AbyssalTentacle","floor":0},{"not_picked":["DemoMod:AC15","DemoMod:HuntsMan"],"picked":"DemoMod:LifeOrb","floor":1},{"not_picked":["DemoMod:JK47","DemoMod:CursedBullets"],"picked":"DemoMod:Unmoved","floor":2},{"not_picked":["DemoMod:FortunesFavor","DemoMod:Rummage"],"picked":"DemoMod:Desperate","floor":5},{"not_picked":["DemoMod:JK47","DemoMod:DirectionalPad"],"picked":"DemoMod:BoxingGlove","floor":6},{"not_picked":["DemoMod:JK47","DemoMod:AC15"],"picked":"DemoMod:PotionOfGunFriendShip","floor":8},{"not_picked":["DemoMod:BattleInHaste","DemoMod:SAA"],"picked":"DemoMod:CombinedRifle","floor":11},{"not_picked":["DemoMod:PracticeMakesPerfect","DemoMod:JK47"],"picked":"DemoMod:BSG","floor":11},{"not_picked":["DemoMod:Purify+1","DemoMod:AC15+1","DemoMod:MachoBrace"],"picked":"SKIP","floor":14},{"not_picked":["DemoMod:BlackHoleGun+1","DemoMod:DarkMarker+1"],"picked":"DemoMod:Behold!","floor":16},{"not_picked":["DemoMod:GunstockTap+1","DemoMod:HuntsMan+1"],"picked":"DemoMod:StickyCrossBow+1","floor":18},{"not_picked":["DemoMod:CursedBullets","DemoMod:AC15+1"],"picked":"DemoMod:PotionOfGunFriendShip","floor":18},{"not_picked":["DemoMod:PracticeMakesPerfect","DemoMod:ZorGun+1"],"picked":"DemoMod:MachoBrace","floor":19},{"not_picked":["DemoMod:JK47+1","DemoMod:GunShield"],"picked":"DemoMod:RadGun+1","floor":19},{"not_picked":["DemoMod:SAA+1","DemoMod:DirectionalPad+1"],"picked":"DemoMod:ShadowBullets","floor":21},{"not_picked":["DemoMod:JK47+1","DemoMod:ZorGun+1"],"picked":"DemoMod:HardPowerCard","floor":21},{"not_picked":["DemoMod:ConditionalReflex","DemoMod:GunstockTap+1","DemoMod:HuntsMan+1"],"picked":"SKIP","floor":23},{"not_picked":["DemoMod:PotionOfGunFriendShip","DemoMod:Purify+1"],"picked":"DemoMod:CombinedRifle+1","floor":25},{"not_picked":["DemoMod:TableSutra","DemoMod:EasyReloadBullets+1"],"picked":"DemoMod:AWP+1","floor":28},{"not_picked":["DemoMod:DirectionalPad+1","DemoMod:PracticeMakesPerfect"],"picked":"DemoMod:Behold!","floor":28},{"not_picked":["DemoMod:FastSwitch","DemoMod:BoxingGlove+1"],"picked":"DemoMod:SniperShot+1","floor":29},{"not_picked":["DemoMod:Eureka","DemoMod:DarkMarker+1"],"picked":"DemoMod:GunslingerForm","floor":33},{"not_picked":["DemoMod:AWP+1","DemoMod:Unmoved"],"picked":"DemoMod:LifeOrb+1","floor":35},{"not_picked":["DemoMod:Unmoved+1","DemoMod:HardPowerCard"],"picked":"DemoMod:BattleInHaste","floor":35},{"not_picked":["DemoMod:EasyReloadBullets","DemoMod:Polaris+1"],"picked":"DemoMod:BattleInHaste","floor":38},{"not_picked":["DemoMod:Ejector+1","DemoMod:Polaris+1"],"picked":"DemoMod:SuppressiveFire","floor":38},{"not_picked":["DemoMod:HardPowerCard+1","DemoMod:PotionOfGunFriendShip+1"],"picked":"DemoMod:StickyCrossBow+1","floor":38},{"not_picked":["DemoMod:BlankBullets","DemoMod:MachoBrace+1"],"picked":"DemoMod:FullFirepower","floor":40},{"not_picked":["DemoMod:FortunesFavor","DemoMod:HuntsMan+1"],"picked":"DemoMod:BattleInHaste+1","floor":42},{"not_picked":["DemoMod:FortunesFavor+1","DemoMod:HuntsMan+1","DemoMod:GunShield+1"],"picked":"SKIP","floor":42},{"not_picked":["DemoMod:SuppressiveFire","DemoMod:AC15+1"],"picked":"DemoMod:TeaPot+1","floor":44},{"not_picked":["DemoMod:DoubleSwitch+1","DemoMod:Purify+1"],"picked":"DemoMod:StickyCrossBow+1","floor":44},{"not_picked":["DemoMod:Unmoved","DemoMod:SAA+1"],"picked":"DemoMod:DoubleVision","floor":45},{"not_picked":["DemoMod:GunstockTap+1","DemoMod:Unmoved+1","DemoMod:AC15+1"],"picked":"SKIP","floor":47},{"not_picked":["DemoMod:CombinedRifle+1","DemoMod:HighKaliber+1"],"picked":"DemoMod:Unity+1","floor":48}],"player_experience":150057,"relics_obtained":[{"floor":6,"key":"Prayer Wheel"},{"floor":8,"key":"Whetstone"},{"floor":9,"key":"Guard_Bracelet"},{"floor":14,"key":"Molten Egg 2"},{"floor":23,"key":"Pocketwatch"},{"floor":23,"key":"DemoMod:SilverBullets"},{"floor":25,"key":"Lantern"},{"floor":25,"key":"Calipers"},{"floor":26,"key":"Mythril_Glove"},{"floor":29,"key":"DemoMod:ChaffGrenade"},{"floor":29,"key":"Anchor"},{"floor":40,"key":"Turnip"},{"floor":40,"key":"Vajra"},{"floor":43,"key":"Kunai"},{"floor":45,"key":"War Paint"},{"floor":45,"key":"DemoMod:MemoryAlloy"},{"floor":47,"key":"DemoMod:Relodestone"},{"floor":48,"key":"Regal Pillow"},{"floor":48,"key":"Happy Flower"}],"event_choices":[{"cards_removed":["DemoMod:Defend_Huntress"],"damage_healed":0,"gold_gain":0,"player_choice":"Card Removal","damage_taken":7,"max_hp_gain":0,"max_hp_loss":0,"event_name":"Golden Wing","floor":4,"gold_loss":0},{"damage_healed":0,"gold_gain":0,"player_choice":"Entered Light","damage_taken":40,"max_hp_gain":0,"max_hp_loss":0,"event_name":"Shining Light","floor":13,"gold_loss":0,"cards_upgraded":["DemoMod:TripleGun","DemoMod:CombinedRifle"]},{"damage_healed":0,"gold_gain":0,"player_choice":"Inject Mutagens","damage_taken":0,"relics_obtained":["MutagenicStrength"],"max_hp_gain":0,"max_hp_loss":0,"event_name":"Drug Dealer","floor":20,"gold_loss":0},{"cards_removed":["DemoMod:Defend_Huntress"],"damage_healed":0,"gold_gain":0,"player_choice":"Gave Gold","damage_taken":0,"max_hp_gain":0,"max_hp_loss":0,"event_name":"Beggar","floor":30,"gold_loss":75},{"damage_healed":0,"gold_gain":0,"player_choice":"Became a vampire","damage_taken":0,"max_hp_gain":0,"max_hp_loss":23,"event_name":"Vampires","floor":31,"gold_loss":0,"cards_obtained":["Bite"]}],"is_beta":false,"boss_relics":[{"not_picked":["Empty Cage","Runic Pyramid"],"picked":"Black Star"},{"not_picked":["Snecko Eye","Runic Dome"],"picked":"Cursed Key"}],"items_purged_floors":[10,22,27,37],"is_endless":false,"potions_floor_spawned":[6,8,11,16,18,21,28,29,38,44],"ascension_level":1}}