{"host":"qdfumeom6htv8yxl","time":1609795959,"event":{"mods":["AchievementEnabler","BaseMod","Block Reminder","Minty Spire (QoL Compilation)","Quick Restart","Relic Stats"],"gold_per_floor":[117,136,136,136,60,60,91,102,129,129,144,169,182,193,193,266,266,285,303,33,45,65,65,80,80,80,80,111,111,142,142,142],"floor_reached":31,"playtime":1711,"items_purged":["Strike_G"],"score":607,"play_id":"742fe4be-f969-4b17-95cc-4eb17f448be7","local_time":"20210104153239","is_ascension_mode":true,"campfire_choices":[{"data":"Neutralize","floor":6.0,"key":"SMITH"},{"data":"Caltrops","floor":10.0,"key":"SMITH"},{"data":"Dodge and Roll","floor":15.0,"key":"SMITH"},{"floor":23.0,"key":"REST"},{"floor":25,"key":"REST"},{"floor":27,"key":"REST"},{"data":"Apotheosis","floor":29,"key":"SMITH"}],"circlet_count":0,"master_deck":["AscendersBane","Strike_G","Strike_G","Strike_G","Strike_G","Defend_G+1","Defend_G","Defend_G","Defend_G+1","Defend_G","Survivor+1","Neutralize+1","Quick Slash","Calculated Gamble+1","Caltrops+1","Backflip","Deadly Poison","Dodge and Roll+1","Blur","Corpse Explosion","Dodge and Roll+1","Apotheosis+1","Cloak And Dagger"],"relics":["Ring of the Snake","NeowsBlessing","War Paint","Bag of Preparation","Potion Belt","Cursed Key","FossilizedHelix","Darkstone Periapt"],"acts_visited":["Exordium","TheCity"],"potions_floor_usage":[24,30],"damage_taken":[{"damage":0.0,"enemies":"Cultist","floor":1.0,"turns":1.0},{"damage":0.0,"enemies":"Jaw Worm","floor":2.0,"turns":1.0},{"damage":0.0,"enemies":"Lagavulin","floor":7.0,"turns":1.0},{"damage":0.0,"enemies":"Small Slimes","floor":8.0,"turns":3.0},{"damage":1.0,"enemies":"Exordium Wildlife","floor":11.0,"turns":6.0},{"damage":17.0,"enemies":"3 Sentries","floor":12.0,"turns":8.0},{"damage":1.0,"enemies":"Blue Slaver","floor":13.0,"turns":4.0},{"damage":0.0,"enemies":"2 Fungi Beasts","floor":14.0,"turns":3.0},{"damage":13.0,"enemies":"The Guardian","floor":16.0,"turns":14.0},{"damage":9.0,"enemies":"Spheric Guardian","floor":18.0,"turns":6.0},{"damage":7.0,"enemies":"Shell Parasite","floor":19.0,"turns":5.0},{"damage":10.0,"enemies":"Snecko","floor":21.0,"turns":6.0},{"damage":9.0,"enemies":"Centurion and Healer","floor":22.0,"turns":5.0},{"damage":11,"enemies":"Sentry and Sphere","floor":24,"turns":5},{"damage":25,"enemies":"Slavers","floor":28,"turns":3},{"damage":32,"enemies":"Gremlin Leader","floor":30,"turns":8},{"damage":16,"enemies":"Shelled Parasite and Fungi","floor":31,"turns":5}],"seed_played":"1903111574367641047","potions_obtained":[{"floor":7.0,"key":"SteroidPotion"},{"floor":11.0,"key":"DistilledChaos"},{"floor":13.0,"key":"SneckoOil"},{"floor":14.0,"key":"Energy Potion"},{"floor":18.0,"key":"SkillPotion"},{"floor":22.0,"key":"GamblersBrew"},{"floor":24,"key":"Dexterity Potion"},{"floor":30,"key":"Fruit Juice"}],"is_trial":false,"path_per_floor":["M","M","?","?","$","R","E","M","T","R","M","E","M","M","R","B",null,"M","M","$","M","M","R","M","R","T","R","E","R","E","M"],"character_chosen":"THE_SILENT","items_purchased":["Caltrops","Apotheosis"],"campfire_rested":3,"item_purchase_floors":[5,20],"current_hp_per_floor":[59,59,39,61,61,61,61,61,61,61,60,43,42,42,42,29,57,48,41,41,31,22,41,30,49,49,66,41,41,14,0,0],"gold":142,"neow_bonus":"THREE_ENEMY_KILL","is_daily":false,"chose_seed":false,"campfire_upgraded":4,"win_rate":0.0,"timestamp":1609795959,"path_taken":["M","M","?","?","$","R","E","M","T","R","?","E","?","M","R","BOSS","M","M","?","M","M","R","M","R","T","R","E","R","E","M"],"items_purchased_type":["Card","Card"],"build_version":"2020-12-22","purchased_purges":1,"victory":false,"max_hp_per_floor":[66,66,66,66,66,66,66,66,66,66,66,66,66,66,66,66,66,66,66,66,66,66,66,66,66,66,66,66,66,71,71,71],"relic_stats":{"Darkstone Periapt":0,"counters":[17,84],"Bag of Preparation":[26],"War Paint":["Defend_G","Defend_G"],"Cursed Key":0,"obtain_stats":[{"Potion Belt":12,"Darkstone Periapt":30,"NeowsBlessing":0,"Bag of Preparation":9,"War Paint":7,"Cursed Key":17,"FossilizedHelix":28,"Ring of the Snake":0},{"Potion Belt":6,"Darkstone Periapt":16,"NeowsBlessing":0,"Bag of Preparation":4,"War Paint":3,"Cursed Key":9,"FossilizedHelix":15,"Ring of the Snake":0},{"Potion Belt":20,"Darkstone Periapt":79,"NeowsBlessing":0,"Bag of Preparation":6,"War Paint":3,"Cursed Key":41,"FossilizedHelix":71,"Ring of the Snake":0}],"Ring of the Snake":[34]},"card_choices":[{"not_picked":["Dagger Throw","Concentrate"],"picked":"Quick Slash","floor":1.0},{"not_picked":["Setup","Predator"],"picked":"Calculated Gamble","floor":2.0},{"not_picked":["Dagger Throw","Tactician","Storm of Steel"],"picked":"SKIP","floor":7.0},{"not_picked":["Poisoned Stab","Acrobatics"],"picked":"Backflip","floor":8.0},{"not_picked":["Underhanded Strike","Quick Slash"],"picked":"Deadly Poison","floor":11.0},{"not_picked":["Riddle With Holes","Flying Knee","Deflect"],"picked":"SKIP","floor":12.0},{"not_picked":["Outmaneuver","Dagger Throw"],"picked":"Dodge and Roll","floor":13.0},{"not_picked":["Backflip","Caltrops"],"picked":"Blur","floor":14.0},{"not_picked":["Night Terror","Phantasmal Killer"],"picked":"Corpse Explosion","floor":16.0},{"not_picked":["Dagger Throw","Blur"],"picked":"Dodge and Roll+1","floor":18.0},{"not_picked":["Blade Dance","Deflect","Dodge and Roll"],"picked":"SKIP","floor":19.0},{"not_picked":["All Out Attack","Well Laid Plans"],"picked":"Cloak And Dagger","floor":21.0},{"not_picked":["Infinite Blades","Dagger Spray","Calculated Gamble"],"picked":"SKIP","floor":22.0},{"not_picked":["Prepared","Underhanded Strike+1","Skewer"],"picked":"SKIP","floor":24},{"not_picked":["Heel Hook+1","Dash","Quick Slash+1"],"picked":"SKIP","floor":28},{"not_picked":["Eviscerate+1","Predator","A Thousand Cuts"],"picked":"SKIP","floor":30}],"player_experience":1702392,"relics_obtained":[{"floor":7.0,"key":"War Paint"},{"floor":9.0,"key":"Bag of Preparation"},{"floor":12.0,"key":"Potion Belt"},{"floor":28,"key":"FossilizedHelix"},{"floor":30,"key":"Darkstone Periapt"}],"event_choices":[{"damage_healed":0.0,"max_hp_gain":0.0,"max_hp_loss":0.0,"gold_gain":0.0,"event_name":"Shining Light","player_choice":"Entered Light","floor":3.0,"gold_loss":0.0,"damage_taken":20.0,"cards_upgraded":["Calculated Gamble","Survivor"]},{"damage_healed":22.0,"max_hp_gain":0.0,"max_hp_loss":0.0,"gold_gain":0.0,"event_name":"Big Fish","player_choice":"Banana","floor":4.0,"gold_loss":0.0,"damage_taken":0.0}],"is_beta":false,"boss_relics":[{"not_picked":["Busted Crown","Sozu"],"picked":"Cursed Key"}],"items_purged_floors":[20],"is_endless":false,"potions_floor_spawned":[7,11,13,14,18,22,24,30],"killed_by":"Shelled Parasite and Fungi","ascension_level":16}}