{"host":"dn6kke80v5f7isus","time":1609799864,"event":{"mods":["AchievementEnabler","Act Like it!","BaseMod","Colored Powertips","Custom Start","Defuse TimeMaze Blight","Downfall","Duelist Mod","Gremlin Skip","Highlight Path","Hubris","Infinite Spire","Minty Spire (QoL Compilation)","Rare Cards Sparkle","Replay The Spire","StSLib","The Cursed","Uncapped"],"gold_per_floor":[235,235,15,33,33,66,66,66,92,109,144,144,175,175,175,270,270,282,8,31,59,86,86,124,148,171,171,171],"floor_reached":27,"playtime":1406,"items_purged":["theDuelist:Sparks","theDuelist:NaturiaBeast"],"score":316,"play_id":"98bfb38c-ef2c-4091-89f2-f7156adcc407","local_time":"20210104173744","is_ascension_mode":true,"campfire_choices":[{"data":"theDuelist:NaturiaBarkion","floor":8,"key":"SMITH"},{"data":"theDuelist:FuryFire","floor":12,"key":"SMITH"},{"floor":15,"key":"REST"},{"data":"theDuelist:NaturiaSacredTree","floor":23,"key":"SMITH"}],"circlet_count":0,"master_deck":["theDuelist:CastleWalls+1","theDuelist:CastleWalls","theDuelist:NaturiaCliff","theDuelist:NaturiaRock+1","theDuelist:NaturiaTulip","Flash of Steel","theDuelist:NaturiaMarron","theDuelist:NaturiaEggplant","theDuelist:NaturiaBarkion+1","theDuelist:HuntingInstinct","theDuelist:FuryFire+1","theDuelist:NaturiaMarron","theDuelist:MultiplicationOfAnts","theDuelist:GracefulCharity+1","theDuelist:Canyon+1","theDuelist:SeismicShockwave+1","theDuelist:NaturiaSacredTree","theDuelist:FuryFire+1","theDuelist:MultiplicationOfAnts","theDuelist:GracefulCharity+1","theDuelist:Canyon+1","theDuelist:NaturiaSacredTree+1","theDuelist:NaturiaForest+1","theDuelist:Wiretap","theDuelist:LairWire","theDuelist:LairWire","theDuelist:NaturiaStinkbug"],"relics":["theDuelist:MillenniumPuzzle","theDuelist:CardPoolRelic","theDuelist:CardPoolBasicRelic","theDuelist:BoosterPackPoolRelic","theDuelist:CardPoolAddRelic","theDuelist:CardPoolMinusRelic","theDuelist:CardPoolSaveRelic","theDuelist:CardPoolOptionsRelic","Membership Card","hubris:RGBLights","theDuelist:BoosterPackHealer","CaptainsWheel","Omamori","Garlic","theDuelist:MetronomeRelicB","Astrolabe","Replay:Wax Seal","theDuelist:MerchantTalisman","CeramicFish","Du-Vu Doll","Pen Nib"],"acts_visited":["Exordium","TheCity"],"potions_floor_usage":[11,16,16,18,24,24,25],"damage_taken":[{"damage":0,"enemies":"Jaw Worm","floor":1,"turns":5},{"damage":3,"enemies":"Small Slimes","floor":4,"turns":3},{"damage":22,"enemies":"Gremlin Nob","floor":6,"turns":5},{"damage":0,"enemies":"Cultist","floor":10,"turns":4},{"damage":13,"enemies":"3 Sentries","floor":11,"turns":5},{"damage":20,"enemies":"Lagavulin","floor":13,"turns":6},{"damage":0,"enemies":"The Guardian","floor":16,"turns":8},{"damage":6,"enemies":"2 Thieves","floor":18,"turns":3},{"damage":2,"enemies":"Chosen","floor":20,"turns":5},{"damage":29,"enemies":"Snecko","floor":21,"turns":7},{"damage":0,"enemies":"Centurion and Healer","floor":22,"turns":10},{"damage":49,"enemies":"Slavers","floor":24,"turns":5},{"damage":4,"enemies":"Sentry and Sphere","floor":25,"turns":5},{"damage":15,"enemies":"Nightmare","floor":27,"turns":2}],"seed_played":"237361178881605365","potions_obtained":[{"floor":6,"key":"theDuelist:SealedPackB"},{"floor":13,"key":"Milkshake"},{"floor":14,"key":"SpeedPotion"},{"floor":14,"key":"Elixir"},{"floor":16,"key":"Weak Potion"},{"floor":21,"key":"Energy Potion"},{"floor":24,"key":"BlessingOfTheForge"}],"is_trial":false,"path_per_floor":["M","?","$","M","?","E","T","R","T","M","E","R","E","?","R","B",null,"M","$","M","M","M","R","E","M","T","NM"],"character_chosen":"THE_DUELIST","items_purchased":["Membership Card","theDuelist:NaturiaMarron","Replay:Wax Seal","theDuelist:MerchantTalisman","CeramicFish"],"campfire_rested":1,"item_purchase_floors":[3,3,19,19,19],"current_hp_per_floor":[80,64,64,61,61,39,39,39,39,43,34,34,14,14,38,38,80,78,78,76,51,55,55,6,2,2,0,0],"gold":171,"neow_bonus":"HUNDRED_GOLD","is_daily":false,"chose_seed":false,"campfire_upgraded":3,"win_rate":0.0,"timestamp":1609799864,"path_taken":["M","?","$","M","?","E","?","R","T","?","E","R","E","?","R","BOSS","M","$","M","?","M","R","E","M","T","NM"],"items_purchased_type":["Relic","Card","Relic","Relic","Relic"],"build_version":"2020-12-22","purchased_purges":2,"victory":false,"max_hp_per_floor":[80,80,80,80,80,80,80,80,80,80,80,80,80,80,80,80,80,80,80,80,80,80,80,80,80,80,80,80],"card_choices":[{"not_picked":["Impatience","Mayhem","Secret Technique"],"picked":"Flash of Steel","floor":1},{"not_picked":["theDuelist:NaturiaDragonfly","theDuelist:Spore","theDuelist:NaturiaMantis","theDuelist:NaturiaBambooShoot"],"picked":"theDuelist:NaturiaEggplant","floor":4},{"not_picked":["theDuelist:SummoningSwarm","theDuelist:NaturiaStagBeetle","theDuelist:LuminousMoss","theDuelist:FossilDig"],"picked":"theDuelist:NaturiaBarkion","floor":6},{"not_picked":["theDuelist:DemiseLand","theDuelist:Canyon"],"picked":"theDuelist:HuntingInstinct","floor":10},{"not_picked":["theDuelist:NaturiaHydrangea","theDuelist:NaturiaEggplant","theDuelist:VenomShot","theDuelist:NaturiaLandoise"],"picked":"theDuelist:FuryFire","floor":11},{"not_picked":["theDuelist:NaturiaEggplant","theDuelist:NaturiaRagweed","theDuelist:NaturiaAntjaw","theDuelist:AfterGenocide"],"picked":"theDuelist:NaturiaMarron","floor":13},{"not_picked":["theDuelist:SeismicShockwave","theDuelist:HuntingInstinct","theDuelist:Canyon","theDuelist:HeartUnderdog"],"picked":"theDuelist:MultiplicationOfAnts","floor":16},{"not_picked":["theDuelist:NaturiaLeodrake+1","theDuelist:NatureReflection","theDuelist:Anteater","theDuelist:ConvulsionNature"],"picked":"theDuelist:NaturiaSacredTree","floor":18},{"not_picked":["theDuelist:NatureReflection+1","theDuelist:LeodrakeMane+1","theDuelist:LairWire+1","theDuelist:Canyon+1"],"picked":"theDuelist:NaturiaForest+1","floor":20},{"not_picked":["theDuelist:FuryFire+1","theDuelist:LuminousMoss+1","theDuelist:VenomShot+1","theDuelist:SphereKuriboh"],"picked":"theDuelist:Wiretap","floor":21},{"not_picked":["theDuelist:Pollinosis","theDuelist:NaturalDisaster+1","theDuelist:BottomlessTrapHole","theDuelist:AcidTrapHole"],"picked":"theDuelist:LairWire","floor":22},{"not_picked":["theDuelist:NaturiaLeodrake","theDuelist:NaturalDisaster","theDuelist:LeodrakeMane+1"],"picked":"theDuelist:LairWire","floor":24},{"not_picked":["theDuelist:NaturiaDragonfly","theDuelist:NaturiaCliff","theDuelist:NaturiaMarron","theDuelist:NaturiaLeodrake"],"picked":"theDuelist:NaturiaStinkbug","floor":25}],"player_experience":525267,"relics_obtained":[{"floor":5,"key":"hubris:RGBLights"},{"floor":6,"key":"theDuelist:BoosterPackHealer"},{"floor":7,"key":"CaptainsWheel"},{"floor":9,"key":"Omamori"},{"floor":11,"key":"Garlic"},{"floor":13,"key":"theDuelist:MetronomeRelicB"},{"floor":24,"key":"Du-Vu Doll"},{"floor":26,"key":"Pen Nib"}],"event_choices":[{"damage_healed":0,"gold_gain":0,"player_choice":"Entered Light","damage_taken":16,"max_hp_gain":0,"max_hp_loss":0,"event_name":"Shining Light","floor":2,"gold_loss":0,"cards_upgraded":["theDuelist:NaturiaRock","theDuelist:CastleWalls"]},{"damage_healed":0,"gold_gain":0,"player_choice":"Got Potions","damage_taken":0,"max_hp_gain":0,"max_hp_loss":0,"event_name":"Lab","floor":14,"gold_loss":0}],"is_beta":false,"boss_relics":[{"not_picked":["Pandora\u0027s Box","Ooze Armor"],"picked":"Astrolabe"}],"items_purged_floors":[3,19],"is_endless":false,"potions_floor_spawned":[6,13,16,21,24],"killed_by":"Nightmare","ascension_level":1}}