{"host":"t7mx8yfj1no5p62f","time":1609739123,"event":{"mods":["BaseMod","Colored Map","Colored Powertips","Minty Spire (QoL Compilation)","Relic Stats","StSLib"],"gold_per_floor":[114,130,142,142,162,195,208,208,208,178,197,232,232,267,267,346,346,365,365,378,393,174,174,174,174,174],"floor_reached":25,"playtime":980,"items_purged":["Strike_R"],"score":496,"play_id":"d3c8c5b5-b321-41b2-bb1e-ae6ecaec5d29","local_time":"20210104004523","is_ascension_mode":true,"campfire_choices":[{"data":"Metallicize","floor":8.0,"key":"SMITH"},{"data":"Bludgeon","floor":13.0,"key":"SMITH"},{"data":"Rage","floor":15.0,"key":"SMITH"},{"data":"Corruption","floor":23.0,"key":"SMITH"}],"circlet_count":0,"master_deck":["AscendersBane","Strike_R","Strike_R","Strike_R","Strike_R","Defend_R","Defend_R","Defend_R","Defend_R","Bash","Second Wind","Reckless Charge","Evolve","Reckless Charge","Metallicize+1","Bludgeon+1","Rage+1","Juggernaut","Corruption+1","Carnage","Shrug It Off","Sentinel","Decay"],"relics":["Burning Blood","Thread and Needle","Oddly Smooth Stone","Magic Flower","Dead Branch","Turnip","Black Star"],"acts_visited":["Exordium","TheCity"],"potions_floor_usage":[25,25],"damage_taken":[{"damage":3.0,"enemies":"Jaw Worm","floor":1.0,"turns":5.0},{"damage":4.0,"enemies":"Small Slimes","floor":2.0,"turns":6.0},{"damage":0.0,"enemies":"Cultist","floor":3.0,"turns":3.0},{"damage":0.0,"enemies":"2 Fungi Beasts","floor":5.0,"turns":3.0},{"damage":46.0,"enemies":"Lagavulin","floor":6.0,"turns":10.0},{"damage":3.0,"enemies":"Blue Slaver","floor":7.0,"turns":4.0},{"damage":3.0,"enemies":"Looter","floor":11.0,"turns":4.0},{"damage":0.0,"enemies":"Gremlin Nob","floor":12.0,"turns":3.0},{"damage":15.0,"enemies":"Lagavulin","floor":14.0,"turns":10.0},{"damage":16.0,"enemies":"Hexaghost","floor":16.0,"turns":8.0},{"damage":7.0,"enemies":"Shell Parasite","floor":18.0,"turns":4.0},{"damage":59.0,"enemies":"3 Byrds","floor":20.0,"turns":6.0},{"damage":10.0,"enemies":"Cultist and Chosen","floor":21.0,"turns":5.0},{"damage":38,"enemies":"Slavers","floor":25,"turns":3}],"seed_played":"-8277676587938481697","potions_obtained":[{"floor":1.0,"key":"DuplicationPotion"},{"floor":2.0,"key":"DistilledChaos"},{"floor":10.0,"key":"LiquidBronze"},{"floor":12.0,"key":"BlessingOfTheForge"},{"floor":16.0,"key":"PowerPotion"}],"is_trial":false,"path_per_floor":["M","M","M","?","M","E","M","R","T","?","M","E","R","E","R","B",null,"M","?","M","M","$","R","?","E"],"character_chosen":"IRONCLAD","items_purchased":["Sentinel","PowerPotion"],"campfire_rested":0,"item_purchase_floors":[22,22],"current_hp_per_floor":[53,55,61,66,72,32,35,35,35,35,41,50,50,44,44,37,69,71,71,21,20,20,20,20,0,0],"gold":174,"neow_bonus":"ONE_RARE_RELIC","is_daily":false,"chose_seed":false,"campfire_upgraded":4,"win_rate":0.0,"timestamp":1609739123,"path_taken":["M","M","M","?","M","E","M","R","T","?","?","E","R","E","R","BOSS","M","?","M","M","$","R","?","E"],"items_purchased_type":["Card","Potion"],"build_version":"2020-12-22","purchased_purges":1,"victory":false,"max_hp_per_floor":[75,75,75,80,80,80,80,80,80,80,80,80,80,80,80,80,80,80,80,80,80,80,80,80,80,80],"relic_stats":{"counters":[14,74],"Dead Branch":[71],"Magic Flower":[21],"Turnip":[2],"Black Star":0,"obtain_stats":[{"Dead Branch":12,"Oddly Smooth Stone":6,"Magic Flower":9,"Thread and Needle":0,"Turnip":14,"Black Star":17,"Burning Blood":0},{"Dead Branch":8,"Oddly Smooth Stone":5,"Magic Flower":6,"Thread and Needle":0,"Turnip":9,"Black Star":10,"Burning Blood":0},{"Dead Branch":38,"Oddly Smooth Stone":27,"Magic Flower":31,"Thread and Needle":0,"Turnip":48,"Black Star":56,"Burning Blood":0}],"Burning Blood":99},"card_choices":[{"not_picked":["Burning Pact","True Grit"],"picked":"Second Wind","floor":1.0},{"not_picked":["Warcry","Heavy Blade"],"picked":"Reckless Charge","floor":2.0},{"not_picked":["True Grit","Reckless Charge","Heavy Blade"],"picked":"SKIP","floor":3.0},{"not_picked":["Reaper","Searing Blow"],"picked":"Evolve","floor":5.0},{"not_picked":["Headbutt","Sentinel"],"picked":"Reckless Charge","floor":6.0},{"not_picked":["Armaments","True Grit"],"picked":"Metallicize","floor":7.0},{"not_picked":["Sword Boomerang","Rampage"],"picked":"Bludgeon","floor":11.0},{"not_picked":["Pummel","Pommel Strike"],"picked":"Rage","floor":12.0},{"not_picked":["Sentinel","Burning Pact"],"picked":"Juggernaut","floor":14.0},{"not_picked":["Fiend Fire","Double Tap"],"picked":"Corruption","floor":16.0},{"not_picked":["Armaments","Bloodletting"],"picked":"Carnage","floor":18.0},{"not_picked":["Sword Boomerang","Perfected Strike","Anger"],"picked":"SKIP","floor":20.0},{"not_picked":["Clash","Flex"],"picked":"Shrug It Off","floor":21.0}],"player_experience":1657238,"relics_obtained":[{"floor":6.0,"key":"Oddly Smooth Stone"},{"floor":9.0,"key":"Magic Flower"},{"floor":12.0,"key":"Dead Branch"},{"floor":14.0,"key":"Turnip"}],"event_choices":[{"damage_healed":0.0,"max_hp_gain":5.0,"max_hp_loss":0.0,"gold_gain":0.0,"event_name":"Big Fish","player_choice":"Donut","floor":4.0,"gold_loss":0.0,"damage_taken":0.0},{"damage_healed":0.0,"max_hp_gain":0.0,"max_hp_loss":0.0,"gold_gain":0.0,"event_name":"The Woman in Blue","player_choice":"Bought 2 Potions","floor":10.0,"gold_loss":0.0,"damage_taken":0.0},{"damage_healed":0.0,"max_hp_gain":0.0,"max_hp_loss":0.0,"gold_gain":0.0,"event_name":"The Mausoleum","player_choice":"Ignored","floor":19.0,"gold_loss":0.0,"damage_taken":0.0},{"damage_healed":0.0,"max_hp_gain":0.0,"max_hp_loss":0.0,"gold_gain":0.0,"event_name":"Forgotten Altar","player_choice":"Smashed Altar","floor":24.0,"gold_loss":0.0,"damage_taken":0.0,"cards_obtained":["Decay"]}],"is_beta":false,"boss_relics":[{"not_picked":["Tiny House","Runic Cube"],"picked":"Black Star"}],"items_purged_floors":[22],"is_endless":false,"potions_floor_spawned":[1,2,12,14,16,20],"killed_by":"Slavers","ascension_level":20}}