{"host":"mgc7o2tpy0ck407l","time":1609719091,"event":{"mods":["Alarm Clock","AlwaysNeverKeys","BaseMod","Better Altar","Better Match","Better Note","Better Sensory Stone","Better Skull","Better Third Choice","Better Vampires","Block Reminder","Booster Modes","Challenge The Spire","Colored Map","Colored Powertips","Disable Question Mark Monsters","Emptier Cage","Infinite Spire","Minty Spire (QoL Compilation)","Permanent Neow","Quick Restart","Rare Cards Sparkle","Reorder Act Four","Replay The Spire","Spicy Shops","StSLib","Transform Curses","Unceasing Turn Reminder"],"gold_per_floor":[114,133,66,85,85,85,120,178,203,203,203,1,1,13,13,13,13],"floor_reached":16,"playtime":525,"items_purged":["Strike_R"],"score":103,"play_id":"0bd37566-cd0e-4599-a42c-07eb2068b96a","local_time":"20210103191131","is_ascension_mode":true,"campfire_choices":[{"data":"Hemokinesis","floor":6,"key":"SMITH"},{"data":"Barricade","floor":13,"key":"SMITH"},{"data":"Hemogenesis","floor":15,"key":"SMITH"}],"circlet_count":0,"master_deck":["Strike_R","Strike_R","Strike_R","Defend_R","Defend_R","Defend_R","Bash","Hemogenesis+1","Hemokinesis+1","Metallicize","Hemokinesis","Pommel Strike","FTL","FTL","Warcry","Disarm","Barricade+1","Hemogenesis"],"relics":["Iron Core","infinitespire:Cubic Diamond","Omamori","Quantum Egg","Blue Doll","BargainBundle"],"acts_visited":["Exordium"],"potions_floor_usage":[],"damage_taken":[{"damage":1,"enemies":"Cultist","floor":1,"turns":3},{"damage":5,"enemies":"Small Slimes","floor":2,"turns":3},{"damage":4,"enemies":"2 Louse","floor":4,"turns":5},{"damage":47,"enemies":"Lagavulin","floor":7,"turns":7},{"damage":20,"enemies":"Gremlin Nob","floor":8,"turns":3},{"damage":14,"enemies":"Gremlin Gang","floor":14,"turns":5},{"damage":62,"enemies":"Slime Boss","floor":16,"turns":7}],"seed_played":"-655007186458587990","potions_obtained":[{"floor":1,"key":"Milkshake"},{"floor":2,"key":"Strength Potion"},{"floor":8,"key":"Regen Potion"}],"is_trial":false,"path_per_floor":["M","M","$","M","?","R","E","?","T","?","?","$","R","M","R","B"],"character_chosen":"IRONCLAD","items_purchased":["Metallicize","BargainBundle","FTL","Warcry","Disarm","Barricade"],"campfire_rested":0,"item_purchase_floors":[3,12,12,12,12,12],"current_hp_per_floor":[61,62,62,71,71,71,29,9,9,9,80,80,80,71,71,9,9],"gold":13,"neow_bonus":"TRANSFORM_TWO_CARDS","is_daily":false,"chose_seed":false,"campfire_upgraded":3,"win_rate":0.0,"timestamp":1609719091,"path_taken":["M","M","$","M","?","R","E","?","T","?","?","$","R","?","R","BOSS"],"items_purchased_type":["Card","Relic","Card","Card","Card","Card"],"build_version":"2020-12-22","purchased_purges":1,"victory":false,"max_hp_per_floor":[80,80,80,80,80,80,80,80,80,80,80,80,80,80,80,80,80],"card_choices":[{"not_picked":["Perfected Strike","Sword Boomerang"],"picked":"Hemokinesis","floor":1},{"not_picked":["Pummel","ReplayTheSpireMod:Stacked","Havoc"],"picked":"SKIP","floor":2},{"not_picked":["Pommel Strike","Life Link"],"picked":"Hemokinesis","floor":4},{"not_picked":["Intimidate","Anger"],"picked":"Pommel Strike","floor":7},{"not_picked":["Beam Cell","Cleave"],"picked":"Hemogenesis","floor":14}],"player_experience":715321,"relics_obtained":[{"floor":7,"key":"Omamori"},{"floor":8,"key":"Quantum Egg"},{"floor":9,"key":"Blue Doll"}],"event_choices":[{"damage_healed":0,"gold_gain":0,"player_choice":"Searched \u00271\u0027 times","damage_taken":0,"max_hp_gain":0,"max_hp_loss":0,"event_name":"Dead Adventurer","floor":8,"gold_loss":0},{"cards_removed":["Reckless Charge"],"damage_healed":71,"gold_gain":0,"player_choice":"Offered Uncommon","damage_taken":0,"max_hp_gain":0,"max_hp_loss":0,"event_name":"Bonfire Elementals","floor":11,"gold_loss":0}],"is_beta":false,"boss_relics":[],"items_purged_floors":[12],"is_endless":false,"potions_floor_spawned":[1,2,8],"killed_by":"Slime Boss","ascension_level":1}}