{"host":"z9grmtg2w0nmz8n1","time":1609737677,"event":{"mods":["Aspiration","Bard","BaseMod","Beaked The Cultist","Better Altar","Better Match","Better Note","Better Sensory Stone","Better Skull","Better Third Choice","BetterRewards","CCEM","Colored Map","Conspire","Downfall","GifTheSpireLib","Googly Eyes","Halation","Hermit","Highlight Path","Hubris","Hunter ??","Jedi Mod","Jorbs\u0027s Wanderer Trilogy","Mad Scientist","Marisa????????","Minty Spire (QoL Compilation)","Permanent Neow","Replay The Spire","Shade Mod","Shop Mod","Spicy Shops","StSLib","Stuff the Spire","The Bug Knight","The Construct","The Necromancer","The Runesmith","The Witch"],"gold_per_floor":[113,162,175,0,15,47,47,74,146,146,159,177,52,52,52],"floor_reached":14,"playtime":711,"items_purged":["Strike_G","Strike_G","Strike_G"],"score":105,"play_id":"1163af61-cceb-461e-bf78-215bfbda1d84","local_time":"20210104032117","is_ascension_mode":true,"campfire_choices":[{"floor":7,"key":"RECALL"}],"circlet_count":0,"master_deck":["Strike_G","Strike_G","Defend_G","Defend_G","Defend_G","Defend_G","Defend_G","Survivor","Neutralize","jedi:unstablefumes","Poisoned Stab","StuffTheSpire:Python","Poisoned Stab","StuffTheSpire:Python"],"relics":["Ring of the Snake","Dream Catcher","Eternal Feather","halation:KoshaPiece","Mirror","hubris:CrystalStatue"],"acts_visited":["Exordium"],"potions_floor_usage":[6,6,11],"damage_taken":[{"damage":0,"enemies":"Cultist","floor":1,"turns":4},{"damage":0,"enemies":"Jaw Worm","floor":3,"turns":4},{"damage":0,"enemies":"2 Louse","floor":5,"turns":2},{"damage":22,"enemies":"3 Sentries","floor":6,"turns":15},{"damage":34,"enemies":"Lagavulin","floor":8,"turns":8},{"damage":0,"enemies":"Lots of Slimes","floor":11,"turns":5},{"damage":9,"enemies":"Exordium Thugs","floor":12,"turns":4},{"damage":15,"enemies":"3 Sentries","floor":14,"turns":6}],"seed_played":"-4518067296695722174","potions_obtained":[{"floor":1,"key":"FearPotion"},{"floor":2,"key":"EssenceOfSteel"},{"floor":3,"key":"SpeedPotion"},{"floor":6,"key":"LiquidBronze"}],"is_trial":false,"path_per_floor":["M","?","M","$","M","E","R","E","T","?","M","M","$","E"],"character_chosen":"THE_SILENT","items_purchased":[],"campfire_rested":0,"item_purchase_floors":[],"current_hp_per_floor":[70,70,70,70,70,48,57,23,23,23,23,14,14,0,0],"gold":52,"neow_bonus":"RANDOM_COMMON_RELIC","is_daily":false,"chose_seed":false,"campfire_upgraded":0,"win_rate":0.0,"timestamp":1609737677,"path_taken":["M","?","M","$","M","E","R","E","T","?","?","M","?","E"],"items_purchased_type":[],"build_version":"2020-12-22","purchased_purges":3,"victory":false,"max_hp_per_floor":[70,70,70,70,70,70,70,70,70,70,70,70,70,70,70],"card_choices":[{"not_picked":["Leg Sweep","Backflip"],"picked":"jedi:unstablefumes","floor":1},{"not_picked":["Infinite Blades","Hidden Blade"],"picked":"Poisoned Stab","floor":2},{"not_picked":["Dodge and Roll","Choke"],"picked":"StuffTheSpire:Python","floor":3},{"not_picked":["Dagger Throw","Blade Dance"],"picked":"Poisoned Stab","floor":5},{"not_picked":["Backflip","Prepared"],"picked":"StuffTheSpire:Python","floor":6},{"not_picked":["Catalyst","Infinite Blades","ReplayTheSpireMod:Shiv Toss"],"picked":"SKIP","floor":8},{"not_picked":["Dagger Throw","Flying Knee","StuffTheSpire:Injection"],"picked":"SKIP","floor":11},{"not_picked":["Bane","Riddle With Holes","Outmaneuver"],"picked":"SKIP","floor":12}],"player_experience":773219,"relics_obtained":[{"floor":2,"key":"Eternal Feather"},{"floor":6,"key":"halation:KoshaPiece"},{"floor":8,"key":"Mirror"}],"event_choices":[{"damage_healed":0,"gold_gain":0,"player_choice":"Gave Potion","damage_taken":0,"relics_obtained":["hubris:CrystalStatue"],"max_hp_gain":0,"max_hp_loss":0,"event_name":"WeMeetAgain","floor":10,"gold_loss":0}],"is_beta":false,"boss_relics":[],"items_purged_floors":[4,4,13],"is_endless":false,"potions_floor_spawned":[1,3,6],"killed_by":"3 Sentries","ascension_level":1}}