{"host":"sum4dy402bbv9y4o","time":1609758797,"event":{"mods":["Aspiration","BaseMod","Conspire","Highlight Path","Minty Spire (QoL Compilation)","StSLib"],"gold_per_floor":[119,138,35,53,53,53,66,66,90,116,116,128,128,128,128,205,205,221,238,1,14,24,24,57,57,57,68,82,97,124,124,124,124,124],"floor_reached":33,"playtime":944,"items_purged":["Strike_B","Strike_B"],"score":627,"play_id":"e4279b3c-9369-4d9f-8c74-4a4dd9d67260","local_time":"20210104141317","is_ascension_mode":true,"campfire_choices":[{"data":"Zap","floor":6,"key":"SMITH"},{"data":"White Noise","floor":8,"key":"SMITH"},{"data":"Gash","floor":13,"key":"SMITH"},{"data":"Beam Cell","floor":15,"key":"SMITH"},{"data":"Go for the Eyes","floor":23,"key":"SMITH"},{"floor":25,"key":"REST"},{"floor":32,"key":"REST"}],"circlet_count":0,"master_deck":["AscendersBane","Strike_B","Strike_B","Defend_B","Defend_B","Defend_B","Defend_B","Zap+1","Dualcast+1","Chill","Rip and Tear","Beam Cell+1","Gash+1","White Noise+1","Gash+1","Ball Lightning","Electrodynamics+1","FTL","Ball Lightning+1","Go for the Eyes+1","Leap","Cold Snap","RitualDagger"],"relics":["Cracked Core","Frozen Egg 2","aspiration:EnhancedActuators","aspiration:SeaSaltIceCream","conspire:SpecialSausage","Spirit Poop","FossilizedHelix","Mercury Hourglass","Gambling Chip"],"acts_visited":["Exordium","TheCity"],"potions_floor_usage":[19,19,28,30,33],"damage_taken":[{"damage":0,"enemies":"conspire:RoseBush","floor":1,"turns":4},{"damage":0,"enemies":"Small Slimes","floor":2,"turns":3},{"damage":0,"enemies":"Cultist","floor":4,"turns":3},{"damage":3,"enemies":"Blue Slaver","floor":7,"turns":3},{"damage":26,"enemies":"Lagavulin","floor":10,"turns":6},{"damage":6,"enemies":"Looter","floor":12,"turns":2},{"damage":14,"enemies":"Hexaghost","floor":16,"turns":6},{"damage":3,"enemies":"Chosen","floor":18,"turns":3},{"damage":11,"enemies":"Shell Parasite","floor":19,"turns":2},{"damage":0,"enemies":"3 Cultists","floor":21,"turns":2},{"damage":1,"enemies":"Centurion and Healer","floor":22,"turns":2},{"damage":0,"enemies":"Gremlin Leader","floor":24,"turns":4},{"damage":6,"enemies":"Snecko","floor":27,"turns":4},{"damage":0,"enemies":"Snake Plant","floor":28,"turns":2},{"damage":0,"enemies":"Centurion and Healer","floor":29,"turns":3},{"damage":7,"enemies":"Slavers","floor":30,"turns":3},{"damage":65,"enemies":"conspire:MysteriousRune","floor":33,"turns":7}],"seed_played":"1359149484606265994","potions_obtained":[{"floor":1,"key":"Energy Potion"},{"floor":2,"key":"SpeedPotion"},{"floor":16,"key":"Swift Potion"},{"floor":21,"key":"FearPotion"},{"floor":28,"key":"Explosive Potion"}],"is_trial":false,"path_per_floor":["M","M","$","M","?","R","M","R","T","E","?","M","R","?","R","B",null,"M","M","$","M","M","R","E","R","T","M","M","M","E","?","R","B"],"character_chosen":"DEFECT","items_purchased":["Beam Cell","DistilledChaos","Go for the Eyes"],"campfire_rested":2,"item_purchase_floors":[3,20,20],"current_hp_per_floor":[64,64,64,64,64,64,61,61,61,35,35,29,29,29,29,15,57,54,43,43,43,42,42,42,63,63,57,57,57,50,44,65,0,0],"gold":124,"neow_bonus":"UPGRADE_CARD","is_daily":false,"chose_seed":false,"campfire_upgraded":5,"win_rate":0.0,"timestamp":1609758797,"path_taken":["M","M","$","M","?","R","M","R","T","E","?","M","R","?","R","BOSS","M","M","$","?","M","R","E","R","T","M","M","M","E","?","R","BOSS"],"items_purchased_type":["Card","Potion","Card"],"build_version":"2020-12-22","purchased_purges":2,"victory":false,"max_hp_per_floor":[71,71,71,71,71,71,71,71,71,71,71,71,71,71,71,71,71,71,71,71,71,71,71,71,71,71,71,71,71,71,71,71,71,71],"card_choices":[{"not_picked":["Undo","Stack"],"picked":"Chill","floor":1},{"not_picked":["Leap","Force Field"],"picked":"Rip and Tear","floor":2},{"not_picked":["Compile Driver","Hologram"],"picked":"Gash","floor":4},{"not_picked":["Compile Driver","Coolheaded"],"picked":"White Noise","floor":7},{"not_picked":["Chill","Stack"],"picked":"Gash","floor":10},{"not_picked":["Undo","Leap"],"picked":"Ball Lightning","floor":12},{"not_picked":["Buffer+1","Multi-Cast"],"picked":"Electrodynamics+1","floor":16},{"not_picked":["Aggregate","Storm+1"],"picked":"FTL","floor":18},{"not_picked":["Rebound","Barrage"],"picked":"Ball Lightning+1","floor":19},{"not_picked":["Steam Power","Hello World+1"],"picked":"Leap","floor":21},{"not_picked":["Beam Cell","Consume","Turbo"],"picked":"SKIP","floor":22},{"not_picked":["Multi-Cast","Streamline+1","Hologram"],"picked":"SKIP","floor":24},{"not_picked":["Ball Lightning","Coolheaded"],"picked":"Cold Snap","floor":27},{"not_picked":["Sweeping Beam","Doom and Gloom","Fusion"],"picked":"SKIP","floor":28},{"not_picked":["Stack","Hologram","Double Energy"],"picked":"SKIP","floor":29},{"not_picked":["Stack","Go for the Eyes","Reinforced Body"],"picked":"SKIP","floor":30}],"player_experience":2899839,"relics_obtained":[{"floor":9,"key":"aspiration:EnhancedActuators"},{"floor":10,"key":"aspiration:SeaSaltIceCream"},{"floor":24,"key":"FossilizedHelix"},{"floor":26,"key":"Mercury Hourglass"},{"floor":30,"key":"Gambling Chip"}],"event_choices":[{"damage_healed":0,"gold_gain":0,"player_choice":"Grow","damage_taken":0,"max_hp_gain":0,"max_hp_loss":0,"event_name":"Living Wall","floor":11,"gold_loss":0,"cards_upgraded":["Gash"]},{"cards_removed":["Injury"],"damage_healed":0,"gold_gain":0,"player_choice":"Offered Curse","damage_taken":0,"relics_obtained":["Spirit Poop"],"max_hp_gain":0,"max_hp_loss":0,"event_name":"Bonfire Elementals","floor":14,"gold_loss":0},{"damage_healed":0,"gold_gain":0,"player_choice":"Joined the Cult","damage_taken":6,"max_hp_gain":0,"max_hp_loss":0,"event_name":"Nest","floor":31,"gold_loss":0,"cards_obtained":["RitualDagger"]}],"is_beta":false,"boss_relics":[{"not_picked":["Snecko Eye","Pandora\u0027s Box","aspiration:FutureDiary"]}],"items_purged_floors":[3,20],"is_endless":false,"potions_floor_spawned":[1,2,16,18,21,28],"killed_by":"conspire:MysteriousRune","ascension_level":20}}