{"host":"pcbz64t4k17ey4z1","time":1609803751,"event":{"mods":["2.2 Compatiblity","AchievementEnabler","Act Like it!","Aspiration","BaseMod","Beaked The Cultist","Better Match","Better Third Choice","BetterRewards","Card Forge","Colored Map","Colored Powertips","Conspire","Disable Question Mark Monsters","Fireblade Mod","Friendly Minions","Gensokyo","GifTheSpireLib","Glutton Mod","Googly Eyes","Gremlin Mod","Hermit","Hubris","Infinite Spire","Koishi","Marisa????????","Minty Spire (QoL Compilation)","Permanent Neow","Potionbrewer","Quick Restart","Random Character Button","Rare Cards Sparkle","Relic Filter","Replay The Spire","Robot Space Explorer","Shade Mod","Shop Mod","Small Relic Pack","Spicy Shops","StSLib","Stuff the Spire","SuperFastMode","The Animator","The Cursed","The Druid","The Gatherer","The Hierophant","The IronCluck","The Jungle","The Marked","The Runesmith","Virulent Crown","Waifu the Spire","Wandering Minibosses","vexMod"],"gold_per_floor":[359,378,11,30,46,73,73,99,99,99,99,99,116,116,116,217,217,234,252,271,271,271,271,296,313,392,423,440,440,450,475,475,570,570,589,608,621,633,633,663,663,689,714,727,727,727],"floor_reached":45,"playtime":1953,"items_purged":[],"score":972,"play_id":"3d95440c-3a9d-458a-83e4-d448dd6e5e45","local_time":"20210104234231","is_ascension_mode":false,"campfire_choices":[{"data":"RobotSpaceExplorer:FreezeRay","floor":7,"key":"SMITH"},{"data":"RobotSpaceExplorer:IronShell","floor":11,"key":"SMITH"},{"data":"RobotSpaceExplorer:ToxicBomb","floor":15,"key":"SMITH"},{"floor":23,"key":"REST"},{"data":"RobotSpaceExplorer:DualCore","floor":29,"key":"SMITH"},{"data":"RobotSpaceExplorer:GlueSpray","floor":32,"key":"SMITH"},{"data":"RobotSpaceExplorer:MiniBoosters","floor":41,"key":"SMITH"}],"circlet_count":0,"master_deck":["RobotSpaceExplorer:Scan+1","RobotSpaceExplorer:MiniLasers+1","RobotSpaceExplorer:ScrapMissile+1","RobotSpaceExplorer:IronShell+1","RobotSpaceExplorer:FreezeRay+1","RobotSpaceExplorer:MetalStrike","Dramatic Entrance+1","RobotSpaceExplorer:ScrapToss","RobotSpaceExplorer:MiniDrones","RobotSpaceExplorer:Autoloader+1","RobotSpaceExplorer:ToxicBomb+1","RobotSpaceExplorer:ChargingLaser","RobotSpaceExplorer:PowerCollector+1","RobotSpaceExplorer:DualCore+1","RobotSpaceExplorer:Pulsar","RobotSpaceExplorer:StarLightning","RobotSpaceExplorer:GlueSpray+1","RobotSpaceExplorer:Explosion","RobotSpaceExplorer:ExhaustFan","RobotSpaceExplorer:MiniBoosters+1","RobotSpaceExplorer:ScrapMissile","RobotSpaceExplorer:ScrapMissile+1","RobotSpaceExplorer:ScrapMissile+1","RobotSpaceExplorer:Fix"],"relics":["RobotSpaceExplorer:RoboCore","Hammer of Thor","Seething Fire","Anvil of the Gods","Blood Vial","conspire:DeflatedDodgeball","Snack Pack","infinitespire:Cupcake","wanderingMiniBosses:OtherGremlinHorn","hubris:Towel","aspiration:RitualStick","Replay:Rubber Ducky","StuffTheSpire:PointBlank","aspiration:EmptySkull","aspiration:Stabinomicon","Sozu","Strawberry","hubris:CrystalStatue","StuffTheSpire:GrapeVine"],"acts_visited":["Exordium","TheCity","TheBeyond"],"potions_floor_usage":[6,8,16,16,20,27,31],"damage_taken":[{"damage":5,"enemies":"2 Louse","floor":1,"turns":3},{"damage":1,"enemies":"Jaw Worm","floor":2,"turns":2},{"damage":0,"enemies":"Small Slimes","floor":4,"turns":3},{"damage":0,"enemies":"Looter","floor":5,"turns":5},{"damage":8,"enemies":"3 Sentries","floor":6,"turns":5},{"damage":0,"enemies":"Gremlin Nob","floor":8,"turns":2},{"damage":0,"enemies":"Blue Slaver","floor":13,"turns":2},{"damage":6,"enemies":"Slime Boss","floor":16,"turns":6},{"damage":12,"enemies":"Shell Parasite","floor":18,"turns":3},{"damage":0,"enemies":"3 Byrds","floor":19,"turns":3},{"damage":29,"enemies":"Centurion and Healer","floor":20,"turns":7},{"damage":2,"enemies":"Slavers","floor":24,"turns":4},{"damage":0,"enemies":"Snecko","floor":25,"turns":4},{"damage":0,"enemies":"Nightmare","floor":27,"turns":6},{"damage":0,"enemies":"Cultist and Chosen","floor":28,"turns":2},{"damage":0,"enemies":"Chosen and Byrds","floor":30,"turns":3},{"damage":0,"enemies":"Book of Stabbing","floor":31,"turns":3},{"damage":0,"enemies":"Pondfish","floor":33,"turns":6},{"damage":0,"enemies":"Orb Walker","floor":35,"turns":1},{"damage":0,"enemies":"3 Darklings","floor":36,"turns":3},{"damage":0,"enemies":"Writhing Mass","floor":37,"turns":2},{"damage":0,"enemies":"Sphere and 2 Shapes","floor":38,"turns":2},{"damage":0,"enemies":"Giant Head","floor":40,"turns":3},{"damage":0,"enemies":"Reptomancer","floor":42,"turns":3},{"damage":0,"enemies":"Transient","floor":44,"turns":4},{"damage":90,"enemies":"Nightmare","floor":45,"turns":4}],"seed_played":"3209412490426210595","potions_obtained":[{"floor":4,"key":"PowerPotion"},{"floor":5,"key":"potionbrewer:HastePotion"},{"floor":8,"key":"Swift Potion"},{"floor":13,"key":"potionbrewer:FreezingPotion"},{"floor":19,"key":"Energy Potion"},{"floor":25,"key":"ColorlessPotion"},{"floor":33,"key":"SmokeBomb"}],"is_trial":false,"path_per_floor":["M","M","$","M","M","E","R","E","T","?","R","?","M","?","R","B",null,"M","M","M","?","?","R","E","M","T","NM","M","R","M","E","R","B",null,"M","M","M","M","?","E","R","E","T","M","NM"],"character_chosen":"RobotSpaceExplorer","items_purchased":["RobotSpaceExplorer:FreezeRay","RobotSpaceExplorer:MetalStrike","Blood Vial","Dramatic Entrance"],"campfire_rested":1,"item_purchase_floors":[3,3,3,3],"current_hp_per_floor":[70,69,69,71,73,67,67,69,69,69,69,75,75,75,75,71,75,65,71,62,62,47,69,73,75,75,75,75,75,75,75,75,75,75,75,75,75,75,75,82,82,82,82,82,0,0],"gold":727,"neow_bonus":"TWO_FIFTY_GOLD","is_daily":false,"chose_seed":false,"campfire_upgraded":6,"win_rate":0.0,"timestamp":1609803751,"path_taken":["M","M","$","M","M","E","R","E","T","?","R","?","M","?","R","BOSS","M","M","M","?","?","R","E","M","T","NM","M","R","M","E","R","BOSS","M","M","M","M","?","E","R","E","T","M","NM"],"items_purchased_type":["Card","Card","Relic","Card"],"build_version":"2020-12-22","purchased_purges":0,"victory":false,"max_hp_per_floor":[75,75,75,75,75,75,75,75,75,75,75,75,75,75,75,75,75,75,75,75,75,75,75,75,75,75,75,75,75,75,75,75,75,75,75,75,75,75,75,82,82,82,82,82,82,82],"card_choices":[{"not_picked":["RobotSpaceExplorer:Fix","RobotSpaceExplorer:Ammunition"],"picked":"RobotSpaceExplorer:ScrapMissile","floor":1},{"not_picked":["RobotSpaceExplorer:StarDust","RobotSpaceExplorer:LaserBurst"],"picked":"RobotSpaceExplorer:IronShell","floor":2},{"not_picked":["RobotSpaceExplorer:Counterblock","RobotSpaceExplorer:SurgingStrike","RobotSpaceExplorer:ShockKick"],"picked":"SKIP","floor":4},{"not_picked":["RobotSpaceExplorer:SurgingStrike","RobotSpaceExplorer:Ammunition"],"picked":"RobotSpaceExplorer:ScrapToss","floor":5},{"not_picked":["RobotSpaceExplorer:SurgingShield","RobotSpaceExplorer:MetalStrike"],"picked":"RobotSpaceExplorer:MiniDrones","floor":6},{"not_picked":["RobotSpaceExplorer:FranticSearch","RobotSpaceExplorer:ImprovisedAttack"],"picked":"RobotSpaceExplorer:Autoloader","floor":8},{"not_picked":["RobotSpaceExplorer:SurgingShield","RobotSpaceExplorer:Counterblock"],"picked":"RobotSpaceExplorer:ToxicBomb","floor":13},{"not_picked":["RobotSpaceExplorer:TrailblazerForm","RobotSpaceExplorer:Asteroid"],"picked":"RobotSpaceExplorer:ChargingLaser","floor":16},{"not_picked":["RobotSpaceExplorer:ScrapToss","RobotSpaceExplorer:Reload","RobotSpaceExplorer:SlimeMissile+1"],"picked":"SKIP","floor":18},{"not_picked":["RobotSpaceExplorer:SurgingShield","RobotSpaceExplorer:TurboDodge"],"picked":"RobotSpaceExplorer:PowerCollector","floor":19},{"not_picked":["RobotSpaceExplorer:GlueShot+1","RobotSpaceExplorer:ImprovisedAttack"],"picked":"RobotSpaceExplorer:DualCore","floor":20},{"not_picked":["RobotSpaceExplorer:SlimeMissile","RobotSpaceExplorer:StarLightning"],"picked":"RobotSpaceExplorer:Pulsar","floor":24},{"not_picked":["RobotSpaceExplorer:Calculate","RobotSpaceExplorer:Electroshield","RobotSpaceExplorer:Reload"],"picked":"SKIP","floor":25},{"not_picked":["RobotSpaceExplorer:SurgingShield","RobotSpaceExplorer:ScrapMissile"],"picked":"RobotSpaceExplorer:StarLightning","floor":27},{"not_picked":["RobotSpaceExplorer:SelfCleaning","RobotSpaceExplorer:ShovelStrike"],"picked":"RobotSpaceExplorer:LuckyStrike","floor":28},{"not_picked":["RobotSpaceExplorer:SlimeMissile+1","RobotSpaceExplorer:Ammunition","RobotSpaceExplorer:Reload"],"picked":"SKIP","floor":30},{"not_picked":["RobotSpaceExplorer:Electropulse","RobotSpaceExplorer:ShockKick"],"picked":"RobotSpaceExplorer:GlueSpray","floor":31},{"not_picked":["RobotSpaceExplorer:TrailblazerForm","RobotSpaceExplorer:Autoloader"],"picked":"RobotSpaceExplorer:Explosion","floor":33},{"not_picked":["RobotSpaceExplorer:SwiftStep","RobotSpaceExplorer:Ammunition"],"picked":"RobotSpaceExplorer:ExhaustFan","floor":35},{"not_picked":["RobotSpaceExplorer:SelfCleaning+1","RobotSpaceExplorer:FranticSearch","RobotSpaceExplorer:ImprovisedAttack+1"],"picked":"SKIP","floor":36},{"not_picked":["RobotSpaceExplorer:FrostMissile+1","RobotSpaceExplorer:HighVoltage"],"picked":"RobotSpaceExplorer:MiniBoosters","floor":37},{"not_picked":["RobotSpaceExplorer:RigExplosive","RobotSpaceExplorer:GlueShot"],"picked":"RobotSpaceExplorer:ScrapMissile","floor":38},{"not_picked":["RobotSpaceExplorer:Counterblock","RobotSpaceExplorer:StarDust+1"],"picked":"RobotSpaceExplorer:ScrapMissile+1","floor":40},{"not_picked":["RobotSpaceExplorer:StunGrenade","RobotSpaceExplorer:Calculate+1"],"picked":"RobotSpaceExplorer:ScrapMissile+1","floor":42},{"not_picked":["RobotSpaceExplorer:StarDust+1","RobotSpaceExplorer:Probe+1"],"picked":"RobotSpaceExplorer:Fix","floor":44}],"player_experience":3862463,"relics_obtained":[{"floor":6,"key":"conspire:DeflatedDodgeball"},{"floor":8,"key":"Snack Pack"},{"floor":20,"key":"wanderingMiniBosses:OtherGremlinHorn"},{"floor":24,"key":"Replay:Rubber Ducky"},{"floor":26,"key":"StuffTheSpire:PointBlank"},{"floor":27,"key":"aspiration:EmptySkull"},{"floor":31,"key":"aspiration:Stabinomicon"},{"floor":40,"key":"Strawberry"},{"floor":42,"key":"hubris:CrystalStatue"},{"floor":43,"key":"StuffTheSpire:GrapeVine"}],"event_choices":[],"is_beta":false,"boss_relics":[{"not_picked":["vexMod:DeviousBotling","Replay:Drink Me"],"picked":"infinitespire:Cupcake"},{"not_picked":["Empty Cage","Calling Bell"],"picked":"Sozu"}],"items_purged_floors":[],"is_endless":false,"potions_floor_spawned":[4,5,8,13,19,25,28,33,36,37],"killed_by":"Nightmare","ascension_level":0}}