{"host":"61xbmbtf5zrn7rzc","time":1609799828,"event":{"mods":["BaseMod","Challenge The Spire","Hubris","Minty Spire (QoL Compilation)","Replay The Spire","StSLib","SuperFastMode","The Marked"],"gold_per_floor":[119,131,52,69,69,100,100,130,153,183,183,216,236,247,247,350,350,360,371,371,381,381,365,365,398,398,433,447,481,496,510,510,711,711,726,235,288,288,303,303,303],"floor_reached":40,"playtime":2431,"items_purged":[],"score":728,"play_id":"09f6b730-0d76-421f-8c0e-057264c0dc54","local_time":"20210104173708","daily_mods":["SealedDeck","Heirloom","DeadlyEvents","Elite Swarm"],"is_ascension_mode":true,"campfire_choices":[{"data":"Bouncing Flask","floor":7,"key":"SMITH"},{"data":"Malaise","floor":11,"key":"SMITH"},{"data":"Tools of the Trade","floor":15,"key":"SMITH"},{"floor":24,"key":"REST"},{"floor":32,"key":"REST"}],"circlet_count":0,"master_deck":["Catalyst","Footwork","Distraction","Deadly Poison","Cloak And Dagger","Bouncing Flask+1","Cloak And Dagger","Flechettes+1","Deflect","Deflect","Deflect","Leg Sweep","Malaise+1","Venomology","Tools of the Trade+1","Burst","Fluid Movement","hubris:NaturalOne","Deflect+1","Master of Strategy","Footwork"],"relics":["Ring of the Snake","hubris:Spice","Shuriken","Regal Pillow","Fusion Hammer","hubris:Icosahedron","hubris:MysteriousPyramids","Tough Bandages","hubris:Reverence","Replay:Towering Pillar of Hats","Bag of Preparation","CeramicFish"],"acts_visited":["Exordium","TheCity","TheBeyond"],"potions_floor_usage":[12,14,14,16,16,16,19,21,23,23,25,25,29,30,31,33,33,33,40,40],"damage_taken":[{"damage":0,"enemies":"Cultist","floor":1,"turns":3},{"damage":0,"enemies":"Jaw Worm","floor":2,"turns":3},{"damage":0,"enemies":"2 Louse","floor":4,"turns":2},{"damage":0,"enemies":"Gremlin Nob","floor":6,"turns":3},{"damage":1,"enemies":"3 Sentries","floor":8,"turns":6},{"damage":2,"enemies":"Lagavulin","floor":10,"turns":5},{"damage":2,"enemies":"3 Sentries","floor":12,"turns":3},{"damage":0,"enemies":"Looter","floor":13,"turns":2},{"damage":0,"enemies":"2 Fungi Beasts","floor":14,"turns":4},{"damage":0,"enemies":"Fading Forest","floor":16,"turns":11},{"damage":1,"enemies":"Chosen","floor":18,"turns":5},{"damage":0,"enemies":"Shell Parasite","floor":19,"turns":4},{"damage":0,"enemies":"3 Cultists","floor":21,"turns":4},{"damage":1,"enemies":"Gremlin Leader","floor":23,"turns":5},{"damage":5,"enemies":"Slavers","floor":25,"turns":3},{"damage":0,"enemies":"Replay:Snechameleon","floor":27,"turns":5},{"damage":6,"enemies":"Snake Plant","floor":28,"turns":3},{"damage":0,"enemies":"Book of Stabbing","floor":29,"turns":4},{"damage":0,"enemies":"Cultist and Chosen","floor":30,"turns":7},{"damage":4,"enemies":"Centurion and Healer","floor":31,"turns":4},{"damage":14,"enemies":"Champ","floor":33,"turns":7},{"damage":0,"enemies":"Orb Walker","floor":35,"turns":4},{"damage":0,"enemies":"3 Shapes","floor":39,"turns":5},{"damage":60,"enemies":"Reptomancer","floor":40,"turns":3}],"seed_played":"8352232691668646034","potions_obtained":[{"floor":1,"key":"Energy Potion"},{"floor":8,"key":"Weak Potion"},{"floor":10,"key":"Strength Potion"},{"floor":14,"key":"LiquidBronze"},{"floor":18,"key":"Weak Potion"},{"floor":27,"key":"BlessingOfTheForge"},{"floor":29,"key":"EssenceOfSteel"},{"floor":30,"key":"Ancient Potion"},{"floor":33,"key":"GamblersBrew"},{"floor":39,"key":"Languid Potion"}],"is_trial":true,"path_per_floor":["M","M","$","M","?","E","R","E","T","E","R","E","M","M","R","B",null,"M","M","$","M","?","E","R","E","T","E","M","E","M","M","R","B",null,"M","$","?","?","M","E"],"character_chosen":"THE_SILENT","items_purchased":["Leg Sweep","Replay:Towering Pillar of Hats","Master of Strategy"],"campfire_rested":2,"item_purchase_floors":[3,36,36],"current_hp_per_floor":[78,78,78,78,78,78,78,85,85,83,83,81,81,81,81,81,86,85,85,85,85,85,84,86,81,81,81,75,75,86,82,86,72,86,86,86,52,52,52,0,0],"gold":303,"neow_bonus":"","is_daily":false,"chose_seed":false,"campfire_upgraded":3,"win_rate":0.0,"timestamp":1609799828,"path_taken":["M","M","$","?","?","E","R","E","T","E","R","E","M","?","R","BOSS","M","M","$","M","?","E","R","E","T","E","M","E","M","M","R","BOSS","M","$","?","?","M","E"],"items_purchased_type":["Card","Relic","Card"],"build_version":"2020-12-22","purchased_purges":0,"victory":false,"max_hp_per_floor":[78,78,78,78,78,78,78,86,86,86,86,86,86,86,86,86,86,86,86,86,86,86,86,86,86,86,86,86,86,86,86,86,86,86,86,86,86,86,86,86,86],"card_choices":[{"not_picked":["Flying Knee","Prepared"],"picked":"Deflect","floor":1},{"not_picked":["Underhanded Strike","Flying Knee","Dash"],"picked":"SKIP","floor":2},{"not_picked":["Calculated Gamble","PiercingWail"],"picked":"Malaise","floor":4},{"not_picked":["A Thousand Cuts","Poison Darts","Grand Finale"],"picked":"SKIP","floor":6},{"not_picked":["Replay:Bag of Tricks","ReplayTheSpireMod:Necrosis","Glass Knife"],"picked":"SKIP","floor":8},{"not_picked":["Corpse Explosion","Adrenaline"],"picked":"Venomology","floor":10},{"not_picked":["Corpse Explosion","Grand Finale"],"picked":"Tools of the Trade","floor":12},{"not_picked":["Dash","Setup","Dodge and Roll"],"picked":"SKIP","floor":13},{"not_picked":["Setup","Footwork","hubris:SpiceAddiction"],"picked":"SKIP","floor":14},{"not_picked":["Flying Knee","Backstab+1","Bouncing Flask"],"picked":"SKIP","floor":18},{"not_picked":["hubris:SlightOfHand","Underhanded Strike","hubris:SpiceAddiction"],"picked":"SKIP","floor":19},{"not_picked":["Dodge and Roll+1","Underhanded Strike","Escape Plan"],"picked":"SKIP","floor":21},{"not_picked":["Malaise","ReplayTheSpireMod:Necrosis"],"picked":"Burst","floor":23},{"not_picked":["Poison Darts","Storm of Steel","Atom Bomb"],"picked":"SKIP","floor":25},{"not_picked":["hubris:SpiceAddiction","Atom Bomb","Glass Knife"],"picked":"SKIP","floor":27},{"not_picked":["hubris:Sniper+1","All Out Attack"],"picked":"Fluid Movement","floor":28},{"not_picked":["Corpse Explosion","After Image","Doppelganger"],"picked":"SKIP","floor":29},{"not_picked":["Infinite Blades","Bane","hubris:SlightOfHand"],"picked":"SKIP","floor":30},{"not_picked":["Prepared","Hidden Blade","Slice"],"picked":"SKIP","floor":31},{"not_picked":["hubris:SlightOfHand","Dodge and Roll+1"],"picked":"Deflect+1","floor":35},{"not_picked":["Dagger Spray","Outmaneuver+1"],"picked":"Footwork","floor":37},{"not_picked":["Sucker Punch","Poisoned Stab","Dagger Spray+1"],"picked":"SKIP","floor":39}],"player_experience":99390,"relics_obtained":[{"floor":6,"key":"Shuriken"},{"floor":8,"key":"hubris:Spice"},{"floor":9,"key":"Regal Pillow"},{"floor":23,"key":"hubris:MysteriousPyramids"},{"floor":26,"key":"Tough Bandages"},{"floor":29,"key":"hubris:Reverence"},{"floor":37,"key":"Bag of Preparation"}],"event_choices":[{"damage_healed":0,"gold_gain":0,"player_choice":"Gave Potion","damage_taken":0,"relics_obtained":["CeramicFish"],"max_hp_gain":0,"max_hp_loss":0,"event_name":"WeMeetAgain","floor":38,"gold_loss":0}],"is_beta":false,"boss_relics":[{"not_picked":["hubris:TerracottaHorce","Astrolabe"],"picked":"Fusion Hammer"},{"not_picked":["hubris:Spice","hubris:GrandSneckoEye","hubris:CrackedHourglass"]}],"items_purged_floors":[],"is_endless":false,"potions_floor_spawned":[1,8,10,12,14,18,27,28,29,30,33,39],"killed_by":"Reptomancer","ascension_level":1}}