{"host":"2he95iptrbxkejc1","time":1609774915,"event":{"mods":["AchievementEnabler","BaseMod","Minty Spire (QoL Compilation)"],"gold_per_floor":[119,134,145,220,240,240,273,285,321,366,388,420,490,518,530,542,542],"floor_reached":16,"playtime":520,"items_purged":[],"score":114,"play_id":"f6401b10-22de-474a-9437-f88362ded619","local_time":"20210104154155","is_ascension_mode":false,"campfire_choices":[{"data":"Inflame","floor":6,"key":"SMITH"},{"data":"Bash","floor":8,"key":"SMITH"},{"floor":15,"key":"REST"}],"circlet_count":0,"master_deck":["Strike_R+1","Strike_R","Strike_R+1","Strike_R","Strike_R","Defend_R","Defend_R","Defend_R","Defend_R","Bash+1","Inflame+1","Flex","Anger","Heavy Blade","Warcry"],"relics":["Philosopher\u0027s Stone","MawBank","Smiling Mask","Whetstone"],"acts_visited":["Exordium"],"potions_floor_usage":[5,7,10,12],"damage_taken":[{"damage":1,"enemies":"2 Louse","floor":1,"turns":2},{"damage":4,"enemies":"Small Slimes","floor":2,"turns":3},{"damage":7,"enemies":"Jaw Worm","floor":3,"turns":2},{"damage":15,"enemies":"Gremlin Gang","floor":5,"turns":5},{"damage":11,"enemies":"Gremlin Nob","floor":7,"turns":4},{"damage":19,"enemies":"Lagavulin","floor":10,"turns":5},{"damage":11,"enemies":"3 Louse","floor":11,"turns":3},{"damage":9,"enemies":"Red Slaver","floor":12,"turns":2},{"damage":2,"enemies":"Exordium Thugs","floor":14,"turns":3},{"damage":31,"enemies":"Slime Boss","floor":16,"turns":4}],"seed_played":"7000869433856134363","potions_obtained":[{"floor":1,"key":"Weak Potion"},{"floor":2,"key":"BloodPotion"},{"floor":3,"key":"SpeedPotion"},{"floor":11,"key":"PowerPotion"}],"is_trial":false,"path_per_floor":["M","M","M","?","M","R","E","R","T","E","M","M","?","M","R","B"],"character_chosen":"IRONCLAD","items_purchased":[],"campfire_rested":1,"item_purchase_floors":[],"current_hp_per_floor":[79,75,68,57,58,58,47,47,47,28,17,8,8,6,30,0,0],"gold":542,"neow_bonus":"BOSS_RELIC","is_daily":false,"chose_seed":false,"campfire_upgraded":2,"win_rate":0.0,"timestamp":1609774915,"path_taken":["M","M","M","?","M","R","E","R","T","E","M","M","?","M","R","BOSS"],"items_purchased_type":[],"build_version":"2020-12-22","purchased_purges":0,"victory":false,"max_hp_per_floor":[80,80,80,80,80,80,80,80,80,80,80,80,80,80,80,80,80],"card_choices":[{"not_picked":["Shrug It Off","Flame Barrier"],"picked":"Inflame","floor":1},{"not_picked":["Wild Strike","Clothesline","True Grit"],"picked":"SKIP","floor":2},{"not_picked":["Metallicize","Reckless Charge","Infernal Blade"],"picked":"SKIP","floor":3},{"not_picked":["Sever Soul","Burning Pact","Clothesline"],"picked":"SKIP","floor":5},{"not_picked":["Reckless Charge","Armaments","Thunderclap"],"picked":"SKIP","floor":7},{"not_picked":["Sever Soul","Clash"],"picked":"Flex","floor":10},{"not_picked":["Wild Strike","Immolate"],"picked":"Anger","floor":11},{"not_picked":["Feel No Pain","Anger"],"picked":"Heavy Blade","floor":12},{"not_picked":["Fire Breathing","Feel No Pain"],"picked":"Warcry","floor":14}],"player_experience":44032,"relics_obtained":[{"floor":7,"key":"MawBank"},{"floor":9,"key":"Smiling Mask"},{"floor":10,"key":"Whetstone"}],"event_choices":[{"damage_healed":0,"gold_gain":75,"player_choice":"Gather Gold","damage_taken":11,"max_hp_gain":0,"max_hp_loss":0,"event_name":"World of Goop","floor":4,"gold_loss":0},{"damage_healed":0,"gold_gain":58,"player_choice":"Gained Gold","damage_taken":0,"max_hp_gain":0,"max_hp_loss":0,"event_name":"Golden Wing","floor":13,"gold_loss":0}],"is_beta":false,"boss_relics":[],"items_purged_floors":[],"is_endless":false,"potions_floor_spawned":[1,2,3,11],"killed_by":"Slime Boss","ascension_level":0}}