{"host":"b4asi0laiv85suj9","time":1609735592,"event":{"mods":["ATMod(°¢èªMod)","BaseMod","Minty Spire (QoL Compilation)","MostiFishMod","Relic Stats","StSLib","TestMod","noobMod"],"gold_per_floor":[116,129,140,150,75,104,104,179,179,104,137,155,174,208,208,281,281,298,316,164,214,230,230,261,273,273,273,299,499,526,545,545,621,621,638,688,707,717,403,403,432,432,432,1048,1048,1075,1075,1107,1107,1107,1107,1107,1107,131,761,761],"floor_reached":57,"playtime":3703,"items_purged":["Strike_B","Strike_B","Strike_B","Defend_B"],"score":3540,"play_id":"7334e808-84ee-4011-8a3d-61e872ae8978","local_time":"20210104124631","is_ascension_mode":true,"campfire_choices":[{"data":"Heatsinks","floor":15.0,"key":"SMITH"},{"data":"AT_FamilyPortrait","floor":23.0,"key":"SMITH"},{"data":"MostiFishMod:GatherIntelligence","floor":27.0,"key":"SMITH"},{"data":"Electrodynamics","floor":32.0,"key":"SMITH"},{"data":"AT_ThunderBolt","floor":40.0,"key":"SMITH"},{"floor":42.0,"key":"RECALL"},{"data":"AT_StudyProgram","floor":45,"key":"SMITH"},{"floor":47,"key":"DIG"},{"data":"MostiFishMod:Prepare","floor":49,"key":"SMITH"},{"floor":53,"key":"DIG"}],"circlet_count":0,"master_deck":["AscendersBane","Defend_B","Defend_B","Defend_B","Zap","Dualcast","AT_FamilyPortrait+1","AT_EMC2","MostiFishMod:GatherIntelligence+1","Heatsinks+1","Ball Lightning","Undo+1","Recycle+1","MostiFishMod:ActiveDefenseSystem","Storm","MostiFishMod:DeathFromBelow","Coolheaded+1","Hologram+1","Turbo+1","Cold Snap","Electrodynamics+1","AT_DarkMatter+1","MostiFishMod:LinkProtocol+1","AT_StudyProgram+1","AT_ThunderBolt+1","Turbo+1","AT_DarkMatter+1","White Noise+1","Coolheaded+1","MostiFishMod:Prepare+1","Capacitor+1","Enlightenment+1","Creative AI"],"relics":["Cracked Core","testmod-TestBox","DaveBox","ice","AT_ATBox","NeowsBlessing","testmod-CasingShield","White Beast Statue","SynthV:TestCard","testmod-BlackFramedGlasses","AT_BellowingDragoncrestRing","Toxic Egg 2","StoneCalendar","Inserter","Ornamental Fan","Centennial Puzzle","DataDisk","GreenFoldingFan","Shovel","AT_SilvercatRing","Pen Nib","AT_RedTearstoneRing","Bottled Lightning","Mercury Hourglass","AT_ArchangelStaff","AT_EbonyIvory","Dodecahedron","Vajra"],"acts_visited":["Exordium","TheCity","TheBeyond","TheEnding"],"potions_floor_usage":[44,44,54,56,56],"damage_taken":[{"damage":0.0,"enemies":"Small Slimes","floor":1.0,"turns":1.0},{"damage":0.0,"enemies":"2 Louse","floor":2.0,"turns":1.0},{"damage":0.0,"enemies":"Jaw Worm","floor":3.0,"turns":1.0},{"damage":18.0,"enemies":"Lots of Slimes","floor":4.0,"turns":5.0},{"damage":25.0,"enemies":"Gremlin Nob","floor":6.0,"turns":4.0},{"damage":7.0,"enemies":"3 Sentries","floor":11.0,"turns":4.0},{"damage":0.0,"enemies":"Exordium Wildlife","floor":12.0,"turns":5.0},{"damage":10.0,"enemies":"Gremlin Gang","floor":13.0,"turns":4.0},{"damage":0.0,"enemies":"Lagavulin","floor":14.0,"turns":5.0},{"damage":7.0,"enemies":"Hexaghost","floor":16.0,"turns":7.0},{"damage":20.0,"enemies":"Spheric Guardian","floor":18.0,"turns":4.0},{"damage":51.0,"enemies":"2 Thieves","floor":19.0,"turns":4.0},{"damage":0.0,"enemies":"3 Cultists","floor":22.0,"turns":5.0},{"damage":30.0,"enemies":"Slavers","floor":24.0,"turns":5.0},{"damage":4.0,"enemies":"Centurion and Healer","floor":25.0,"turns":5.0},{"damage":30.0,"enemies":"Gremlin Leader","floor":28.0,"turns":5.0},{"damage":29.0,"enemies":"Slavers","floor":30.0,"turns":4.0},{"damage":1.0,"enemies":"Cultist and Chosen","floor":31.0,"turns":4.0},{"damage":0.0,"enemies":"Collector","floor":33.0,"turns":7.0},{"damage":2.0,"enemies":"3 Shapes","floor":35.0,"turns":5.0},{"damage":20.0,"enemies":"3 Darklings","floor":37.0,"turns":5.0},{"damage":2.0,"enemies":"4 Shapes","floor":38.0,"turns":1.0},{"damage":4.0,"enemies":"Nemesis","floor":41.0,"turns":3.0},{"damage":4,"enemies":"Maw","floor":44,"turns":4},{"damage":6,"enemies":"Giant Head","floor":46,"turns":4},{"damage":2,"enemies":"Reptomancer","floor":48,"turns":3},{"damage":6,"enemies":"Time Eater","floor":50,"turns":3},{"damage":2,"enemies":"Awakened One","floor":51,"turns":4},{"damage":21,"enemies":"Shield and Spear","floor":55,"turns":4},{"damage":26,"enemies":"The Heart","floor":56,"turns":6}],"seed_played":"4663705064115844988","potions_obtained":[{"floor":1.0,"key":"Block Potion"},{"floor":2.0,"key":"BlessingOfTheForge"},{"floor":3.0,"key":"Swift Potion"},{"floor":6.0,"key":"Weak Potion"},{"floor":13.0,"key":"Swift Potion"},{"floor":22.0,"key":"BlessingOfTheForge"},{"floor":24.0,"key":"Energy Potion"},{"floor":30.0,"key":"Swift Potion"},{"floor":44,"key":"testmod-SpacePotion"},{"floor":46,"key":"ColorlessPotion"},{"floor":48,"key":"SteroidPotion"}],"is_trial":false,"path_per_floor":["M","M","M","M","?","E","?","?","T","$","E","M","M","E","R","B",null,"M","M","$","?","M","R","E","M","T","R","E","?","E","M","R","B",null,"M","?","M","M","$","R","E","R","T","M","R","E","R","E","R","B","B",null,"R","$","E","B",null],"character_chosen":"DEFECT","items_purchased":["Hologram+1","AT_ThunderBolt","LiquidMemories","Turbo+1","AT_ArchangelStaff","AT_EbonyIvory","Dodecahedron","Capacitor","Enlightenment+1","testmod-SpacePotion","SpeedPotion","Strength Potion"],"campfire_rested":0,"item_purchase_floors":[20,39,39,39,54,54,54,54,54,54,54,54],"current_hp_per_floor":[64,64,64,46,46,21,21,10,10,10,7,12,6,11,11,11,56,58,11,11,11,16,16,59,60,60,60,35,35,10,13,13,20,86,99,99,94,103,103,103,108,108,108,108,108,108,108,108,108,108,108,108,108,108,100,90],"gold":761,"neow_bonus":"THREE_ENEMY_KILL","is_daily":false,"chose_seed":false,"campfire_upgraded":7,"win_rate":0.0,"timestamp":1609735591,"path_taken":["M","M","M","M","?","E","?","?","T","$","E","M","M","E","R","BOSS","M","M","$","?","M","R","E","M","T","R","E","?","E","?","R","BOSS","M","?","M","?","$","R","E","R","T","M","R","E","R","E","R","BOSS","BOSS","R","$","E","BOSS"],"items_purchased_type":["Card","Card","Potion","Card","Relic","Relic","Relic","Card","Card","Potion","Potion","Potion"],"build_version":"2020-12-22","purchased_purges":4,"victory":true,"max_hp_per_floor":[71,71,71,71,71,71,71,71,71,71,71,71,71,71,71,71,71,71,71,71,71,71,71,77,81,81,81,87,87,95,99,99,108,108,108,108,108,108,108,108,108,108,108,108,108,108,108,108,108,108,108,108,108,108,108,108],"relic_stats":{"Centennial Puzzle":[40],"Inserter":[42],"Shovel":2,"counters":[30,120],"Ornamental Fan":[0],"StoneCalendar":[33],"Pen Nib":[0],"obtain_stats":[{"AT_ATBox":0,"DaveBox":0,"Vajra":55,"StoneCalendar":14,"ice":0,"AT_ArchangelStaff":54,"testmod-CasingShield":0,"testmod-BlackFramedGlasses":6,"GreenFoldingFan":34,"Centennial Puzzle":28,"Shovel":41,"Toxic Egg 2":11,"Cracked Core":0,"AT_RedTearstoneRing":47,"testmod-TestBox":0,"Inserter":17,"NeowsBlessing":0,"Dodecahedron":54,"Pen Nib":46,"AT_EbonyIvory":54,"AT_SilvercatRing":43,"White Beast Statue":0,"Mercury Hourglass":53,"DataDisk":30,"SynthV:TestCard":1,"AT_BellowingDragoncrestRing":9,"Ornamental Fan":24,"Bottled Lightning":48},{"AT_ATBox":0,"DaveBox":0,"Vajra":29,"StoneCalendar":9,"ice":0,"AT_ArchangelStaff":28,"testmod-CasingShield":0,"testmod-BlackFramedGlasses":5,"GreenFoldingFan":19,"Centennial Puzzle":16,"Shovel":23,"Toxic Egg 2":6,"Cracked Core":0,"AT_RedTearstoneRing":25,"testmod-TestBox":0,"Inserter":10,"NeowsBlessing":0,"Dodecahedron":28,"Pen Nib":25,"AT_EbonyIvory":28,"AT_SilvercatRing":23,"White Beast Statue":0,"Mercury Hourglass":28,"DataDisk":17,"SynthV:TestCard":1,"AT_BellowingDragoncrestRing":5,"Ornamental Fan":14,"Bottled Lightning":26},{"AT_ATBox":0,"DaveBox":0,"Vajra":115,"StoneCalendar":30,"ice":0,"AT_ArchangelStaff":111,"testmod-CasingShield":0,"testmod-BlackFramedGlasses":12,"GreenFoldingFan":79,"Centennial Puzzle":64,"Shovel":93,"Toxic Egg 2":16,"Cracked Core":0,"AT_RedTearstoneRing":101,"testmod-TestBox":0,"Inserter":37,"NeowsBlessing":0,"Dodecahedron":111,"Pen Nib":101,"AT_EbonyIvory":111,"AT_SilvercatRing":93,"White Beast Statue":0,"Mercury Hourglass":111,"DataDisk":68,"SynthV:TestCard":1,"AT_BellowingDragoncrestRing":12,"Ornamental Fan":54,"Bottled Lightning":104}],"Mercury Hourglass":[33]},"card_choices":[{"not_picked":["Redo","Compile Driver","Conserve Battery"],"picked":"SKIP","floor":1.0},{"not_picked":["AT_HeatAcrobatics","AT_ThunderBolt","Blizzard","Redo"],"picked":"AT_EMC2","floor":2.0},{"not_picked":["Chill","Streamline","Stack","Gash"],"picked":"MostiFishMod:GatherIntelligence","floor":3.0},{"not_picked":["Rebound","Chaos","Reprogram","Barrage"],"picked":"Heatsinks","floor":4.0},{"not_picked":["Melter","Aggregate","Lockon","Steam"],"picked":"Ball Lightning","floor":6.0},{"not_picked":["Reboot+1","Redo+1","Gash","Conserve Battery+1"],"picked":"Undo+1","floor":11.0},{"not_picked":["AT_DarkMatter+1","Gash","Go for the Eyes","Rebound"],"picked":"Recycle+1","floor":12.0},{"not_picked":["Auto Shields+1","Compile Driver","MostiFishMod:PushDownKick","Melter"],"picked":"MostiFishMod:ActiveDefenseSystem","floor":13.0},{"not_picked":["Streamline","Steam+1","MostiFishMod:ReprogramOld+1","Rip and Tear"],"picked":"Storm","floor":14.0},{"not_picked":["Buffer","MostiFishMod:Hijack+1","Thunder Strike","MostiFishMod:Tomorrow+1"],"picked":"MostiFishMod:DeathFromBelow","floor":16.0},{"not_picked":["Tempest+1","FTL","Beam Cell","AT_DarkMatter+1"],"picked":"Coolheaded+1","floor":18.0},{"not_picked":["Gash","Conserve Battery+1","MostiFishMod:ReprogramOld+1","Barrage","Heatsinks"],"picked":"SKIP","floor":19.0},{"not_picked":["Streamline","Go for the Eyes","Stack+1","Static Discharge"],"picked":"Turbo+1","floor":22.0},{"not_picked":["Go for the Eyes","Hyperbeam","Hologram+1","Compile Driver","Turbo+1"],"picked":"SKIP","floor":24.0},{"not_picked":["Sunder","Auto Shields+1","Go for the Eyes+1","MostiFishMod:Impulse+1"],"picked":"Cold Snap","floor":25.0},{"not_picked":["Leap+1","Streamline+1","Beam Cell","Cold Snap","MostiFishMod:PushDownKick"],"picked":"SKIP","floor":28.0},{"not_picked":["Conserve Battery+1","MostiFishMod:PushDownKick","Streamline","Leap+1"],"picked":"Electrodynamics","floor":30.0},{"not_picked":["MostiFishMod:PushDownKick","Melter","Beam Cell+1","Hologram+1"],"picked":"AT_DarkMatter+1","floor":31.0},{"not_picked":["Rebound","Conserve Battery+1","Leap+1","Recycle+1","AT_HeatAcrobatics+1"],"picked":"SKIP","floor":35.0},{"not_picked":["Rebound","Recycle+1","Gash+1","Streamline"],"picked":"MostiFishMod:LinkProtocol+1","floor":37.0},{"not_picked":["Reprogram+1","Go for the Eyes+1","Barrage","Rebound"],"picked":"AT_StudyProgram","floor":38.0},{"not_picked":["Beam Cell","Darkness+1","Compile Driver","FTL"],"picked":"AT_DarkMatter+1","floor":41.0},{"not_picked":["Fusion+1","Biased Cognition","Leap+1","Tempest+1"],"picked":"White Noise+1","floor":44},{"not_picked":["Streamline","Electrodynamics","Scrape","Go for the Eyes"],"picked":"Coolheaded+1","floor":46},{"not_picked":["Barrage","Go for the Eyes","Streamline","Steam+1"],"picked":"MostiFishMod:Prepare","floor":48},{"not_picked":["Consume+1","Go for the Eyes","AT_EMC2+1","Amplify+1"],"picked":"Creative AI","floor":55}],"player_experience":272799,"relics_obtained":[{"floor":1.0,"key":"SynthV:TestCard"},{"floor":6.0,"key":"testmod-BlackFramedGlasses"},{"floor":9.0,"key":"AT_BellowingDragoncrestRing"},{"floor":11.0,"key":"Toxic Egg 2"},{"floor":14.0,"key":"StoneCalendar"},{"floor":24.0,"key":"Ornamental Fan"},{"floor":28.0,"key":"Centennial Puzzle"},{"floor":30.0,"key":"DataDisk"},{"floor":41.0,"key":"Shovel"},{"floor":43.0,"key":"AT_SilvercatRing"},{"floor":46,"key":"Pen Nib"},{"floor":47,"key":"AT_RedTearstoneRing"},{"floor":48,"key":"Bottled Lightning"},{"floor":53,"key":"Mercury Hourglass"},{"floor":55,"key":"Vajra"}],"event_choices":[{"cards_removed":["Strike_B"],"damage_healed":0.0,"max_hp_gain":0.0,"max_hp_loss":0.0,"gold_gain":0.0,"event_name":"The Cleric","player_choice":"Card Removal","floor":5.0,"gold_loss":75.0,"damage_taken":0.0},{"damage_healed":0.0,"max_hp_gain":0.0,"max_hp_loss":0.0,"gold_gain":0.0,"event_name":"Liars Game","player_choice":"Ignored","floor":7.0,"gold_loss":0.0,"damage_taken":0.0},{"damage_healed":0.0,"max_hp_gain":0.0,"max_hp_loss":0.0,"gold_gain":75.0,"event_name":"World of Goop","player_choice":"Gather Gold","floor":8.0,"gold_loss":0.0,"damage_taken":11.0},{"damage_healed":0.0,"max_hp_gain":0.0,"max_hp_loss":0.0,"gold_gain":50.0,"event_name":"Nest","player_choice":"Stole From Cult","floor":21.0,"gold_loss":0.0,"damage_taken":0.0},{"damage_healed":0.0,"max_hp_gain":0.0,"max_hp_loss":0.0,"gold_gain":250.0,"event_name":"The Joust","player_choice":"Bet on Owner","floor":29.0,"gold_loss":50.0,"damage_taken":0.0},{"damage_healed":0.0,"max_hp_gain":0.0,"max_hp_loss":0.0,"gold_gain":50.0,"event_name":"Golden Shrine","player_choice":"Pray","floor":36.0,"gold_loss":0.0,"damage_taken":0.0}],"is_beta":false,"boss_relics":[{"not_picked":["Fusion Hammer","PatriotShield"],"picked":"Inserter"},{"not_picked":["testmod-KeyOfTheVoid","testmod-IncinerationGenerator"],"picked":"GreenFoldingFan"}],"items_purged_floors":[10,20,39,54],"is_endless":false,"potions_floor_spawned":[1,2,3,4,6,11,12,13,14,16,18,19,22,24,25,28,30,31,33,35,37,38,41,44,46,48,55],"ascension_level":20}}