{"host":"x1qj4d8ympd5jdqh","time":1609749249,"event":{"mods":["AchievementEnabler","AlwaysNeverKeys","BaseMod","Colored Map","Custom Start","DeckTracker","Highlight Path","Minty Spire (QoL Compilation)","StSLib","SuperFastMode"],"gold_per_floor":[112,127,140,159,159,159,190,190,190,190,190,190],"floor_reached":11,"playtime":216,"items_purged":[],"score":146,"play_id":"b4c8a4b6-4ae1-4f1e-9a23-a669f38801fe","local_time":"20210104173409","is_ascension_mode":true,"campfire_choices":[{"data":"Perfected Strike","floor":6,"key":"SMITH"}],"circlet_count":0,"master_deck":["AscendersBane","Strike_R","Strike_R","Strike_R","Strike_R","Defend_R","Defend_R","Defend_R","Defend_R","Bash","Clothesline","Pommel Strike","Flame Barrier","Wild Strike","Perfected Strike+1","Dual Wield+1"],"relics":["Burning Blood","Mercury Hourglass","Lantern","Shuriken"],"acts_visited":["Exordium"],"potions_floor_usage":[],"damage_taken":[{"damage":3,"enemies":"Cultist","floor":1,"turns":4},{"damage":7,"enemies":"Small Slimes","floor":2,"turns":3},{"damage":6,"enemies":"2 Louse","floor":3,"turns":3},{"damage":24,"enemies":"Large Slime","floor":4,"turns":5},{"damage":20,"enemies":"3 Sentries","floor":7,"turns":5},{"damage":13,"enemies":"Lagavulin","floor":11,"turns":6}],"seed_played":"-8880839773977392397","potions_obtained":[{"floor":3,"key":"BlessingOfTheForge"}],"is_trial":false,"path_per_floor":["M","M","M","M","?","R","E","?","T","?","E"],"character_chosen":"IRONCLAD","items_purchased":[],"campfire_rested":0,"item_purchase_floors":[],"current_hp_per_floor":[71,70,70,52,41,41,27,27,27,27,14,14],"gold":190,"neow_bonus":"THREE_CARDS","is_daily":false,"chose_seed":false,"campfire_upgraded":1,"win_rate":0.0,"timestamp":1609749249,"path_taken":["M","M","M","?","?","R","E","?","T","?","E"],"items_purchased_type":[],"build_version":"2020-12-22","purchased_purges":0,"victory":false,"max_hp_per_floor":[75,75,75,75,75,75,75,75,75,75,75,75],"card_choices":[{"not_picked":["Evolve","Cleave"],"picked":"Clothesline","floor":0},{"not_picked":["Intimidate","Bloodletting"],"picked":"Pommel Strike","floor":1},{"not_picked":["Clash","Rage"],"picked":"Flame Barrier","floor":2},{"not_picked":["Clothesline","Dark Embrace"],"picked":"Wild Strike","floor":3},{"not_picked":["Flex","Havoc"],"picked":"Perfected Strike","floor":4},{"not_picked":["Sword Boomerang","Thunderclap"],"picked":"Dual Wield","floor":7}],"player_experience":1318621,"relics_obtained":[{"floor":7,"key":"Lantern"},{"floor":9,"key":"Shuriken"}],"event_choices":[{"damage_healed":0,"gold_gain":0,"player_choice":"Success","damage_taken":11,"relics_obtained":["Mercury Hourglass"],"max_hp_gain":0,"max_hp_loss":0,"event_name":"Scrap Ooze","floor":5,"gold_loss":0},{"damage_healed":0,"gold_gain":0,"player_choice":"Grow","damage_taken":0,"max_hp_gain":0,"max_hp_loss":0,"event_name":"Living Wall","floor":8,"gold_loss":0,"cards_upgraded":["Dual Wield"]},{"cards_removed":["Strike_R"],"damage_healed":0,"gold_gain":0,"player_choice":"Card Removal","damage_taken":0,"max_hp_gain":0,"max_hp_loss":0,"event_name":"Wheel of Change","floor":10,"gold_loss":0}],"is_beta":false,"boss_relics":[],"items_purged_floors":[],"is_endless":false,"potions_floor_spawned":[3],"killed_by":"Lagavulin","ascension_level":20}}