{"host":"8ps3pfk2b2drr3ex","time":1609799752,"event":{"mods":["2.2 Compatiblity","AchievementEnabler","Act Like it!","BaseMod","Bestiary","Better Match","BetterRewards","Card Forge","Colored Map","Colored Powertips","Conspire","Downfall","Evolution","Friendly Minions","Gensokyo","GifTheSpireLib","Gold Saver","Hallownest","Hubris","Minty Spire (QoL Compilation)","Permanent Neow","Random Character Button","Random Character Mod","Rare Cards Sparkle","Relic Filter","Replay The Spire","Shop Mod","StSLib","Stuff the Spire","The Bug Knight"],"gold_per_floor":[115,115,134,144,144,144,174,174,199,215,249,92,92,123,123,221,221,237,92,17,17,29,54,54,65,65,96,96,21,41,56,56,157,157,167,179,197,245,245,270,270,270,289,289,289],"floor_reached":44,"playtime":6967,"items_purged":["Looming Evil","HollowMod:QuickDashStart"],"score":700,"play_id":"28762d51-7d5f-4280-8627-35610b36ba1c","local_time":"20210104173552","is_ascension_mode":true,"campfire_choices":[{"data":"HollowMod:SlysStrikes","floor":6.0,"key":"SMITH"},{"floor":8.0,"key":"REST"},{"floor":15.0,"key":"REST"},{"data":"HollowMod:SoulSplash","floor":24.0,"key":"SMITH"},{"data":"HollowMod:NewJinnsSoul","floor":28.0,"key":"SMITH"},{"data":"Replay:SS_hec_2","floor":32.0,"key":"SMITH"}],"circlet_count":0,"master_deck":["HollowMod:InfectedAttack","HollowMod:InfectedAttack","HollowMod:InfectedAttack","HollowMod:InfectedAttack","HollowMod:QuickDashStart","HollowMod:QuickDashStart","HollowMod:QuickDashStart","HollowMod:FocusHealStart","HollowMod:PogoStrike","expansioncontent:DonusPower","HollowMod:QuirrelsAssistance","HollowMod:SlysStrikes+1","HollowMod:DungDefenderAura","Replay:SS_hec_2+1","HollowMod:PaleKingsBlessing","HollowMod:QuirrelsAssistance+1","HollowMod:NewJinnsSoul+1","expansioncontent:StudyTheSpire+1","HollowMod:SharpenedNail","HollowMod:SoulSplash+1","HollowMod:SiblingsSouls","HollowMod:ChannelNail+1","HollowMod:SiblingsSouls+1","HollowMod:HornetsHelp","HollowMod:CycloneSlash","StuffTheSpire:BrainWave","HollowMod:SoulStrike+1"],"relics":["HollowMod:VesselMask","Hammer of Thor","Seething Fire","Anvil of the Gods","EVO:Axolotl","Hallownest:DreamNailRelic","Ring of Fury","Ring of Peace","Mercury Hourglass","Ancient Tea Set","InkBottle","hubris:Icosahedron","Bag of Marbles","hubris:Backtick","HollowMod:KingsBrand","HollowMod:MantisClawRelic","Iron Hammer","conspire:Flyswatter","sneckomod:SneckoTalon","Ice Cream","Dream Catcher"],"acts_visited":["Hallownest:Greenpath","Hallownest:CityofTears","TheBeyond"],"potions_floor_usage":[],"damage_taken":[{"damage":9.0,"enemies":"Hallownest:2_MossCreeps","floor":1.0,"turns":4.0},{"damage":1.0,"enemies":"Hallownest:2_Tiktiks_and_1_Crawlid","floor":3.0,"turns":5.0},{"damage":10.0,"enemies":"Hallownest:monsterHuskGuard","floor":4.0,"turns":4.0},{"damage":28.0,"enemies":"Hallownest:eliteMossKnight","floor":7.0,"turns":6.0},{"damage":34.0,"enemies":"Hallownest:Guard_and_Warrior","floor":10.0,"turns":7.0},{"damage":7.0,"enemies":"Hallownest:eliteVengeflyKing","floor":11.0,"turns":7.0},{"damage":0.0,"enemies":"Hallownest:eliteMossKnight","floor":14.0,"turns":6.0},{"damage":9.0,"enemies":"Hallownest:BossBrokenVessel","floor":16.0,"turns":11.0},{"damage":10.0,"enemies":"Hallownest:3_Youths","floor":18.0,"turns":6.0},{"damage":10.0,"enemies":"Hallownest:2_Mistakes","floor":22.0,"turns":5.0},{"damage":0.0,"enemies":"Hallownest:Nosk","floor":23.0,"turns":7.0},{"damage":0.0,"enemies":"Hallownest:3_Mistakes","floor":25.0,"turns":5.0},{"damage":0.0,"enemies":"Hallownest:eliteSoulWarrior","floor":27.0,"turns":6.0},{"damage":0.0,"enemies":"Hallownest:2_Husk_Sentries","floor":30.0,"turns":4.0},{"damage":14.0,"enemies":"Hallownest:Master_and_Novice","floor":31.0,"turns":5.0},{"damage":0.0,"enemies":"Hallownest:BossGrimm","floor":33.0,"turns":8.0},{"damage":0.0,"enemies":"Orb Walker","floor":35.0,"turns":4.0},{"damage":23.0,"enemies":"3 Darklings","floor":36.0,"turns":5.0},{"damage":0.0,"enemies":"Maw","floor":37.0,"turns":7.0},{"damage":31.0,"enemies":"2 Orb Walkers","floor":38.0,"turns":5.0},{"damage":19,"enemies":"Reptomancer","floor":40,"turns":6},{"damage":14,"enemies":"4 Shapes","floor":43,"turns":4},{"damage":33,"enemies":"Writhing Mass","floor":44,"turns":4}],"seed_played":"-1172790959836316447","potions_obtained":[{"floor":3.0,"key":"Toxic Potion"},{"floor":4.0,"key":"Doom Potion"},{"floor":11.0,"key":"FearPotion"},{"floor":16.0,"key":"Strength Potion"},{"floor":25.0,"key":"DuplicationPotion"},{"floor":30.0,"key":"Toxic Potion"},{"floor":33.0,"key":"Adrenaline Potion"},{"floor":38.0,"key":"Energy Potion"}],"is_trial":false,"path_per_floor":["M","?","M","M","?","R","E","R","T","M","E","$","?","E","R","B",null,"M","$","?","?","M","E","R","M","T","E","R","?","M","M","R","B",null,"M","M","M","?","?","E","PTL","PTL","M","M"],"character_chosen":"THE_BUGKNIGHT","items_purchased":["Replay:SS_hec_2","HollowMod:NewJinnsSoul"],"campfire_rested":2,"item_purchase_floors":[12,19],"current_hp_per_floor":[66,66,71,61,61,61,39,61,61,33,32,32,32,32,54,51,75,68,68,68,68,64,70,70,75,75,75,75,75,75,61,61,61,75,75,58,67,36,36,29,29,29,15,0,0],"gold":289,"neow_bonus":"RANDOM_COLORLESS","is_daily":false,"chose_seed":false,"campfire_upgraded":4,"win_rate":0.0,"timestamp":1609799752,"path_taken":["M","?","M","?","?","R","E","R","T","M","E","$","?","E","R","BOSS","M","$","?","?","?","E","R","M","T","E","R","?","M","M","R","BOSS","M","M","?","?","?","E","PTL","PTL","?","M"],"items_purchased_type":["Card","Card"],"build_version":"2020-12-22","purchased_purges":2,"victory":false,"max_hp_per_floor":[75,75,75,75,75,75,75,75,75,75,75,75,75,75,75,75,75,75,75,75,75,75,75,75,75,75,75,75,75,75,75,75,75,75,75,75,75,75,68,68,68,68,68,68,68],"card_choices":[{"not_picked":["hubris:Ssssneak","Finesse"],"picked":"expansioncontent:DonusPower","floor":0.0},{"not_picked":["HollowMod:InfectedAttack","HollowMod:HeavyBlow"],"picked":"HollowMod:QuirrelsAssistance","floor":1.0},{"not_picked":["HollowMod:HeavyBlow","HollowMod:SiblingsSouls"],"picked":"HollowMod:SlysStrikes","floor":3.0},{"not_picked":["HollowMod:InfectedCysts","HollowMod:VengefulVoid","HollowMod:MothsMistake"],"picked":"SKIP","floor":4.0},{"not_picked":["HollowMod:SoulShaman","HollowMod:DescendingDark","HollowMod:WhiteLadysBlessing"],"picked":"SKIP","floor":7.0},{"not_picked":["HollowMod:SharpenedShadows","HollowMod:QuirrelsAssistance","HollowMod:LifebloodCocoon"],"picked":"SKIP","floor":10.0},{"not_picked":["HollowMod:ShadowDash","HollowMod:InfectedAttack"],"picked":"HollowMod:DungDefenderAura","floor":11.0},{"not_picked":["HollowMod:SoulStrike","HollowMod:LordofShades","HollowMod:CornifersMapStart"],"picked":"SKIP","floor":14.0},{"not_picked":["HollowMod:ZotesMagnificence","HollowMod:LordofShades"],"picked":"HollowMod:PaleKingsBlessing","floor":16.0},{"not_picked":["HollowMod:LifebloodCocoon","HollowMod:HuntersJournal"],"picked":"HollowMod:QuirrelsAssistance+1","floor":18.0},{"not_picked":["expansioncontent:Corrupt+1","ReplayTheSpireMod:Necrogeddon+1"],"picked":"expansioncontent:StudyTheSpire+1","floor":20.0},{"not_picked":["HollowMod:NewJinnsSoul+1","HollowMod:LuriensSpire"],"picked":"HollowMod:SharpenedNail","floor":22.0},{"not_picked":["HollowMod:CoiledNail+1","HollowMod:CornifersMapStart+1"],"picked":"HollowMod:SoulSplash","floor":23.0},{"not_picked":["HollowMod:PerfectDash","HollowMod:FastStrike"],"picked":"HollowMod:SiblingsSouls","floor":25.0},{"not_picked":["HollowMod:AwokenDreamNail","HollowMod:CycloneSlash+1"],"picked":"HollowMod:ChannelNail+1","floor":27.0},{"not_picked":["HollowMod:VengefulVoid","HollowMod:InfectedCysts"],"picked":"HollowMod:SiblingsSouls+1","floor":30.0},{"not_picked":["HollowMod:FastStrike","HollowMod:InfectedCysts+1","HollowMod:ChannelNail"],"picked":"SKIP","floor":31.0},{"not_picked":["HollowMod:Hiveblood","HollowMod:PureVessel"],"picked":"HollowMod:HornetsHelp","floor":33.0},{"not_picked":["HollowMod:ShapeofUnn","HollowMod:NewLittleFool","HollowMod:NewGlowingWomb+1"],"picked":"SKIP","floor":35.0},{"not_picked":["HollowMod:CrystalDash","HollowMod:SharpenedNail"],"picked":"HollowMod:CycloneSlash","floor":36.0},{"not_picked":["HollowMod:RecoilStrike","HollowMod:PureNailStrike+1","HollowMod:CloakDash"],"picked":"SKIP","floor":37.0},{"not_picked":["HollowMod:CycloneSlash+1","HollowMod:Grubsong+1","HollowMod:NewJinnsSoul+1"],"picked":"SKIP","floor":40},{"not_picked":["HollowMod:VengefulSpirit+1","HollowMod:InfectedAttack"],"picked":"HollowMod:SoulStrike+1","floor":43}],"player_experience":823605,"relics_obtained":[{"floor":5.0,"key":"Ring of Fury"},{"floor":5.0,"key":"Ring of Peace"},{"floor":7.0,"key":"Mercury Hourglass"},{"floor":9.0,"key":"Ancient Tea Set"},{"floor":11.0,"key":"InkBottle"},{"floor":14.0,"key":"Bag of Marbles"},{"floor":23.0,"key":"HollowMod:MantisClawRelic"},{"floor":26.0,"key":"Iron Hammer"},{"floor":27.0,"key":"conspire:Flyswatter"},{"floor":38.0,"key":"Ice Cream"},{"floor":40,"key":"Dream Catcher"}],"event_choices":[{"damage_healed":0.0,"max_hp_gain":0.0,"max_hp_loss":0.0,"gold_gain":0.0,"event_name":"betterMatch:BetterMatch","player_choice":"2","floor":20.0,"gold_loss":0.0,"damage_taken":0.0,"cards_obtained":["betterMatch:ColorlessRareCard"]},{"damage_healed":0.0,"max_hp_gain":0.0,"max_hp_loss":0.0,"gold_gain":0.0,"event_name":"conspire:Investor","player_choice":"Leave","floor":21.0,"gold_loss":0.0,"damage_taken":0.0},{"damage_healed":0.0,"max_hp_gain":0.0,"max_hp_loss":0.0,"gold_gain":0.0,"event_name":"betterMatch:BetterMatch","player_choice":"2","floor":29.0,"gold_loss":0.0,"damage_taken":0.0,"cards_obtained":[]},{"damage_healed":0.0,"max_hp_gain":0.0,"max_hp_loss":0.0,"gold_gain":0.0,"event_name":"Mysterious Sphere","player_choice":"Fight","floor":38.0,"gold_loss":0.0,"damage_taken":0.0}],"is_beta":false,"boss_relics":[{"not_picked":["conspire:SlowCooker","conspire:RoyalGoblet"],"picked":"hubris:Backtick"},{"not_picked":["conspire:SeveredTorchhead","HollowMod:VoidIdolRelic"],"picked":"sneckomod:SneckoTalon"}],"items_purged_floors":[12,19],"is_endless":false,"potions_floor_spawned":[3,4,11,16,25,30,33,38,40],"killed_by":"Writhing Mass","ascension_level":1}}