{"host":"x205naxbihvu3p76","time":1609770625,"event":{"mods":["AchievementEnabler","BaseMod","Minty Spire (QoL Compilation)","StSLib","SuperFastMode"],"gold_per_floor":[117,136,61,73,93,93,125,141,141,141,166,185,201,201,201,272,272,292,292,292,307,232,232,248,248,248],"floor_reached":25,"playtime":515,"items_purged":[],"score":400,"play_id":"6b25aafd-ecb7-46fd-9674-6721d0a73d5d","local_time":"20210104233025","is_ascension_mode":true,"campfire_choices":[{"data":"Beam Cell","floor":6,"key":"SMITH"},{"floor":15,"key":"REST"},{"data":"Barrage","floor":23,"key":"SMITH"}],"circlet_count":0,"master_deck":["AscendersBane","Defend_B","Defend_B","Defend_B","Defend_B","Zap","Dualcast","Chill","Barrage+1","Ball Lightning","Beam Cell+1","Chill","Conserve Battery","Electrodynamics+1","Core Surge","Cold Snap","Cold Snap"],"relics":["Cracked Core","Toy Ornithopter","Frozen Egg 2","Anchor","Nuclear Battery"],"acts_visited":["Exordium","TheCity"],"potions_floor_usage":[7,25],"damage_taken":[{"damage":5,"enemies":"Small Slimes","floor":1,"turns":4},{"damage":0,"enemies":"2 Louse","floor":2,"turns":2},{"damage":5,"enemies":"Jaw Worm","floor":4,"turns":2},{"damage":5,"enemies":"2 Fungi Beasts","floor":5,"turns":3},{"damage":23,"enemies":"3 Sentries","floor":7,"turns":10},{"damage":11,"enemies":"Large Slime","floor":8,"turns":4},{"damage":0,"enemies":"Looter","floor":12,"turns":3},{"damage":0,"enemies":"3 Louse","floor":13,"turns":3},{"damage":7,"enemies":"Slime Boss","floor":16,"turns":7},{"damage":10,"enemies":"Spheric Guardian","floor":18,"turns":5},{"damage":0,"enemies":"2 Thieves","floor":21,"turns":3},{"damage":27,"enemies":"Shelled Parasite and Fungi","floor":24,"turns":7},{"damage":49,"enemies":"Book of Stabbing","floor":25,"turns":5}],"seed_played":"7008255376106891410","potions_obtained":[{"floor":1,"key":"SkillPotion"},{"floor":5,"key":"Ancient Potion"},{"floor":7,"key":"DistilledChaos"}],"is_trial":false,"path_per_floor":["M","M","?","M","M","R","E","M","T","?","T","M","M","?","R","B",null,"M","?","?","M","?","R","M","E"],"character_chosen":"DEFECT","items_purchased":[],"campfire_rested":1,"item_purchase_floors":[],"current_hp_per_floor":[59,59,59,54,49,49,26,15,15,15,15,15,15,15,36,29,61,51,65,65,65,65,65,38,0,0],"gold":248,"neow_bonus":"TRANSFORM_CARD","is_daily":false,"chose_seed":false,"campfire_upgraded":2,"win_rate":0.0,"timestamp":1609770625,"path_taken":["M","M","?","M","M","R","E","M","T","?","?","M","M","?","R","BOSS","M","?","?","M","?","R","M","E"],"items_purchased_type":[],"build_version":"2020-12-22","purchased_purges":0,"victory":false,"max_hp_per_floor":[71,71,71,71,71,71,71,71,71,71,71,71,71,71,71,71,71,71,71,71,71,71,71,71,71,71],"card_choices":[{"not_picked":["Darkness","Stack"],"picked":"Barrage","floor":1},{"not_picked":["Doom and Gloom","White Noise"],"picked":"Ball Lightning","floor":2},{"not_picked":["Aggregate","Skim"],"picked":"Beam Cell","floor":4},{"not_picked":["Creative AI","Hologram"],"picked":"Chill","floor":5},{"not_picked":["Hologram","Sweeping Beam"],"picked":"Conserve Battery","floor":7},{"not_picked":["Heatsinks","Barrage","Gash"],"picked":"SKIP","floor":8},{"not_picked":["Reprogram","Cold Snap","Melter"],"picked":"SKIP","floor":12},{"not_picked":["Hologram","Melter","Redo"],"picked":"SKIP","floor":13},{"not_picked":["Thunder Strike","Electrodynamics+1"],"picked":"Core Surge","floor":16},{"not_picked":["Hello World+1","Skim","Ball Lightning"],"picked":"SKIP","floor":18},{"not_picked":["Compile Driver","Barrage"],"picked":"Cold Snap","floor":21},{"not_picked":["Fusion","Ball Lightning"],"picked":"Cold Snap","floor":24}],"player_experience":946717,"relics_obtained":[{"floor":7,"key":"Toy Ornithopter"},{"floor":9,"key":"Frozen Egg 2"},{"floor":11,"key":"Anchor"}],"event_choices":[{"cards_removed":["Strike_B"],"damage_healed":0,"gold_gain":0,"player_choice":"Card Removal","damage_taken":0,"max_hp_gain":0,"max_hp_loss":0,"event_name":"The Cleric","floor":3,"gold_loss":75},{"damage_healed":0,"gold_gain":0,"cards_transformed":["Strike_B"],"player_choice":"Change","damage_taken":0,"max_hp_gain":0,"max_hp_loss":0,"event_name":"Living Wall","floor":10,"gold_loss":0,"cards_obtained":["Electrodynamics"]},{"damage_healed":0,"gold_gain":0,"player_choice":"Ignored","damage_taken":0,"max_hp_gain":0,"max_hp_loss":0,"event_name":"Liars Game","floor":14,"gold_loss":0},{"damage_healed":14,"gold_gain":0,"player_choice":"Heal","damage_taken":0,"max_hp_gain":0,"max_hp_loss":0,"event_name":"The Library","floor":19,"gold_loss":0},{"damage_healed":0,"gold_gain":0,"player_choice":"Ignored","damage_taken":0,"max_hp_gain":0,"max_hp_loss":0,"event_name":"Ghosts","floor":20,"gold_loss":0},{"cards_removed":["Strike_B"],"damage_healed":0,"gold_gain":0,"player_choice":"Gave Gold","damage_taken":0,"max_hp_gain":0,"max_hp_loss":0,"event_name":"Beggar","floor":22,"gold_loss":75}],"is_beta":false,"boss_relics":[{"not_picked":["SlaversCollar","Tiny House"],"picked":"Nuclear Battery"}],"items_purged_floors":[],"is_endless":false,"potions_floor_spawned":[1,5,7,16,18,24],"killed_by":"Book of Stabbing","ascension_level":19}}