{"host":"6pgtslebjnyv5xmi","time":1609738656,"event":{"mods":["AchievementEnabler","BaseMod","Colored Map","Minty Spire (QoL Compilation)","Rare Cards Sparkle","StSLib","SuperFastMode","everything is the same but u backflip on backflip"],"gold_per_floor":[117,117,117,137,70,70,114,114,114,134,134,134,152,173,173,173,173],"floor_reached":16,"playtime":500,"items_purged":[],"score":194,"play_id":"486a1c81-3400-4d30-802d-b807d08e7663","local_time":"20210104143736","is_ascension_mode":true,"campfire_choices":[{"data":"Noxious Fumes","floor":6,"key":"SMITH"},{"data":"Terror","floor":8,"key":"SMITH"},{"data":"Survivor","floor":12,"key":"SMITH"},{"data":"Burst","floor":15,"key":"SMITH"}],"circlet_count":0,"master_deck":["AscendersBane","Strike_G","Strike_G","Strike_G","Strike_G","Strike_G","Defend_G","Defend_G","Defend_G","Defend_G","Defend_G","Survivor+1","Neutralize+1","Noxious Fumes+1","Terror+1","Flechettes","Burst+1"],"relics":["Ring of the Snake","NeowsBlessing","Golden Idol","Turnip","Bronze Scales"],"acts_visited":["Exordium"],"potions_floor_usage":[16,16],"damage_taken":[{"damage":0,"enemies":"Small Slimes","floor":1,"turns":1},{"damage":0,"enemies":"2 Louse","floor":4,"turns":1},{"damage":0,"enemies":"Lagavulin","floor":7,"turns":1},{"damage":1,"enemies":"Cultist","floor":10,"turns":3},{"damage":0,"enemies":"Exordium Wildlife","floor":13,"turns":3},{"damage":7,"enemies":"Gremlin Gang","floor":14,"turns":5},{"damage":40,"enemies":"The Guardian","floor":16,"turns":10}],"seed_played":"-861582399141328768","potions_obtained":[{"floor":1,"key":"Explosive Potion"},{"floor":7,"key":"SpeedPotion"}],"is_trial":false,"path_per_floor":["M","?","?","M","$","R","E","R","T","M","?","R","M","M","R","B"],"character_chosen":"THE_SILENT","items_purchased":["Noxious Fumes"],"campfire_rested":0,"item_purchase_floors":[5],"current_hp_per_floor":[63,46,46,46,46,46,46,46,46,45,45,45,45,38,38,0,0],"gold":173,"neow_bonus":"THREE_ENEMY_KILL","is_daily":false,"chose_seed":false,"campfire_upgraded":4,"win_rate":0.0,"timestamp":1609738656,"path_taken":["M","?","?","?","$","R","E","R","T","M","?","R","M","?","R","BOSS"],"items_purchased_type":["Card"],"build_version":"2020-12-22","purchased_purges":0,"victory":false,"max_hp_per_floor":[70,70,70,70,70,70,70,70,70,70,70,70,70,70,70,70,70],"card_choices":[{"not_picked":["Poisoned Stab","Underhanded Strike","Deflect"],"picked":"SKIP","floor":1},{"not_picked":["Distraction","Blade Dance","Dagger Spray"],"picked":"SKIP","floor":4},{"not_picked":["Poisoned Stab","Dodge and Roll"],"picked":"Terror","floor":7},{"not_picked":["Flying Knee","Bane","Expertise"],"picked":"SKIP","floor":10},{"not_picked":["Quick Slash","Skewer"],"picked":"Flechettes","floor":13},{"not_picked":["Backflip","Slice"],"picked":"Burst","floor":14}],"player_experience":688344,"relics_obtained":[{"floor":7,"key":"Turnip"},{"floor":9,"key":"Bronze Scales"}],"event_choices":[{"damage_healed":0,"gold_gain":0,"player_choice":"Take Damage","damage_taken":17,"relics_obtained":["Golden Idol"],"max_hp_gain":0,"max_hp_loss":0,"event_name":"Golden Idol","floor":2,"gold_loss":0},{"damage_healed":0,"gold_gain":0,"player_choice":"Bought 0 Potions","damage_taken":0,"max_hp_gain":0,"max_hp_loss":0,"event_name":"The Woman in Blue","floor":3,"gold_loss":0},{"damage_healed":0,"gold_gain":0,"player_choice":"Forge","damage_taken":0,"max_hp_gain":0,"max_hp_loss":0,"event_name":"Accursed Blacksmith","floor":11,"gold_loss":0,"cards_upgraded":["Neutralize"]}],"is_beta":false,"boss_relics":[],"items_purged_floors":[],"is_endless":false,"potions_floor_spawned":[1,7,13],"killed_by":"The Guardian","ascension_level":11}}