{"host":"hwrdjx5eod2cxh09","time":1609739756,"event":{"mods":["AchievementEnabler","BaseMod","Bestiary","Minty Spire (QoL Compilation)","Relic Stats"],"gold_per_floor":[118,118,31,43,63,97,117,117,144,164,164,192,192,192,192,292,292,309,408,391,405,421,421,421,434,460,480,492,492,265,279,279,383,383,393,443,458,458,472,472,500,520,520,133,152,152,152,152],"floor_reached":47,"playtime":2586,"items_purged":["Strike_B","Decay"],"score":496,"play_id":"9d38d412-cc5e-4a99-8d17-ef5e505a9fdc","local_time":"20210104145556","is_ascension_mode":false,"campfire_choices":[{"data":"Go for the Eyes","floor":8,"key":"SMITH"},{"floor":11,"key":"RECALL"},{"floor":13,"key":"REST"},{"floor":15,"key":"REST"},{"floor":23,"key":"REST"},{"floor":29,"key":"REST"},{"data":"Echo Form","floor":32,"key":"SMITH"},{"floor":40,"key":"REST"},{"floor":46,"key":"REST"}],"circlet_count":0,"master_deck":["Strike_B","Strike_B","Strike_B","Defend_B","Defend_B","Defend_B","Defend_B","Zap","Dualcast","Go for the Eyes+1","Capacitor","Sweeping Beam","Darkness","Echo Form+1","Consume","Barrage+1","Leap","Conserve Battery","Coolheaded","Coolheaded","Auto Shields","Multi-Cast","Coolheaded+1","Glacier","Hologram+1","Redo"],"relics":["Cracked Core","Torii","Pen Nib","Bag of Preparation","Oddly Smooth Stone","Lantern","Anchor","Inserter","Orichalcum","Cursed Key","Unceasing Top","Girya","MawBank","Medical Kit","Toy Ornithopter"],"acts_visited":["Exordium","TheCity","TheBeyond"],"potions_floor_usage":[12,28,45],"damage_taken":[{"damage":1,"enemies":"Small Slimes","floor":1,"turns":3},{"damage":2,"enemies":"2 Louse","floor":4,"turns":3},{"damage":0,"enemies":"Cultist","floor":5,"turns":3},{"damage":23,"enemies":"3 Sentries","floor":6,"turns":11},{"damage":1,"enemies":"2 Fungi Beasts","floor":7,"turns":4},{"damage":4,"enemies":"Exordium Wildlife","floor":10,"turns":5},{"damage":21,"enemies":"Lagavulin","floor":12,"turns":7},{"damage":15,"enemies":"The Guardian","floor":16,"turns":8},{"damage":0,"enemies":"Chosen","floor":18,"turns":5},{"damage":22,"enemies":"2 Thieves","floor":20,"turns":5},{"damage":11,"enemies":"Snake Plant","floor":21,"turns":6},{"damage":32,"enemies":"3 Cultists","floor":22,"turns":6},{"damage":2,"enemies":"Snecko","floor":25,"turns":8},{"damage":2,"enemies":"Centurion and Healer","floor":27,"turns":15},{"damage":17,"enemies":"Cultist and Chosen","floor":28,"turns":10},{"damage":1,"enemies":"Snecko","floor":31,"turns":6},{"damage":2,"enemies":"Champ","floor":33,"turns":13},{"damage":29,"enemies":"3 Darklings","floor":35,"turns":9},{"damage":0,"enemies":"Mind Bloom Boss Battle","floor":36,"turns":5},{"damage":10,"enemies":"3 Shapes","floor":37,"turns":3},{"damage":1,"enemies":"3 Darklings","floor":39,"turns":6},{"damage":12,"enemies":"Giant Head","floor":41,"turns":11},{"damage":18,"enemies":"4 Shapes","floor":42,"turns":7},{"damage":9,"enemies":"Sphere and 2 Shapes","floor":45,"turns":7},{"damage":38,"enemies":"Maw","floor":47,"turns":10}],"seed_played":"565763336025787062","potions_obtained":[{"floor":1,"key":"Weak Potion"},{"floor":4,"key":"Weak Potion"},{"floor":6,"key":"Regen Potion"},{"floor":7,"key":"FearPotion"},{"floor":12,"key":"Weak Potion"},{"floor":31,"key":"AttackPotion"},{"floor":41,"key":"Dexterity Potion"}],"is_trial":false,"path_per_floor":["M","?","?","M","M","E","M","R","T","M","R","E","R","?","R","B",null,"M","?","M","M","M","R","?","M","T","M","M","R","$","M","R","B",null,"M","?","M","?","M","R","E","M","T","$","M","R","M"],"character_chosen":"DEFECT","items_purchased":["Orichalcum","Medical Kit","Toy Ornithopter"],"campfire_rested":6,"item_purchase_floors":[30,44,44],"current_hp_per_floor":[67,67,67,65,65,42,41,41,41,37,37,16,36,29,49,34,68,68,68,46,35,3,23,23,21,21,19,17,37,37,36,36,34,68,39,39,29,29,28,48,36,18,18,18,14,34,0,0],"gold":152,"neow_bonus":"ONE_RARE_RELIC","is_daily":false,"chose_seed":false,"campfire_upgraded":2,"win_rate":0.0,"timestamp":1609739756,"path_taken":["M","?","?","M","M","E","?","R","T","M","R","E","R","?","R","BOSS","M","?","M","M","M","R","?","M","T","M","M","R","$","M","R","BOSS","M","?","M","?","M","R","E","?","T","$","M","R","M"],"items_purchased_type":["Relic","Relic","Relic"],"build_version":"2020-12-22","purchased_purges":2,"victory":false,"max_hp_per_floor":[68,68,68,68,68,68,68,68,68,68,68,68,68,68,68,68,68,68,68,68,68,68,68,68,68,68,68,68,68,68,68,68,68,68,68,68,68,68,68,68,68,68,68,68,68,68,68,68],"relic_stats":{"Inserter":[66],"Torii":108,"counters":[25,176],"Pen Nib":[22],"Bag of Preparation":[42],"Orichalcum":[90],"Cursed Key":1,"MawBank":12,"Medical Kit":[0],"obtain_stats":[{"Girya":41,"Lantern":12,"Inserter":17,"Torii":0,"Oddly Smooth Stone":9,"Pen Nib":3,"Bag of Preparation":6,"Orichalcum":30,"Cursed Key":34,"MawBank":43,"Medical Kit":44,"Anchor":14,"Cracked Core":0,"Unceasing Top":36,"Toy Ornithopter":44},{"Girya":22,"Lantern":7,"Inserter":8,"Torii":0,"Oddly Smooth Stone":5,"Pen Nib":1,"Bag of Preparation":4,"Orichalcum":15,"Cursed Key":17,"MawBank":23,"Medical Kit":23,"Anchor":7,"Cracked Core":0,"Unceasing Top":19,"Toy Ornithopter":23},{"Girya":152,"Lantern":36,"Inserter":44,"Torii":0,"Oddly Smooth Stone":24,"Pen Nib":3,"Bag of Preparation":20,"Orichalcum":99,"Cursed Key":118,"MawBank":159,"Medical Kit":159,"Anchor":36,"Cracked Core":0,"Unceasing Top":132,"Toy Ornithopter":159}],"Unceasing Top":[0],"Toy Ornithopter":5},"card_choices":[{"not_picked":["Consume","Streamline","Cold Snap"],"picked":"SKIP","floor":1},{"not_picked":["Coolheaded","Leap"],"picked":"Go for the Eyes","floor":4},{"not_picked":["Recycle","Barrage","White Noise"],"picked":"SKIP","floor":5},{"not_picked":["Streamline","Redo","Multi-Cast"],"picked":"SKIP","floor":6},{"not_picked":["Cold Snap","Rebound"],"picked":"Capacitor","floor":7},{"not_picked":["Double Energy","Static Discharge"],"picked":"Sweeping Beam","floor":10},{"not_picked":["Chaos","Static Discharge"],"picked":"Darkness","floor":12},{"not_picked":["Creative AI","Biased Cognition"],"picked":"Echo Form","floor":16},{"not_picked":["Static Discharge+1","Fusion"],"picked":"Consume","floor":18},{"not_picked":["Genetic Algorithm","Rebound+1"],"picked":"Barrage+1","floor":20},{"not_picked":["Rip and Tear","Darkness+1"],"picked":"Leap","floor":21},{"not_picked":["Undo+1","Go for the Eyes"],"picked":"Conserve Battery","floor":22},{"not_picked":["Turbo","Conserve Battery"],"picked":"Coolheaded","floor":25},{"not_picked":["Force Field","Rebound","Stack"],"picked":"SKIP","floor":27},{"not_picked":["Streamline","Rebound"],"picked":"Coolheaded","floor":28},{"not_picked":["Cold Snap+1","Machine Learning"],"picked":"Auto Shields","floor":31},{"not_picked":["Hyperbeam","Creative AI"],"picked":"Multi-Cast","floor":33},{"not_picked":["Conserve Battery","Streamline"],"picked":"Coolheaded+1","floor":35},{"not_picked":["Cold Snap+1","Redo"],"picked":"Glacier","floor":36},{"not_picked":["Doom and Gloom+1","Skim","Reinforced Body"],"picked":"SKIP","floor":37},{"not_picked":["Aggregate+1","Rebound+1","Self Repair"],"picked":"SKIP","floor":39},{"not_picked":["Tempest","Reprogram"],"picked":"Hologram+1","floor":41},{"not_picked":["Cold Snap+1","Conserve Battery"],"picked":"Redo","floor":42},{"not_picked":["Cold Snap+1","Ball Lightning","Steam"],"picked":"SKIP","floor":45}],"player_experience":165777,"relics_obtained":[{"floor":6,"key":"Bag of Preparation"},{"floor":9,"key":"Oddly Smooth Stone"},{"floor":12,"key":"Lantern"},{"floor":36,"key":"Unceasing Top"},{"floor":41,"key":"Girya"},{"floor":43,"key":"MawBank"}],"event_choices":[{"damage_healed":0,"gold_gain":0,"player_choice":"Ignored","damage_taken":0,"max_hp_gain":0,"max_hp_loss":0,"event_name":"Liars Game","floor":2,"gold_loss":0},{"damage_healed":0,"gold_gain":0,"player_choice":"Paid Gold","damage_taken":0,"relics_obtained":["Pen Nib"],"max_hp_gain":0,"max_hp_loss":0,"event_name":"WeMeetAgain","floor":3,"gold_loss":87},{"damage_healed":0,"gold_gain":0,"player_choice":"Success","damage_taken":7,"relics_obtained":["Anchor"],"max_hp_gain":0,"max_hp_loss":0,"event_name":"Scrap Ooze","floor":14,"gold_loss":0},{"damage_healed":0,"gold_gain":99,"player_choice":"Stole From Cult","damage_taken":0,"max_hp_gain":0,"max_hp_loss":0,"event_name":"Nest","floor":19,"gold_loss":0},{"damage_healed":0,"gold_gain":0,"player_choice":"Ignored","damage_taken":0,"max_hp_gain":0,"max_hp_loss":0,"event_name":"Cursed Tome","floor":24,"gold_loss":0},{"damage_healed":0,"gold_gain":0,"player_choice":"Fight","damage_taken":0,"max_hp_gain":0,"max_hp_loss":0,"event_name":"MindBloom","floor":36,"gold_loss":0},{"damage_healed":0,"gold_gain":0,"player_choice":"Ignored","damage_taken":0,"max_hp_gain":0,"max_hp_loss":0,"event_name":"Mysterious Sphere","floor":38,"gold_loss":0}],"is_beta":false,"boss_relics":[{"not_picked":["Ectoplasm","Velvet Choker"],"picked":"Inserter"},{"not_picked":["Astrolabe","Tiny House"],"picked":"Cursed Key"}],"items_purged_floors":[30,44],"is_endless":false,"potions_floor_spawned":[1,4,6,7,12,22,25,27,31,33,36,41],"killed_by":"Maw","ascension_level":0}}