{"host":"69rply1jf2d1wbmp","time":1609738572,"event":{"mods":["BaseMod","Minty Spire (QoL Compilation)","Quick Restart"],"gold_per_floor":[110,110,42,117,37,37,50,50,50,73,92,92,126,140,140,265,265,286,311,311,329,329,364,364,1,1,1,15,15,31,49,49,147,147,161,161,4,4,19,48,63,63,117,137,137,157,175,204,204,204],"floor_reached":51,"playtime":1692,"items_purged":["Strike_R"],"score":729,"play_id":"850912cc-7bf9-4ca0-aa58-c156b1d9890a","local_time":"20210104003612","is_ascension_mode":false,"campfire_choices":[{"data":"Inflame","floor":6,"key":"SMITH"},{"data":"Bash","floor":12,"key":"SMITH"},{"data":"Combust","floor":15,"key":"SMITH"},{"data":"Reaper","floor":24,"key":"SMITH"},{"data":"Blind","floor":27,"key":"SMITH"},{"data":"Shrug It Off","floor":32,"key":"SMITH"},{"floor":42,"key":"REST"},{"data":"Flame Barrier","floor":45,"key":"SMITH"},{"floor":49,"key":"REST"}],"circlet_count":0,"master_deck":["Strike_R","Strike_R","Defend_R","Defend_R","Defend_R","Bash+1","Twin Strike","Flame Barrier+1","Inflame+1","Pommel Strike","Combust+1","Reaper+1","Cleave+1","Anger+1","Inflame+1","Shrug It Off+1","Blind+1","Doubt","Fire Breathing","Double Tap+1","Rampage+1","Rupture+1","Armaments+1","Writhe","Shrug It Off+1"],"relics":["Burning Blood","Bloody Idol","Shuriken","Red Skull","Cursed Key","White Beast Statue","DollysMirror","Blue Candle","MutagenicStrength","Astrolabe","Lee\u0027s Waffle","MealTicket","Centennial Puzzle","Du-Vu Doll"],"acts_visited":["Exordium","TheCity","TheBeyond"],"potions_floor_usage":[13,23,31,40,41,46,47,48,48,50,50],"damage_taken":[{"damage":0,"enemies":"Small Slimes","floor":1,"turns":3},{"damage":0,"enemies":"2 Louse","floor":7,"turns":2},{"damage":6,"enemies":"Jaw Worm","floor":10,"turns":3},{"damage":7,"enemies":"Gremlin Gang","floor":11,"turns":6},{"damage":13,"enemies":"3 Sentries","floor":13,"turns":5},{"damage":6,"enemies":"Blue Slaver","floor":14,"turns":5},{"damage":16,"enemies":"Slime Boss","floor":16,"turns":6},{"damage":5,"enemies":"Chosen","floor":18,"turns":3},{"damage":22,"enemies":"Shell Parasite","floor":19,"turns":4},{"damage":28,"enemies":"Cultist and Chosen","floor":21,"turns":5},{"damage":31,"enemies":"Gremlin Leader","floor":23,"turns":5},{"damage":26,"enemies":"Sentry and Sphere","floor":28,"turns":5},{"damage":4,"enemies":"Snecko","floor":30,"turns":4},{"damage":20,"enemies":"Snake Plant","floor":31,"turns":4},{"damage":77,"enemies":"Automaton","floor":33,"turns":8},{"damage":17,"enemies":"3 Shapes","floor":35,"turns":2},{"damage":38,"enemies":"3 Darklings","floor":39,"turns":5},{"damage":51,"enemies":"Nemesis","floor":40,"turns":5},{"damage":32,"enemies":"Spire Growth","floor":41,"turns":5},{"damage":6,"enemies":"Transient","floor":44,"turns":5},{"damage":34,"enemies":"Jaw Worm Horde","floor":46,"turns":6},{"damage":20,"enemies":"3 Darklings","floor":47,"turns":5},{"damage":60,"enemies":"Reptomancer","floor":48,"turns":5},{"damage":67,"enemies":"Awakened One","floor":50,"turns":9}],"seed_played":"-4536250341015651581","potions_obtained":[{"floor":1,"key":"Strength Potion"},{"floor":13,"key":"ElixirPotion"},{"floor":18,"key":"Dexterity Potion"},{"floor":28,"key":"FairyPotion"},{"floor":30,"key":"FairyPotion"},{"floor":31,"key":"Fruit Juice"},{"floor":33,"key":"Dexterity Potion"},{"floor":35,"key":"FearPotion"},{"floor":40,"key":"Fire Potion"},{"floor":41,"key":"Energy Potion"},{"floor":44,"key":"SteroidPotion"},{"floor":46,"key":"PowerPotion"},{"floor":47,"key":"ColorlessPotion"},{"floor":48,"key":"ColorlessPotion"}],"is_trial":false,"path_per_floor":["M","?","$","?","$","R","M","?","T","M","M","R","E","M","R","B",null,"M","M","?","M","?","E","R","$","T","R","M","?","M","M","R","B",null,"M","?","$","?","M","E","M","R","T","M","R","M","M","E","R","B",null],"character_chosen":"IRONCLAD","items_purchased":["Flame Barrier","Inflame","DollysMirror","Shrug It Off","Blind","Lee\u0027s Waffle"],"campfire_rested":2,"item_purchase_floors":[3,5,25,25,25,37],"current_hp_per_floor":[88,81,81,70,70,70,76,76,76,76,75,75,68,68,68,58,81,81,74,74,64,64,54,54,54,54,54,39,39,64,60,60,35,86,80,80,93,88,67,27,37,63,68,88,88,65,56,33,59,18],"gold":204,"neow_bonus":"TEN_PERCENT_HP_BONUS","is_daily":false,"chose_seed":false,"campfire_upgraded":7,"win_rate":0.0,"timestamp":1609738572,"path_taken":["M","?","$","?","?","R","?","?","T","?","M","R","E","?","R","BOSS","M","?","?","M","?","E","R","$","T","R","M","?","M","?","R","BOSS","M","?","$","?","M","E","M","R","T","M","R","M","M","E","R","BOSS"],"items_purchased_type":["Card","Card","Relic","Card","Card","Relic"],"build_version":"2020-12-22","purchased_purges":1,"victory":true,"max_hp_per_floor":[88,81,81,81,81,81,81,81,81,81,81,81,81,81,81,81,81,81,81,81,81,81,81,81,81,81,81,81,81,81,86,86,86,86,86,86,93,88,88,88,88,88,88,88,88,88,88,88,88,88],"card_choices":[{"not_picked":["Warcry","Thunderclap"],"picked":"Twin Strike","floor":1},{"not_picked":["True Grit","Warcry","Clothesline"],"picked":"SKIP","floor":7},{"not_picked":["Seeing Red","Battle Trance","Pommel Strike"],"picked":"SKIP","floor":10},{"not_picked":["Clash","Sever Soul"],"picked":"Combust","floor":11},{"not_picked":["Entrench","Heavy Blade","Twin Strike"],"picked":"SKIP","floor":13},{"not_picked":["Havoc","Flex","Iron Wave"],"picked":"SKIP","floor":14},{"not_picked":["Feed","Corruption"],"picked":"Reaper","floor":16},{"not_picked":["Shrug It Off+1","True Grit+1"],"picked":"Cleave+1","floor":18},{"not_picked":["Body Slam+1","Sword Boomerang"],"picked":"Anger+1","floor":19},{"not_picked":["Body Slam","Second Wind+1","Heavy Blade"],"picked":"SKIP","floor":21},{"not_picked":["Bloodletting","Barricade","True Grit"],"picked":"SKIP","floor":23},{"not_picked":["Pommel Strike","Body Slam"],"picked":"Fire Breathing","floor":28},{"not_picked":["Perfected Strike","Pummel+1","Clothesline"],"picked":"SKIP","floor":30},{"not_picked":["Twin Strike","Iron Wave","True Grit"],"picked":"SKIP","floor":31},{"not_picked":["Disarm+1","Twin Strike"],"picked":"Armaments+1","floor":35},{"not_picked":["Disarm+1","Thunderclap","Uppercut"],"picked":"SKIP","floor":39},{"not_picked":["Whirlwind","Armaments+1","Clash+1"],"picked":"SKIP","floor":40},{"not_picked":["Twin Strike","Clothesline","Flex+1"],"picked":"SKIP","floor":41},{"not_picked":["Havoc","Headbutt+1","Warcry"],"picked":"SKIP","floor":44},{"not_picked":["Havoc","Flame Barrier+1"],"picked":"Shrug It Off+1","floor":46},{"not_picked":["Feel No Pain","Wild Strike","Combust+1"],"picked":"SKIP","floor":47},{"not_picked":["Headbutt+1","Shockwave+1","Reckless Charge+1"],"picked":"SKIP","floor":48}],"player_experience":414142,"relics_obtained":[{"floor":9,"key":"Shuriken"},{"floor":13,"key":"Red Skull"},{"floor":23,"key":"White Beast Statue"},{"floor":26,"key":"Blue Candle"},{"floor":40,"key":"MealTicket"},{"floor":43,"key":"Centennial Puzzle"},{"floor":48,"key":"Du-Vu Doll"}],"event_choices":[{"damage_healed":0,"gold_gain":0,"player_choice":"Lose Max HP","damage_taken":0,"relics_obtained":["Golden Idol"],"max_hp_gain":0,"max_hp_loss":7,"event_name":"Golden Idol","floor":2,"gold_loss":0},{"damage_healed":0,"gold_gain":75,"player_choice":"Gather Gold","damage_taken":11,"max_hp_gain":0,"max_hp_loss":0,"event_name":"World of Goop","floor":4,"gold_loss":0},{"damage_healed":0,"gold_gain":0,"player_choice":"1 cards matched","damage_taken":0,"max_hp_gain":0,"max_hp_loss":0,"event_name":"Match and Keep!","floor":8,"gold_loss":0,"cards_obtained":["Pommel Strike"]},{"damage_healed":0,"gold_gain":0,"player_choice":"Gave Idol","damage_taken":0,"relics_obtained":["Bloody Idol"],"max_hp_gain":0,"max_hp_loss":0,"event_name":"Forgotten Altar","floor":20,"relics_lost":["Golden Idol"],"gold_loss":0},{"damage_healed":0,"gold_gain":0,"player_choice":"Ignored","damage_taken":0,"max_hp_gain":0,"max_hp_loss":0,"event_name":"Vampires","floor":22,"gold_loss":0},{"damage_healed":0,"gold_gain":0,"player_choice":"Inject Mutagens","damage_taken":0,"relics_obtained":["MutagenicStrength"],"max_hp_gain":0,"max_hp_loss":0,"event_name":"Drug Dealer","floor":29,"gold_loss":0},{"damage_healed":0,"gold_gain":0,"player_choice":"Ignored","damage_taken":0,"max_hp_gain":0,"max_hp_loss":0,"event_name":"Tomb of Lord Red Mask","floor":36,"gold_loss":0},{"damage_healed":0,"gold_gain":0,"player_choice":"Max HP","damage_taken":0,"max_hp_gain":0,"max_hp_loss":5,"event_name":"Winding Halls","floor":38,"gold_loss":0}],"is_beta":false,"boss_relics":[{"not_picked":["SlaversCollar","Sozu"],"picked":"Cursed Key"},{"not_picked":["SacredBark","Pandora\u0027s Box"],"picked":"Astrolabe"}],"items_purged_floors":[25],"is_endless":false,"potions_floor_spawned":[1,13,18,28,30,31,33,35,39,40,41,44,46,47,48],"ascension_level":0}}