{"host":"71akxjf7cjo3bhmj","time":1609802550,"event":{"mods":["AchievementEnabler","BaseMod","Colored Powertips","Minty Spire (QoL Compilation)"],"gold_per_floor":[114,124,124,124,56,87,48,66,92,122,134,159,46,63,63,168,168,180,198,217,235,254,254,254],"floor_reached":23,"playtime":1917,"items_purged":[],"score":240,"play_id":"299a4383-3f01-464e-8bac-0f64bdb88647","local_time":"20210105002230","is_ascension_mode":false,"campfire_choices":[{"data":"Genetic Algorithm","floor":15,"key":"SMITH"}],"circlet_count":0,"master_deck":["Strike_B","Strike_B","Strike_B","Defend_B","Defend_B","Defend_B","Defend_B","Zap","Dualcast","Cold Snap","Ball Lightning","Defragment","Blizzard","Tempest","Glacier","Blizzard","Cold Snap","Defragment","Genetic Algorithm+1","Buffer","Ball Lightning","Sunder+1","Ball Lightning","Conserve Battery"],"relics":["Cracked Core","NeowsBlessing","Happy Flower","Bronze Scales","Centennial Puzzle","Blood Vial","HornCleat"],"acts_visited":["Exordium","TheCity"],"potions_floor_usage":[11,16,16,19,22,23],"damage_taken":[{"damage":0,"enemies":"Jaw Worm","floor":1,"turns":1},{"damage":0,"enemies":"2 Louse","floor":2,"turns":1},{"damage":0,"enemies":"Gremlin Nob","floor":6,"turns":1},{"damage":6,"enemies":"Cultist","floor":8,"turns":3},{"damage":5,"enemies":"Lagavulin","floor":10,"turns":8},{"damage":0,"enemies":"Large Slime","floor":11,"turns":5},{"damage":5,"enemies":"Gremlin Nob","floor":12,"turns":5},{"damage":13,"enemies":"3 Louse","floor":14,"turns":3},{"damage":13,"enemies":"The Guardian","floor":16,"turns":16},{"damage":4,"enemies":"3 Byrds","floor":18,"turns":3},{"damage":5,"enemies":"Chosen","floor":19,"turns":3},{"damage":11,"enemies":"Sentry and Sphere","floor":20,"turns":5},{"damage":18,"enemies":"Shelled Parasite and Fungi","floor":21,"turns":6},{"damage":0,"enemies":"Snecko","floor":22,"turns":4},{"damage":61,"enemies":"Gremlin Leader","floor":23,"turns":8}],"seed_played":"-7210349447401405109","potions_obtained":[{"floor":10,"key":"Regen Potion"},{"floor":12,"key":"Weak Potion"},{"floor":14,"key":"SpeedPotion"},{"floor":18,"key":"Energy Potion"},{"floor":19,"key":"EssenceOfSteel"},{"floor":22,"key":"AttackPotion"}],"is_trial":false,"path_per_floor":["M","M","?","?","$","E","$","M","T","E","M","E","$","M","R","B",null,"M","M","M","M","M","E"],"character_chosen":"DEFECT","items_purchased":["Defragment","Tempest","Defragment","Genetic Algorithm"],"campfire_rested":0,"item_purchase_floors":[5,7,13,13],"current_hp_per_floor":[75,75,68,50,50,50,50,44,44,39,55,52,52,41,41,30,75,71,68,59,43,45,0,0],"gold":254,"neow_bonus":"THREE_ENEMY_KILL","is_daily":false,"chose_seed":false,"campfire_upgraded":1,"win_rate":0.0,"timestamp":1609802550,"path_taken":["M","M","?","?","$","E","?","M","T","E","M","E","?","?","R","BOSS","M","M","M","M","M","E"],"items_purchased_type":["Card","Card","Card","Card"],"build_version":"2020-12-22","purchased_purges":0,"victory":false,"max_hp_per_floor":[75,75,75,75,75,75,75,75,75,75,75,75,75,75,75,75,75,75,75,75,75,75,75,75],"card_choices":[{"not_picked":["Streamline","Scrape"],"picked":"Cold Snap","floor":1},{"not_picked":["Rip and Tear","Go for the Eyes"],"picked":"Ball Lightning","floor":2},{"not_picked":["Chaos","Heatsinks"],"picked":"Blizzard","floor":6},{"not_picked":["Melter","Capacitor"],"picked":"Glacier","floor":8},{"not_picked":["Ball Lightning","Thunder Strike"],"picked":"Blizzard","floor":10},{"not_picked":["Steam","Ball Lightning"],"picked":"Cold Snap","floor":11},{"not_picked":["Aggregate","Reprogram","Heatsinks"],"picked":"SKIP","floor":12},{"not_picked":["Steam","Gash","Rip and Tear"],"picked":"SKIP","floor":14},{"not_picked":["Thunder Strike","Machine Learning"],"picked":"Buffer","floor":16},{"not_picked":["BootSequence","Beam Cell+1"],"picked":"Ball Lightning","floor":18},{"not_picked":["Leap","Chaos"],"picked":"Sunder+1","floor":19},{"not_picked":["Steam+1","Stack"],"picked":"Ball Lightning","floor":20},{"not_picked":["Meteor Strike","Barrage+1","Stack"],"picked":"SKIP","floor":21},{"not_picked":["Steam Power","Beam Cell"],"picked":"Conserve Battery","floor":22}],"player_experience":149733,"relics_obtained":[{"floor":6,"key":"Bronze Scales"},{"floor":9,"key":"Centennial Puzzle"},{"floor":10,"key":"Blood Vial"},{"floor":12,"key":"HornCleat"}],"event_choices":[{"cards_removed":["Strike_B"],"damage_healed":0,"gold_gain":0,"player_choice":"Card Removal","damage_taken":7,"max_hp_gain":0,"max_hp_loss":0,"event_name":"Golden Wing","floor":3,"gold_loss":0},{"damage_healed":0,"gold_gain":0,"player_choice":"Success","damage_taken":18,"relics_obtained":["Happy Flower"],"max_hp_gain":0,"max_hp_loss":0,"event_name":"Scrap Ooze","floor":4,"gold_loss":0}],"is_beta":false,"boss_relics":[{"not_picked":["Fusion Hammer","Sozu","Coffee Dripper"]}],"items_purged_floors":[],"is_endless":false,"potions_floor_spawned":[10,12,14,18,19,22],"killed_by":"Gremlin Leader","ascension_level":0}}