{"host":"sdjng9zhqonqi3uc","time":1609784733,"event":{"mods":["2.2 Compatiblity","AchievementEnabler","BaseMod","BetterRewards","Colored Powertips","Hero for Fun","Minty Spire (QoL Compilation)","Shop Mod","StSLib","Td1madao Mod","The Animator","The Cursed","The Servant 0.9.4"],"gold_per_floor":[112,187,74,90,90,90,109,150,177,203,219,237,187,218,218,320,320,338,363,363,363,377,377,71,71,71,100,100,25,25,61,61,162,162,177,192,192,192,414,445,0,26,26,26,75,109,109,140,140,140],"floor_reached":51,"playtime":4403,"items_purged":[],"score":1021,"play_id":"a0b99293-e3b3-4014-8101-7408c61db6b2","local_time":"20210104192533","is_ascension_mode":true,"campfire_choices":[{"data":"animator:IrohaTamaki","floor":6,"key":"SMITH"},{"floor":15,"key":"REST"},{"data":"animator:MadokaKaname","floor":23,"key":"SMITH"},{"data":"animator:NagisaMomoe","floor":25,"key":"SMITH"},{"floor":30,"key":"REST"},{"data":"animator:MamiTomoe","floor":32,"key":"SMITH"},{"floor":44,"key":"REST"},{"data":"animator:Kira","floor":47,"key":"SMITH"},{"data":"animator:Wiz","floor":49,"key":"SMITH"}],"circlet_count":0,"master_deck":["animator:Strike_MadokaMagica","animator:Defend_MadokaMagica","animator:IrohaTamaki+1","animator:YuiTsuruno","animator:YuiTsuruno","animator:YuiTsuruno","animator:NagisaMomoe+1","animator:SayakaMiki","animator:DolaStephanie","animator:Kyubey","animator:MadokaKaname+1","animator:AcuraAkari+1","animator:Guy+1","animator:DolaRiku","animator:Tet","animator:Albedo","animator:Fredrika","Writhe","animator:MadokaKaname+1","animator:MamiTomoe+1","animator:Wiz+1","Writhe","animator:SayakaMiki+1","animator:Kira+1","animator:NagisaMomoe","animator:Kyubey"],"relics":["animator:LivingPicture","animator:TheMissingPiece","animator:PurgingStone","Lantern","Letter Opener","animator:EngravedStaff","animator:Buoy","animator:BattleDrones","Astrolabe","Red Mask","animator:OldCoffin","animator:WizardHat","Matryoshka","Juzu Bracelet","Mark of Pain","Bag of Marbles","Membership Card","Oddly Smooth Stone","Meat on the Bone","InkBottle","Anchor","Pear","Thread and Needle","FossilizedHelix","Sundial"],"acts_visited":["Exordium","TheCity","TheBeyond"],"potions_floor_usage":[16,19,33,33,36,40,42,45,50],"damage_taken":[{"damage":5,"enemies":"Cultist","floor":1,"turns":4},{"damage":0,"enemies":"Small Slimes","floor":4,"turns":2},{"damage":4,"enemies":"2 Louse","floor":7,"turns":3},{"damage":22,"enemies":"Gremlin Nob","floor":8,"turns":5},{"damage":24,"enemies":"Lagavulin","floor":10,"turns":4},{"damage":0,"enemies":"2 Fungi Beasts","floor":11,"turns":3},{"damage":0,"enemies":"Large Slime","floor":12,"turns":4},{"damage":7,"enemies":"3 Louse","floor":14,"turns":2},{"damage":0,"enemies":"Slime Boss","floor":16,"turns":4},{"damage":5,"enemies":"Spheric Guardian","floor":18,"turns":4},{"damage":30,"enemies":"Masked Bandits","floor":19,"turns":5},{"damage":11,"enemies":"Chosen","floor":22,"turns":6},{"damage":4,"enemies":"Book of Stabbing","floor":27,"turns":4},{"damage":12,"enemies":"Shelled Parasite and Fungi","floor":31,"turns":4},{"damage":26,"enemies":"Champ","floor":33,"turns":8},{"damage":10,"enemies":"Orb Walker","floor":35,"turns":3},{"damage":14,"enemies":"3 Darklings","floor":36,"turns":3},{"damage":32,"enemies":"Nemesis","floor":40,"turns":5},{"damage":47,"enemies":"Reptomancer","floor":42,"turns":6},{"damage":24,"enemies":"2 Orb Walkers","floor":45,"turns":4},{"damage":26,"enemies":"Giant Head","floor":46,"turns":6},{"damage":0,"enemies":"Nemesis","floor":48,"turns":5},{"damage":24,"enemies":"Time Eater","floor":50,"turns":8}],"seed_played":"7409330747224897513","potions_obtained":[{"floor":7,"key":"BlessingOfTheForge"},{"floor":8,"key":"SpeedPotion"},{"floor":10,"key":"Block Potion"},{"floor":22,"key":"Weak Potion"},{"floor":31,"key":"Swift Potion"},{"floor":35,"key":"GamblersBrew"},{"floor":37,"key":"SpeedPotion"},{"floor":37,"key":"Block Potion"},{"floor":45,"key":"Ancient Potion"},{"floor":46,"key":"Strength Potion"}],"is_trial":false,"path_per_floor":["M","?","?","M","?","R","M","E","T","E","M","M","?","M","R","B",null,"M","?","?","?","M","R","$","R","T","E","?","?","R","M","R","B",null,"M","M","?","?","?","E","$","E","T","R","?","E","R","E","R","B",null],"character_chosen":"THE_ANIMATOR","items_purchased":["animator:WizardHat","Membership Card","Oddly Smooth Stone","Meat on the Bone","animator:Kira"],"campfire_rested":3,"item_purchase_floors":[24,41,41,41,41],"current_hp_per_floor":[61,50,50,50,66,66,62,40,40,17,17,17,17,10,30,31,68,63,33,33,33,31,31,31,31,31,27,27,27,47,41,41,27,68,68,54,54,68,68,36,36,25,35,58,46,32,32,44,44,44],"gold":140,"neow_bonus":"RANDOM_COMMON_RELIC","is_daily":false,"chose_seed":false,"campfire_upgraded":6,"win_rate":0.0,"timestamp":1609784733,"path_taken":["M","?","?","?","?","R","M","E","T","E","?","M","?","M","R","BOSS","M","?","?","?","M","R","$","R","T","E","?","?","R","M","R","BOSS","M","M","?","?","?","E","$","E","T","R","?","E","R","E","R","BOSS"],"items_purchased_type":["Relic","Relic","Relic","Relic","Card"],"build_version":"2020-12-22","purchased_purges":0,"victory":true,"max_hp_per_floor":[66,66,66,66,66,66,66,66,66,67,67,67,67,67,67,68,68,68,68,68,68,68,68,68,68,68,68,68,68,68,68,68,68,68,68,68,68,68,68,68,68,68,78,78,78,78,78,78,78,78],"card_choices":[{"not_picked":["animator:DolaRiku","animator:Demiurge"],"picked":"animator:Megumin","floor":1},{"not_picked":["animator:DolaSchwi","animator:ChlammyZell"],"picked":"animator:YuiTsuruno","floor":4},{"not_picked":["animator:AcuraTooru","animator:DolaSchwi"],"picked":"animator:YuiTsuruno","floor":7},{"not_picked":["animator:OrikoMikuni","animator:SayakaMiki"],"picked":"animator:NagisaMomoe","floor":8},{"not_picked":["animator:Konayuki","animator:Sonic"],"picked":"animator:SayakaMiki","floor":10},{"not_picked":["animator:NarberalGamma","animator:Sonic"],"picked":"animator:DolaStephanie","floor":11},{"not_picked":["animator:Shichika","animator:DolaSchwi","animator:Emonzaemon"],"picked":"SKIP","floor":12},{"not_picked":["animator:KyokoSakura","animator:SayakaMiki"],"picked":"animator:Kyubey","floor":14},{"not_picked":["animator:Father","animator:Greed"],"picked":"animator:MadokaKaname","floor":16},{"not_picked":["animator:NarberalGamma","animator:Tet"],"picked":"animator:DolaRiku","floor":18},{"not_picked":["animator:PandorasActor","animator:UneriGinkaku"],"picked":"animator:Tet","floor":19},{"not_picked":["animator:OrikoMikuni","animator:Demiurge+1","animator:ChaikaBohdan"],"picked":"SKIP","floor":22},{"not_picked":["animator:OrikoMikuni","animator:Demiurge+1","animator:ChaikaBohdan"],"picked":"SKIP","floor":22},{"not_picked":["animator:Gillette","animator:Emonzaemon","animator:Verdia"],"picked":"SKIP","floor":27},{"not_picked":["animator:KyokoSakura","animator:YachiyoNanami"],"picked":"animator:MamiTomoe","floor":31},{"not_picked":["animator:AcuraShin","animator:Greed"],"picked":"animator:Wiz","floor":33},{"not_picked":["animator:OrikoMikuni+1","animator:IrohaTamaki+1","animator:FielNirvalen"],"picked":"SKIP","floor":35},{"not_picked":["animator:Gluttony+1","animator:Vanir+1","animator:Pride"],"picked":"SKIP","floor":36},{"not_picked":["animator:TsurugaMeisai+1","animator:WinryRockbell"],"picked":"animator:SayakaMiki+1","floor":40},{"not_picked":["animator:KyokoSakura","animator:YachiyoNanami"],"picked":"animator:NagisaMomoe","floor":42},{"not_picked":["animator:MamiTomoe","animator:Konayuki"],"picked":"animator:Kyubey","floor":45},{"not_picked":["animator:Souei+1","animator:GazelDwargon+1","animator:IrohaTamaki"],"picked":"SKIP","floor":46},{"not_picked":["animator:Emonzaemon+1","animator:NarberalGamma+1","animator:MumenRider"],"picked":"SKIP","floor":48}],"player_experience":258333,"relics_obtained":[{"floor":8,"key":"animator:EngravedStaff"},{"floor":9,"key":"animator:Buoy"},{"floor":10,"key":"animator:BattleDrones"},{"floor":19,"key":"Red Mask"},{"floor":26,"key":"Matryoshka"},{"floor":27,"key":"Juzu Bracelet"},{"floor":40,"key":"Bag of Marbles"},{"floor":42,"key":"InkBottle"},{"floor":43,"key":"Anchor"},{"floor":43,"key":"Pear"},{"floor":45,"key":"Thread and Needle"},{"floor":46,"key":"FossilizedHelix"},{"floor":48,"key":"Sundial"}],"event_choices":[{"damage_healed":0,"gold_gain":75,"player_choice":"Gather Gold","damage_taken":11,"max_hp_gain":0,"max_hp_loss":0,"event_name":"World of Goop","floor":2,"gold_loss":0},{"damage_healed":0,"gold_gain":0,"player_choice":"Paid Gold","damage_taken":0,"relics_obtained":["Letter Opener"],"max_hp_gain":0,"max_hp_loss":0,"event_name":"WeMeetAgain","floor":3,"gold_loss":113},{"cards_removed":["animator:Megumin"],"damage_healed":16,"gold_gain":0,"player_choice":"Offered Uncommon","damage_taken":0,"max_hp_gain":0,"max_hp_loss":0,"event_name":"Bonfire Elementals","floor":5,"gold_loss":0},{"cards_removed":["animator:Strike"],"damage_healed":0,"gold_gain":0,"player_choice":"Card Removal","damage_taken":0,"max_hp_gain":0,"max_hp_loss":0,"event_name":"The Cleric","floor":13,"gold_loss":50},{"damage_healed":0,"gold_gain":0,"player_choice":"Fought Bandits","damage_taken":0,"max_hp_gain":0,"max_hp_loss":0,"event_name":"Masked Bandits","floor":19,"gold_loss":0},{"damage_healed":0,"gold_gain":0,"cards_transformed":["animator:Verdia","animator:Strike"],"player_choice":"Became Test Subject","damage_taken":0,"max_hp_gain":0,"max_hp_loss":0,"event_name":"Drug Dealer","floor":20,"gold_loss":0,"cards_obtained":["animator:Albedo","animator:Fredrika"]},{"damage_healed":0,"gold_gain":0,"player_choice":"Opened","damage_taken":0,"relics_obtained":["animator:OldCoffin"],"max_hp_gain":0,"max_hp_loss":0,"event_name":"The Mausoleum","floor":21,"gold_loss":0,"cards_obtained":["Writhe"]},{"damage_healed":0,"gold_gain":0,"player_choice":"Copied","damage_taken":0,"max_hp_gain":0,"max_hp_loss":0,"event_name":"Duplicator","floor":28,"gold_loss":0,"cards_obtained":["animator:MadokaKaname"]},{"cards_removed":["animator:Defend"],"damage_healed":0,"gold_gain":0,"player_choice":"Gave Gold","damage_taken":0,"max_hp_gain":0,"max_hp_loss":0,"event_name":"Beggar","floor":29,"gold_loss":75},{"damage_healed":0,"gold_gain":0,"player_choice":"Got Potions","damage_taken":0,"max_hp_gain":0,"max_hp_loss":0,"event_name":"Lab","floor":37,"gold_loss":0},{"damage_healed":17,"gold_gain":0,"player_choice":"Writhe","damage_taken":0,"max_hp_gain":0,"max_hp_loss":0,"event_name":"Winding Halls","floor":38,"gold_loss":0,"cards_obtained":["Writhe"]},{"damage_healed":0,"gold_gain":222,"player_choice":"Wore Mask","damage_taken":0,"max_hp_gain":0,"max_hp_loss":0,"event_name":"Tomb of Lord Red Mask","floor":39,"gold_loss":0},{"damage_healed":0,"gold_gain":0,"player_choice":"Fight","damage_taken":0,"max_hp_gain":0,"max_hp_loss":0,"event_name":"Mysterious Sphere","floor":45,"gold_loss":0}],"is_beta":false,"boss_relics":[{"not_picked":["Busted Crown","Pandora\u0027s Box"],"picked":"Astrolabe"},{"not_picked":["Cursed Key","Fusion Hammer"],"picked":"Mark of Pain"}],"items_purged_floors":[],"is_endless":false,"potions_floor_spawned":[7,8,10,11,22,31,35,45,46],"ascension_level":2}}