{"host":"2ola2xmu4hnwjqd4","time":1609795286,"event":{"mods":["ATMod(阿瑾Mod)","Act Like it!","BaseMod","BetterRewards","Conspire","Minty Spire (QoL Compilation)","MostiFishMod","Pale of the Ancients","Permanent Neow","Shop Mod","StSLib","TestMod","[IsaacMod]以撒尖塔"],"gold_per_floor":[119,269,144,162,122,122,152,171,241,258,288,305,335,354,354,433,433,563,80,144,544,573,573,687,687,764,842,893,893,96,206,206,288,288,428,502,502,513,566,593,593,620,694,763,822,867,897,545,545,545,545,545,545,3,37,38],"floor_reached":57,"playtime":1831,"items_purged":["Strike_R","Strike_R","Doubt","Strike_R","Strike_R","Strike_R","Defend_R+1"],"score":4436,"play_id":"679dc1c9-47e9-4c2d-a4ad-0f433e54d608","local_time":"20210105052126","is_ascension_mode":true,"campfire_choices":[{"data":"Whirlwind","floor":6.0,"key":"SMITH"},{"data":"MostiFishMod:Chiaki","floor":15.0,"key":"SMITH"},{"data":"MostiFishMod:RacingGame","floor":23.0,"key":"SMITH"},{"data":"Battle Trance","floor":25.0,"key":"SMITH"},{"data":"Entrench","floor":29.0,"key":"SMITH"},{"floor":32.0,"key":"RECALL"},{"data":"AT_OneInchPunch","floor":41.0,"key":"SMITH"},{"floor":49.0,"key":"REST"},{"floor":53,"key":"REST"}],"circlet_count":0,"master_deck":["AscendersBane","Defend_R+1","Defend_R+1","Defend_R+1","Bash+1","SuicideKing","AT_OneInchPunch+1","Whirlwind+1","MostiFishMod:Chiaki+1","Corruption+1","Rampage+1","Feel No Pain+1","MostiFishMod:RacingGame+1","Battle Trance+1","Dark Embrace+1","Entrench+1","Feed+1","Feed+1","Limit Break+1","Shrug It Off+1"],"relics":["Black Blood","testmod-TestBox","testmod-FatalChain","AT_ATBox","BionicSphere","DeathBook","AT_ForceNature","BirthdayGift-Icosahedron","testmod-CyclicPeriapt","AT_ChloranthyRing","conspire:TreasureMap","AT_BellowingDragoncrestRing","Incense Burner","Dodecahedron","Centennial Puzzle","Frozen Egg 2","SynthV:TestCard","Singing Bowl","Molten Egg 2","testmod-ArcanaOfDestiny","AT_SunfireAegis","testmod-Prudence","GuppysTail","NineLifeCat","testmod-Alchemist","CeramicFish","BookOfRevelations","ImprovedEquipment","DollysMirror","testmod-Brilliant","testmod-IntensifyImprint","BloodBag","DaveBox","DSteel32","Bird Faced Urn","Pear","War Paint","conspire:Flyswatter","White Beast Statue","MawBank","Oddly Smooth Stone","Toy Ornithopter","GuppysTail","Ying","Orichalcum"],"acts_visited":["Exordium","TheCity","TheBeyond","TheEnding"],"potions_floor_usage":[53,56,56,56,56,56],"damage_taken":[{"damage":0.0,"enemies":"Jaw Worm","floor":1.0,"turns":1.0},{"damage":0.0,"enemies":"2 Louse","floor":4.0,"turns":1.0},{"damage":0.0,"enemies":"Lagavulin","floor":7.0,"turns":2.0},{"damage":0.0,"enemies":"Small Slimes","floor":8.0,"turns":2.0},{"damage":0.0,"enemies":"Exordium Thugs","floor":10.0,"turns":1.0},{"damage":0.0,"enemies":"3 Sentries","floor":11.0,"turns":1.0},{"damage":0.0,"enemies":"Blue Slaver","floor":12.0,"turns":1.0},{"damage":0.0,"enemies":"Gremlin Nob","floor":13.0,"turns":1.0},{"damage":0.0,"enemies":"2 Fungi Beasts","floor":14.0,"turns":1.0},{"damage":0.0,"enemies":"The Guardian","floor":16.0,"turns":2.0},{"damage":0.0,"enemies":"Chosen","floor":18.0,"turns":1.0},{"damage":0.0,"enemies":"Spheric Guardian","floor":20.0,"turns":1.0},{"damage":0.0,"enemies":"3 Cultists","floor":22.0,"turns":1.0},{"damage":0.0,"enemies":"Gremlin Leader","floor":24.0,"turns":2.0},{"damage":0.0,"enemies":"Book of Stabbing","floor":27.0,"turns":3.0},{"damage":0.0,"enemies":"Centurion and Healer","floor":28.0,"turns":1.0},{"damage":0.0,"enemies":"Gremlin Leader","floor":31.0,"turns":1.0},{"damage":0.0,"enemies":"Automaton","floor":33.0,"turns":3.0},{"damage":0.0,"enemies":"3 Shapes","floor":35.0,"turns":1.0},{"damage":0.0,"enemies":"Orb Walker","floor":36.0,"turns":1.0},{"damage":0.0,"enemies":"Sphere and 2 Shapes","floor":38.0,"turns":1.0},{"damage":0.0,"enemies":"2 Orb Walkers","floor":39.0,"turns":1.0},{"damage":0.0,"enemies":"Giant Head","floor":40.0,"turns":2.0},{"damage":0.0,"enemies":"Nemesis","floor":42.0,"turns":2.0},{"damage":0.0,"enemies":"Hiden Room Battle","floor":45.0,"turns":1.0},{"damage":0.0,"enemies":"Giant Head","floor":46.0,"turns":2.0},{"damage":0.0,"enemies":"Spire Growth","floor":47.0,"turns":1.0},{"damage":0,"enemies":"Time Eater","floor":50,"turns":3},{"damage":0,"enemies":"Donu and Deca","floor":51,"turns":1},{"damage":0,"enemies":"Shield and Spear","floor":55,"turns":1},{"damage":0,"enemies":"The Heart","floor":56,"turns":3}],"seed_played":"8439978870977088480","potions_obtained":[{"floor":5.0,"key":"BloodPotion"},{"floor":5.0,"key":"Ancient Potion"},{"floor":5.0,"key":"conspire:TimeTravelPotion"},{"floor":10.0,"key":"EssenceOfSteel"},{"floor":14.0,"key":"DuplicationPotion"},{"floor":22.0,"key":"SteroidPotion"},{"floor":28.0,"key":"LiquidMemories"},{"floor":38.0,"key":"ColorlessPotion"},{"floor":39.0,"key":"AttackPotion"},{"floor":40.0,"key":"testmod-TestPotion"},{"floor":45.0,"key":"FearPotion"},{"floor":46.0,"key":"ColorlessPotion"},{"floor":47.0,"key":"GamblersBrew"},{"floor":55,"key":"AttackPotion"}],"is_trial":false,"path_per_floor":["M","?","$","M","?","R","E","M","T","M","E","M","E","M","R","B",null,"M","$","M","?","M","R","E","R","T","E","M","R","$","E","R","B",null,"M","M","?","M","?","E","R","E","T","T","?","E","M","$","R","B","B",null,"R","$","E","B",null],"character_chosen":"IRONCLAD","items_purchased":["AT_ForceNature","BirthdayGift-Icosahedron","testmod-CyclicPeriapt","AT_ChloranthyRing","conspire:TreasureMap","AT_BellowingDragoncrestRing","Incense Burner","Dodecahedron","BloodDonationMachine","Centennial Puzzle","Whirlwind","Frozen Egg 2","GuppysTail","Battle Trance","NineLifeCat","testmod-Alchemist","testmod-SpacePotion","Feed+1","DollysMirror","testmod-Brilliant","Toy Ornithopter","GuppysTail","SteroidPotion","Ying"],"campfire_rested":2,"item_purchase_floors":[0,0,0,0,0,0,0,0,0,0,0,0,17,17,17,19,30,30,30,30,48,54,54,54],"current_hp_per_floor":[28,28,28,36,51,51,59,69,69,79,79,81,81,81,81,81,13,4,4,6,6,15,15,13,13,13,17,17,17,17,12,12,20,22,26,38,38,40,42,54,54,60,60,60,64,70,72,72,72,72,72,72,72,72,78,78],"gold":38,"neow_bonus":"","is_daily":false,"chose_seed":false,"campfire_upgraded":6,"win_rate":0.0,"timestamp":1609795286,"path_taken":["M","?","$","M","?","R","E","M","T","M","E","M","E","M","R","BOSS","M","$","M","?","M","R","E","R","T","E","M","R","$","E","R","BOSS","M","M","?","?","?","E","R","E","T","?","?","E","M","$","R","BOSS","BOSS","R","$","E","BOSS"],"items_purchased_type":["Relic","Relic","Relic","Relic","Relic","Relic","Relic","Relic","Relic","Relic","Card","Relic","Relic","Card","Relic","Relic","Potion","Card","Relic","Relic","Relic","Relic","Potion","Relic"],"build_version":"2020-12-22","purchased_purges":7,"victory":true,"max_hp_per_floor":[75,75,75,75,75,75,75,77,77,79,79,81,81,81,81,81,13,13,13,15,15,17,17,19,19,19,21,21,21,21,23,23,23,23,29,38,38,40,42,54,54,60,60,60,64,70,72,72,72,72,72,72,72,72,78,78],"card_choices":[{"not_picked":[],"picked":"SuicideKing","floor":0.0},{"not_picked":["Anger","Headbutt","Ghostly Armor"],"picked":"SKIP","floor":1.0},{"not_picked":["Dropkick","Perfected Strike","Warcry","MostiFishMod:BrandingRite","Havoc"],"picked":"SKIP","floor":4.0},{"not_picked":["Flame Barrier","Wild Strike","Whirlwind","Inflame+1"],"picked":"MostiFishMod:Chiaki","floor":7.0},{"not_picked":["Perfected Strike","Twin Strike","Wild Strike","True Grit","Clash"],"picked":"Singing Bowl","floor":8.0},{"not_picked":["AT_IchimonjiDouble+1","Hemokinesis+1","Perfected Strike+1","AT_BodySlamDance","AT_CaressingTears"],"picked":"Singing Bowl","floor":10.0},{"not_picked":["AT_IchimonjiDouble+1","Perfected Strike+1","Rupture+1","Fire Breathing+1"],"picked":"Corruption+1","floor":11.0},{"not_picked":["Shrug It Off","Metallicize+1","Infernal Blade","AT_IchimonjiDouble+1","Sword Boomerang+1"],"picked":"Singing Bowl","floor":12.0},{"not_picked":["conspire:ExplosiveBarrier","Berserk+1","Sword Boomerang+1","Armaments"],"picked":"Rampage+1","floor":13.0},{"not_picked":["Dark Embrace+1","Second Wind","Clash+1","Sword Boomerang+1"],"picked":"Feel No Pain+1","floor":14.0},{"not_picked":["Corruption+1","Offering","Bludgeon+1","MostiFishMod:Mania+1"],"picked":"MostiFishMod:RacingGame","floor":16.0},{"not_picked":["Metallicize+1","Shrug It Off","Iron Wave+1","AT_DrawKnifeCut+1"],"picked":"Dark Embrace+1","floor":18.0},{"not_picked":["Blood for Blood+1","Pommel Strike+1","Metallicize+1","Warcry","Perfected Strike+1"],"picked":"Singing Bowl","floor":20.0},{"not_picked":["AT_BodySlamDance+1","Iron Wave+1","Shockwave","Body Slam+1","Pummel+1"],"picked":"Singing Bowl","floor":22.0},{"not_picked":["Blood for Blood+1","Shrug It Off","Flame Barrier","Carnage+1","Pummel+1"],"picked":"Singing Bowl","floor":24.0},{"not_picked":["Armaments","AT_BodySlamDance","Twin Strike+1","Dual Wield+1","Searing Blow+1"],"picked":"Singing Bowl","floor":27.0},{"not_picked":["AT_IchimonjiDouble+1","AT_DiedThrough+1","Flame Barrier","Clash+1"],"picked":"Entrench","floor":28.0},{"not_picked":["Brutality+1","True Grit","Inflame+1","Heavy Blade+1","Body Slam+1"],"picked":"Singing Bowl","floor":31.0},{"not_picked":["MostiFishMod:NewArrival","Corruption+1","Impervious","MostiFishMod:RainCloud+1"],"picked":"Limit Break","floor":33.0},{"not_picked":["Headbutt+1","AT_IchimonjiDouble+1","Shrug It Off","Twin Strike+1","Uppercut+1"],"picked":"Singing Bowl","floor":35.0},{"not_picked":["Anger+1","Havoc+1","AT_BodySlamDance","Clothesline+1","Blood for Blood+1"],"picked":"Singing Bowl","floor":36.0},{"not_picked":["Sword Boomerang+1","Corruption+1","Wild Strike+1","Iron Wave+1","True Grit"],"picked":"Singing Bowl","floor":38.0},{"not_picked":["AT_BodySlamDance","Rupture+1","Carnage+1","Clash+1","Entrench+1"],"picked":"Singing Bowl","floor":39.0},{"not_picked":["Evolve+1","Entrench+1","Warcry","Rupture+1","Anger+1"],"picked":"Singing Bowl","floor":40.0},{"not_picked":["Sword Boomerang+1","Metallicize+1","Body Slam+1","Seeing Red","AT_IchimonjiDouble+1"],"picked":"Singing Bowl","floor":42.0},{"not_picked":["Burning Pact","Wild Strike+1","Sever Soul+1","Uppercut+1"],"picked":"Shrug It Off+1","floor":45.0},{"not_picked":["Second Wind+1","MostiFishMod:PerfectStrikeMKII+1","Ghostly Armor","AT_GerminateFire","Combust+1"],"picked":"Singing Bowl","floor":46.0},{"not_picked":["Spot Weakness","Searing Blow+1","Rampage+1","Sentinel","Inflame+1"],"picked":"Singing Bowl","floor":47.0},{"not_picked":["Cleave+1","MostiFishMod:RainCloud+1","AT_IchimonjiDouble+1","Perfected Strike+1","Flex"],"picked":"Singing Bowl","floor":55}],"player_experience":1622572,"relics_obtained":[{"floor":1.0,"key":"SynthV:TestCard"},{"floor":7.0,"key":"Singing Bowl"},{"floor":9.0,"key":"Molten Egg 2"},{"floor":11.0,"key":"testmod-ArcanaOfDestiny"},{"floor":13.0,"key":"AT_SunfireAegis"},{"floor":24.0,"key":"CeramicFish"},{"floor":26.0,"key":"BookOfRevelations"},{"floor":27.0,"key":"ImprovedEquipment"},{"floor":31.0,"key":"testmod-IntensifyImprint"},{"floor":39.0,"key":"Bird Faced Urn"},{"floor":40.0,"key":"Pear"},{"floor":42.0,"key":"War Paint"},{"floor":44.0,"key":"conspire:Flyswatter"},{"floor":45.0,"key":"White Beast Statue"},{"floor":45.0,"key":"MawBank"},{"floor":46.0,"key":"Oddly Smooth Stone"},{"floor":55,"key":"Orichalcum"}],"event_choices":[{"damage_healed":0.0,"max_hp_gain":0.0,"max_hp_loss":0.0,"gold_gain":150.0,"event_name":"Liars Game","player_choice":"AGREE","floor":2.0,"gold_loss":0.0,"damage_taken":0.0,"cards_obtained":["Doubt"]},{"damage_healed":0.0,"max_hp_gain":0.0,"max_hp_loss":0.0,"gold_gain":0.0,"event_name":"The Woman in Blue","player_choice":"Bought 3 Potions","floor":5.0,"gold_loss":0.0,"damage_taken":0.0},{"damage_healed":0.0,"max_hp_gain":0.0,"max_hp_loss":0.0,"gold_gain":400.0,"event_name":"恩洛斯的盘子","player_choice":"Sell","floor":21.0,"relics_lost":["HushsDoor"],"gold_loss":0.0,"damage_taken":0.0},{"damage_healed":0.0,"max_hp_gain":0.0,"max_hp_loss":0.0,"gold_gain":0.0,"event_name":"给自己的盒子","player_choice":"Swap Relic","floor":37.0,"relics_lost":["DaveBox"],"gold_loss":0.0,"damage_taken":0.0,"relics_obtained":["DaveBox"]},{"damage_healed":0.0,"max_hp_gain":0.0,"max_hp_loss":0.0,"gold_gain":0.0,"event_name":"Mysterious Sphere","player_choice":"Fight","floor":39.0,"gold_loss":0.0,"damage_taken":0.0},{"damage_healed":0.0,"max_hp_gain":0.0,"max_hp_loss":0.0,"gold_gain":0.0,"event_name":"HidenRoomEvent","player_choice":"Fight","floor":45.0,"gold_loss":0.0,"damage_taken":0.0}],"is_beta":false,"boss_relics":[{"not_picked":["conspire:RunicOctahedron","conspire:SlowCooker"],"picked":"testmod-Prudence"},{"not_picked":[]},{"not_picked":["Astrolabe","Sozu"],"picked":"Black Blood"}],"items_purged_floors":[0,0,3,17,19,30,48],"is_endless":false,"potions_floor_spawned":[10,11,12,14,16,22,24,28,38,39,40,45,46,47,55],"ascension_level":20}}