{"host":"uyp13icwa33nzjib","time":1609784770,"event":{"mods":["AchievementEnabler","BaseMod","BetterRewards","Colored Map","Colored Powertips","Defuse TimeMaze Blight","Infinite Spire","Mimic Mod","Minty Spire (QoL Compilation)","Quick Restart","Relic Stats","Replay The Spire","StSLib","UnlockEverythingMod"],"gold_per_floor":[115,115,115,125,141,141,169,180,180,180,180],"floor_reached":10,"playtime":249,"items_purged":[],"score":68,"play_id":"a0c33b5e-fffe-4bce-bef4-444fcb70b2c9","local_time":"20210104132610","daily_mods":["Red Cards","Green Cards","Blue Cards","Purple Cards","Heirloom","DeadlyEvents","Elite Swarm","Lethality","Uncertain Future"],"is_ascension_mode":false,"campfire_choices":[{"floor":6,"key":"DIG"}],"circlet_count":0,"master_deck":["Strike_G","Strike_G","Strike_G","Strike_G","Strike_G","Defend_G","Defend_G","Defend_G","Defend_G+1","Defend_G","Survivor","Neutralize","Swivel","Armaments","Beam Cell","Echo Form","Fluid Movement"],"relics":["Ring of the Snake","Shovel","Pantograph","Singing Bowl","Snack Pack"],"acts_visited":["Exordium"],"potions_floor_usage":[],"damage_taken":[{"damage":0,"enemies":"Cultist","floor":1,"turns":4},{"damage":0,"enemies":"2 Louse","floor":4,"turns":3},{"damage":6,"enemies":"Small Slimes","floor":5,"turns":3},{"damage":15,"enemies":"Gremlin Nob","floor":7,"turns":4},{"damage":9,"enemies":"3 Louse","floor":8,"turns":2},{"damage":0,"enemies":"3 Sentries","floor":10,"turns":2}],"seed_played":"-3532923336545717423","potions_obtained":[{"floor":7,"key":"Reflective Coating"},{"floor":8,"key":"Dexterity Potion"}],"is_trial":true,"path_per_floor":["M","?","?","M","M","R","E","M","T","E"],"character_chosen":"THE_SILENT","items_purchased":[],"campfire_rested":0,"item_purchase_floors":[],"current_hp_per_floor":[70,70,70,70,64,64,49,40,40,40,40],"gold":180,"neow_bonus":"","is_daily":false,"chose_seed":false,"campfire_upgraded":0,"win_rate":0.0,"timestamp":1609784770,"path_taken":["M","?","?","M","M","R","E","M","T","E"],"items_purchased_type":[],"build_version":"2020-12-22","purchased_purges":0,"victory":false,"max_hp_per_floor":[70,70,70,70,70,70,70,70,70,70,70],"relic_stats":{"Shovel":1,"Singing Bowl":0,"counters":[6,18],"Pantograph":0,"obtain_stats":[{"Shovel":0,"Singing Bowl":7,"Pantograph":6,"Snack Pack":9,"Ring of the Snake":0},{"Shovel":0,"Singing Bowl":4,"Pantograph":3,"Snack Pack":5,"Ring of the Snake":0},{"Shovel":0,"Singing Bowl":14,"Pantograph":10,"Snack Pack":16,"Ring of the Snake":0}],"Ring of the Snake":[12]},"card_choices":[{"not_picked":["Backflip","ThirdEye"],"picked":"Swivel","floor":1},{"not_picked":["Weave","Flying Knee"],"picked":"Armaments","floor":4},{"not_picked":["BasicCrystalCard","Anger"],"picked":"Beam Cell","floor":5},{"not_picked":["Envenom","Fission"],"picked":"Echo Form","floor":7},{"not_picked":["PathToVictory","Run Through"],"picked":"Fluid Movement","floor":8}],"player_experience":316871,"relics_obtained":[{"floor":6,"key":"Pantograph"},{"floor":7,"key":"Singing Bowl"},{"floor":9,"key":"Snack Pack"}],"event_choices":[{"damage_healed":0,"gold_gain":0,"player_choice":"Leave","damage_taken":0,"max_hp_gain":0,"max_hp_loss":0,"event_name":"The Cleric","floor":3,"gold_loss":0}],"is_beta":false,"boss_relics":[],"items_purged_floors":[],"is_endless":false,"potions_floor_spawned":[7,8],"killed_by":"3 Sentries","ascension_level":0}}