{"host":"38maufg2dcy7va3m","time":1609754198,"event":{"mods":["Act Like it!","BaseMod","Downfall","Duelist Mod","GifTheSpireLib","Hubris","Infinite Spire","Minty Spire (QoL Compilation)","Replay The Spire","StSLib","The Bug Knight","The Construct","The Cursed","The Hierophant","The Necromancer","The Poker Player","The Runesmith","everything is the same but u backflip on backflip"],"gold_per_floor":[112,212,73,87,99,99,133,143,167,196,196,209,209,220,220,322,322,337,356,356,369,369,369,386,386,386,386,397,408,426,29,29,127,127,146,198,209,209,32,32,43,43,43,75,75,87,97,108,108,108],"floor_reached":51,"playtime":3585,"items_purged":[],"score":568,"play_id":"bf5a7ed3-bf9a-4353-b4e4-32785f775f2a","local_time":"20210104015638","is_ascension_mode":false,"campfire_choices":[{"floor":6,"key":"REST"},{"data":"Summon_Undead","floor":11,"key":"SMITH"},{"data":"Uncharnel","floor":13,"key":"SMITH"},{"data":"Toxic_Smoke_Screen","floor":15,"key":"SMITH"},{"data":"Summon_Death_Knight","floor":23,"key":"SMITH"},{"floor":25,"key":"REST"},{"floor":32,"key":"REST"},{"data":"infinitespire:Punishment","floor":40,"key":"SMITH"},{"data":"Panache","floor":45,"key":"SMITH"},{"floor":49,"key":"REST"}],"circlet_count":0,"master_deck":["Strike_W","Strike_W","Strike_W","Strike_W","Defend_W","Defend_W","Defend_W","Defend_W","Negative_Energy_Arrows","Bone_Wall","Summon_Undead+1","Whirlwind_of_Bones+1","Negative_Energy_Sphere","Toxic_Smoke_Screen+1","Spectral_Armor","Acid_Javelin","Vampiric_Strike","Toxic_Smoke_Screen","Death_Coil","Negative_Energy_Shield","Uncharnel+1","Toxic_Smoke_Screen","Negative_Energy_Sphere","Requiem+1","Bone_Spikes+1","Bone_Armor","infinitespire:FutureSight","infinitespire:Punishment+1","Summon_Death_Knight+1","Epidemic","infinitespire:Punishment","Bone_Shift","Negative_Energy_Mist+1","Scare","Grasp_Heart","Shackles_Of_Pain+1","Vampiric_Strike","Summon_Undead_Army","Consume_Illness+1","expansioncontent:DashGenerateEvil","Panache+1","Finger_Of_Death+1","Negative_Energy_Mist+1","Scare+1","Scare+1"],"relics":["Vampire_Amulet","NeowsBlessing","hubris:TenFootPole","infinitespire:Satchel","infinitespire:Joker Card","Honey Jar","White Beast Statue","hubris:Metronome","infinitespire:Bottled Soul","Guide Book","hubris:Backtick","Bottled Lightning","PreservedInsect","Kunai","Garlic"],"acts_visited":["Exordium","TheCity","TheBeyond"],"potions_floor_usage":[8,10,12,18,24,29,30,33,35,37,38,41,41,50,50,50,50],"damage_taken":[{"damage":0,"enemies":"Small Slimes","floor":1,"turns":1},{"damage":0,"enemies":"Jaw Worm","floor":4,"turns":1},{"damage":0,"enemies":"2 Louse","floor":5,"turns":1},{"damage":6,"enemies":"HollowMod:MossKnight","floor":7,"turns":11},{"damage":18,"enemies":"Lots of Slimes","floor":8,"turns":6},{"damage":19,"enemies":"Gremlin Nob","floor":10,"turns":4},{"damage":0,"enemies":"3 Louse","floor":12,"turns":1},{"damage":4,"enemies":"Looter","floor":14,"turns":4},{"damage":17,"enemies":"Hexaghost","floor":16,"turns":10},{"damage":13,"enemies":"Spheric Guardian","floor":18,"turns":6},{"damage":5,"enemies":"Chosen","floor":19,"turns":7},{"damage":0,"enemies":"Snecko","floor":21,"turns":5},{"damage":24,"enemies":"3 Cultists","floor":24,"turns":5},{"damage":17,"enemies":"Shelled Parasite and Fungi","floor":28,"turns":4},{"damage":5,"enemies":"Snake Plant","floor":29,"turns":4},{"damage":14,"enemies":"Snecko","floor":30,"turns":4},{"damage":42,"enemies":"Champ","floor":33,"turns":8},{"damage":1,"enemies":"Orb Walker","floor":35,"turns":2},{"damage":15,"enemies":"3 Shapes","floor":37,"turns":4},{"damage":13,"enemies":"infinitespire:Three Voidlings","floor":38,"turns":4},{"damage":22,"enemies":"3 Darklings","floor":41,"turns":4},{"damage":4,"enemies":"HollowMod:StalkingDevout","floor":44,"turns":4},{"damage":35,"enemies":"Spire Growth","floor":46,"turns":6},{"damage":0,"enemies":"Jaw Worm Horde","floor":47,"turns":5},{"damage":15,"enemies":"Maw","floor":48,"turns":5},{"damage":23,"enemies":"Replay:Hell Engine","floor":50,"turns":10}],"seed_played":"3541017967718099664","potions_obtained":[{"floor":5,"key":"Regen Potion"},{"floor":8,"key":"BlessingOfTheForge"},{"floor":10,"key":"Explosive Potion"},{"floor":16,"key":"Block Potion"},{"floor":21,"key":"Strength Potion"},{"floor":24,"key":"Elixir"},{"floor":28,"key":"Weak Potion"},{"floor":29,"key":"SteroidPotion"},{"floor":30,"key":"construct:ShiftPotion"},{"floor":33,"key":"champ:CounterPotion"},{"floor":35,"key":"PowerPotion"},{"floor":37,"key":"Weak Potion"},{"floor":41,"key":"construct:ShiftPotion"},{"floor":44,"key":"Dexterity Potion"},{"floor":46,"key":"Cursed Concoction"},{"floor":47,"key":"Energy Potion"}],"is_trial":false,"path_per_floor":["M","?","$","M","M","R","E","M","T","E","R","M","R","M","R","B",null,"M","M","AVR","M","?","R","M","R","T","?","M","M","M","$","R","B",null,"M","T","M","?","$","R","M","?","T","E","R","M","M","M","R","B",null],"character_chosen":"NECROMANCER","items_purchased":["Spectral_Armor","Acid_Javelin","infinitespire:Bottled Soul","Guide Book","Summon_Undead_Army","Fire Potion","Fire Potion"],"campfire_rested":4,"item_purchase_floors":[3,3,31,31,39,39,39],"current_hp_per_floor":[75,45,45,47,51,73,72,75,75,61,61,67,67,67,67,54,75,64,63,63,65,65,65,51,73,73,73,62,60,48,48,70,30,75,75,75,72,68,68,68,57,55,55,59,59,28,34,21,43,31],"gold":108,"neow_bonus":"THREE_ENEMY_KILL","is_daily":false,"chose_seed":false,"campfire_upgraded":6,"win_rate":0.0,"timestamp":1609754198,"path_taken":["M","?","$","M","M","R","E","M","T","E","R","M","R","M","R","BOSS","M","M","AVR","M","?","R","M","R","T","?","M","M","M","$","R","BOSS","M","?","M","?","$","R","M","?","T","E","R","M","?","M","R","BOSS"],"items_purchased_type":["Card","Card","Relic","Relic","Card","Potion","Potion"],"build_version":"2020-12-22","purchased_purges":0,"victory":true,"max_hp_per_floor":[75,75,75,75,75,75,75,75,75,75,75,75,75,75,75,75,75,75,75,75,75,75,75,75,75,75,75,75,75,75,75,75,75,75,75,75,75,75,75,75,75,75,75,75,75,75,75,75,75,75],"card_choices":[{"not_picked":["Death_Coil","Bone_Shift"],"picked":"Summon_Undead","floor":1},{"not_picked":["Strike_from_Beyond","Summon_Lich"],"picked":"Whirlwind_of_Bones","floor":2},{"not_picked":["Bone_Bullets","Thousand_Bone_Knives"],"picked":"Negative_Energy_Sphere","floor":2},{"not_picked":["Scare","Bones_to_Steel"],"picked":"Toxic_Smoke_Screen","floor":2},{"not_picked":["Death_Coil","Shade_Step"],"picked":"Vampiric_Strike","floor":4},{"not_picked":["Negative_Energy_Sphere","Strike_from_Beyond"],"picked":"Toxic_Smoke_Screen","floor":5},{"not_picked":["Strike_from_Beyond","Blood_Whip"],"picked":"Death_Coil","floor":7},{"not_picked":["Finger_Of_Death","Negative_Energy_Sphere"],"picked":"Negative_Energy_Shield","floor":8},{"not_picked":["Bone_Spikes","Skeleton_Dragon"],"picked":"Uncharnel","floor":10},{"not_picked":["Death_March_Dance","Negative_Energy_Javelin"],"picked":"Toxic_Smoke_Screen","floor":12},{"not_picked":["Summon_Undead","Scare"],"picked":"Negative_Energy_Sphere","floor":14},{"not_picked":["Blood_Magic","Summon_Death_Knight"],"picked":"Requiem","floor":16},{"not_picked":["Negative_Energy_Javelin","Blood_Curse","Negative_Energy_Shield"],"picked":"Bone_Spikes+1","floor":18},{"not_picked":["Finger_Of_Death","Negative_Energy_Javelin","Acid_Javelin"],"picked":"Bone_Armor","floor":19},{"not_picked":["Exploit","Slay_Living","Spectral_Walk"],"picked":"Summon_Death_Knight","floor":21},{"not_picked":["Summon_Undead","Life_Tap","Negative_Energy_Mist"],"picked":"Epidemic","floor":24},{"not_picked":["Slay_Living","Negative_Energy_Shield+1","Scare"],"picked":"Bone_Shift","floor":28},{"not_picked":["Blood_Curse","Blood_Shield","Bone_Bullets"],"picked":"Negative_Energy_Mist+1","floor":29},{"not_picked":["Bone_Spikes","Negative_Energy_Javelin","Death_Coil"],"picked":"Scare","floor":30},{"not_picked":["Summon_Death_Knight","Blood_Wake","Hellfire"],"picked":"Grasp_Heart","floor":33},{"not_picked":["Death_March_Dance+1","Summon_Undead","Bone_Spikes+1"],"picked":"Shackles_Of_Pain+1","floor":35},{"not_picked":["Death_March_Dance","Negative_Energy_Sphere","Bones_to_Steel+1"],"picked":"Vampiric_Strike","floor":37},{"not_picked":["Exploit","Grasp_Heart","Bone_Spikes"],"picked":"Consume_Illness+1","floor":41},{"not_picked":["expansioncontent:StudyTheSpire","expansioncontent:Flail","Dark Shackles"],"picked":"expansioncontent:DashGenerateEvil","floor":42},{"not_picked":["expansioncontent:ChargeUp","Magnetism","Forethought"],"picked":"Panache","floor":42},{"not_picked":["Death_Knell","Bones_to_Steel+1","Negative_Energy_Javelin"],"picked":"Finger_Of_Death+1","floor":44},{"not_picked":["Summon_Lich","Shackles_Of_Pain+1","Blood_Shield"],"picked":"Negative_Energy_Mist+1","floor":46},{"not_picked":["Bones_to_Steel","Bone_Bullets","Toxic_Smoke_Screen+1"],"picked":"Scare+1","floor":47},{"not_picked":["Consume_Illness+1","Bone_Shift+1","Negative_Energy_Mist"],"picked":"Scare+1","floor":48}],"player_experience":225832,"relics_obtained":[{"floor":7,"key":"hubris:TenFootPole"},{"floor":9,"key":"infinitespire:Satchel"},{"floor":10,"key":"infinitespire:Joker Card"},{"floor":26,"key":"hubris:Metronome"},{"floor":36,"key":"PreservedInsect"},{"floor":43,"key":"Kunai"},{"floor":44,"key":"Garlic"}],"event_choices":[{"damage_healed":0,"gold_gain":0,"player_choice":"Copied","damage_taken":0,"max_hp_gain":0,"max_hp_loss":0,"event_name":"Duplicator","floor":27,"gold_loss":0,"cards_obtained":["infinitespire:Punishment"]},{"damage_healed":0,"gold_gain":0,"player_choice":"Memory 2","damage_taken":5,"max_hp_gain":0,"max_hp_loss":0,"event_name":"SensoryStone","floor":42,"gold_loss":0}],"is_beta":false,"boss_relics":[{"not_picked":["Snecko Eye","Runic Pyramid"],"picked":"Honey Jar"},{"not_picked":["Replay:Wanted Poster","construct:WeddingRing"],"picked":"hubris:Backtick"}],"items_purged_floors":[],"is_endless":false,"potions_floor_spawned":[5,8,10,16,21,24,28,29,30,33,35,37,38,41,44,46,47,48],"ascension_level":0}}