{"host":"mydft8i2zzydgggw","time":1609772893,"event":{"mods":["AchievementEnabler","BaseMod","Colored Map","Colored Powertips","Keyboard Shortcuts","Minty Spire (QoL Compilation)","Quick Restart","StSLib","SuperFastMode","The Poker Player"],"gold_per_floor":[114,132,17,192,192,192,227,227,227,246,279,293,303,603,603,704,704,716,730,764,764,764,764],"floor_reached":22,"playtime":533,"items_purged":["Strike_R"],"score":241,"play_id":"c8349601-e8f9-4b41-af47-7926459c15f9","local_time":"20210105000813","is_ascension_mode":true,"campfire_choices":[{"data":"Searing Blow","floor":6.0,"key":"SMITH"},{"data":"Searing Blow+1","floor":8.0,"key":"SMITH"},{"data":"Feed","floor":15.0,"key":"SMITH"}],"circlet_count":0,"master_deck":["Strike_R","Strike_R","Strike_R","Strike_R","Defend_R","Defend_R","Defend_R","Defend_R","Bash","Power Through+1","Searing Blow+2","Hemokinesis","Anger","Shrug It Off","Feed+1","Uppercut","Reaper","Pommel Strike+1"],"relics":["Burning Blood","NeowsBlessing","Bottled Flame","Mummified Hand","Omamori","Old Coin","Snecko Eye","Red Mask"],"acts_visited":["Exordium","TheCity"],"potions_floor_usage":[],"damage_taken":[{"damage":0.0,"enemies":"Small Slimes","floor":1.0,"turns":1.0},{"damage":0.0,"enemies":"2 Louse","floor":2.0,"turns":1.0},{"damage":2.0,"enemies":"3 Sentries","floor":7.0,"turns":1.0},{"damage":2.0,"enemies":"Cultist","floor":10.0,"turns":2.0},{"damage":14.0,"enemies":"Lagavulin","floor":11.0,"turns":6.0},{"damage":2.0,"enemies":"3 Louse","floor":12.0,"turns":3.0},{"damage":9.0,"enemies":"Red Slaver","floor":13.0,"turns":4.0},{"damage":56.0,"enemies":"The Guardian","floor":16.0,"turns":10.0},{"damage":2.0,"enemies":"Chosen","floor":18.0,"turns":4.0},{"damage":83.0,"enemies":"3 Byrds","floor":19.0,"turns":8.0},{"damage":17.0,"enemies":"Masked Bandits","floor":20.0,"turns":7.0},{"damage":10,"enemies":"Shelled Parasite and Fungi","floor":22,"turns":2}],"seed_played":"-6360747140452734597","potions_obtained":[{"floor":7.0,"key":"SteroidPotion"},{"floor":13.0,"key":"BlessingOfTheForge"},{"floor":16.0,"key":"EssenceOfSteel"},{"floor":18.0,"key":"Swift Potion"},{"floor":19.0,"key":"Block Potion"}],"is_trial":false,"path_per_floor":["M","M","$","?","?","R","E","R","T","M","E","M","M","?","R","B",null,"M","M","?","?","M"],"character_chosen":"IRONCLAD","items_purchased":["Hemokinesis"],"campfire_rested":0,"item_purchase_floors":[3],"current_hp_per_floor":[80,80,80,80,80,80,80,80,80,80,72,79,79,79,79,29,86,90,17,9,9,0,0],"gold":764,"neow_bonus":"THREE_ENEMY_KILL","is_daily":false,"chose_seed":false,"campfire_upgraded":3,"win_rate":0.0,"timestamp":1609772893,"path_taken":["M","M","$","?","?","R","E","R","T","M","E","M","?","?","R","BOSS","M","M","?","?","?"],"items_purchased_type":["Card"],"build_version":"2020-12-22","purchased_purges":1,"victory":false,"max_hp_per_floor":[80,80,80,80,80,80,80,80,80,80,80,83,86,86,86,86,86,90,94,94,94,94,94],"card_choices":[{"not_picked":["Headbutt","Perfected Strike"],"picked":"Power Through","floor":1.0},{"not_picked":["Clothesline","True Grit"],"picked":"Searing Blow","floor":2.0},{"not_picked":["Sword Boomerang","Searing Blow"],"picked":"Anger","floor":7.0},{"not_picked":["Hemokinesis","Havoc"],"picked":"Shrug It Off","floor":10.0},{"not_picked":["Reckless Charge","Cleave"],"picked":"Feed","floor":11.0},{"not_picked":["True Grit","Twin Strike","Hemokinesis"],"picked":"SKIP","floor":12.0},{"not_picked":["Wild Strike","Warcry"],"picked":"Uppercut","floor":13.0},{"not_picked":["Brutality","Immolate"],"picked":"Reaper","floor":16.0},{"not_picked":["Anger+1","Feel No Pain","Body Slam"],"picked":"SKIP","floor":18.0},{"not_picked":["Headbutt+1","Uppercut"],"picked":"Pommel Strike+1","floor":19.0}],"player_experience":88279,"relics_obtained":[{"floor":7.0,"key":"Bottled Flame"},{"floor":9.0,"key":"Mummified Hand"},{"floor":11.0,"key":"Omamori"},{"floor":20.0,"key":"Red Mask"}],"event_choices":[{"damage_healed":0.0,"max_hp_gain":0.0,"max_hp_loss":0.0,"gold_gain":175.0,"event_name":"Liars Game","player_choice":"AGREE","floor":4.0,"gold_loss":0.0,"damage_taken":0.0,"cards_obtained":["Doubt"]},{"cards_removed":["Doubt"],"damage_healed":0.0,"max_hp_gain":0.0,"max_hp_loss":0.0,"gold_gain":0.0,"event_name":"Purifier","player_choice":"Purged","floor":5.0,"gold_loss":0.0,"damage_taken":0.0},{"damage_healed":0.0,"max_hp_gain":0.0,"max_hp_loss":0.0,"gold_gain":0.0,"event_name":"WeMeetAgain","player_choice":"Gave Potion","floor":14.0,"gold_loss":0.0,"damage_taken":0.0,"relics_obtained":["Old Coin"]},{"damage_healed":0.0,"max_hp_gain":0.0,"max_hp_loss":0.0,"gold_gain":0.0,"event_name":"Masked Bandits","player_choice":"Fought Bandits","floor":20.0,"gold_loss":0.0,"damage_taken":0.0},{"damage_healed":0.0,"max_hp_gain":0.0,"max_hp_loss":0.0,"gold_gain":0.0,"event_name":"Upgrade Shrine","player_choice":"Upgraded","floor":21.0,"gold_loss":0.0,"damage_taken":0.0,"cards_upgraded":["Power Through"]}],"is_beta":false,"boss_relics":[{"not_picked":["Sozu","Empty Cage"],"picked":"Snecko Eye"}],"items_purged_floors":[3],"is_endless":false,"potions_floor_spawned":[7,13,16,18,19],"killed_by":"Shelled Parasite and Fungi","ascension_level":2}}