{"host":"rolltorest","time":1609720049,"event":{"mods":["BaseMod","Minty Spire (QoL Compilation)","Relic Stats","Slay the Relics Exporter","StSLib","The Marked"],"gold_per_floor":[114,131,131,131,213,213,213,241,292,304,321,351,351,383,383,478,478,496,268,279,279,279,279,295,295,342,357,387,417,7,36,36,138,138,150,169,251,264,279,309,309,340,394,394,394,413,413,425,425,425,425,425,21,48,48,48],"floor_reached":55,"playtime":1567,"items_purged":["theMarked:Strike","theMarked:Strike","theMarked:Strike"],"score":800,"play_id":"b1d96c61-bf0f-49cd-99ff-f300c1c4c0fb","local_time":"20210103162728","is_ascension_mode":false,"campfire_choices":[{"data":"theMarked:BindingBlade","floor":6,"key":"SMITH"},{"data":"theMarked:Levitate","floor":13,"key":"SMITH"},{"data":"theMarked:SoldierOfQuellstein","floor":15,"key":"SMITH"},{"data":"theMarked:Vacuum","floor":23,"key":"SMITH"},{"data":"theMarked:BanishingStrike","floor":25,"key":"SMITH"},{"data":"theMarked:ChannelForce","floor":32,"key":"SMITH"},{"floor":41,"key":"REST"},{"data":"theMarked:BindingBlade","floor":45,"key":"SMITH"},{"data":"theMarked:FavorableWinds","floor":47,"key":"SMITH"},{"floor":49,"key":"RECALL"},{"data":"theMarked:WardOff","floor":52,"key":"SMITH"}],"circlet_count":0,"master_deck":["theMarked:Strike","theMarked:Strike","theMarked:Defend","theMarked:Defend","theMarked:Defend","theMarked:Defend","theMarked:SoldierOfQuellstein+1","theMarked:BindingBlade+1","theMarked:WardOff+1","theMarked:BanishingStrike+1","theMarked:BanishingStrike","theMarked:BanishingStrike+1","theMarked:FavorableWinds+1","theMarked:Levitate+1","theMarked:Vacuum+1","theMarked:ChannelForce+1","theMarked:BindingBlade+1","theMarked:SwordAndMagic+1","PanicButton","theMarked:ResourceFulStrike+1"],"relics":["theMarked:ArtifactOfAir","theMarked:NailFile","Matryoshka","Odd Mushroom","Bronze Scales","Pen Nib","theMarked:SecretDocuments","Ornamental Fan","theMarked:SpiritSword","Centennial Puzzle","Akabeko","Pear","Bag of Preparation","MawBank","Shuriken","Smiling Mask","Snecko Eye","Mummified Hand","Happy Flower","Ancient Tea Set","Membership Card","CaptainsWheel","Bottled Lightning"],"acts_visited":["Exordium","TheCity","TheBeyond","TheEnding"],"potions_floor_usage":[18,20,40,50,55,55],"damage_taken":[{"damage":0,"enemies":"2 Louse","floor":1,"turns":2},{"damage":6,"enemies":"Jaw Worm","floor":2,"turns":4},{"damage":16,"enemies":"The Mushroom Lair","floor":8,"turns":6},{"damage":0,"enemies":"Small Slimes","floor":10,"turns":3},{"damage":0,"enemies":"Blue Slaver","floor":11,"turns":2},{"damage":0,"enemies":"Gremlin Nob","floor":12,"turns":2},{"damage":7,"enemies":"Lagavulin","floor":14,"turns":4},{"damage":26,"enemies":"The Guardian","floor":16,"turns":10},{"damage":13,"enemies":"2 Thieves","floor":18,"turns":4},{"damage":0,"enemies":"Chosen","floor":20,"turns":1},{"damage":0,"enemies":"Shelled Parasite and Fungi","floor":24,"turns":4},{"damage":11,"enemies":"Snake Plant","floor":27,"turns":2},{"damage":22,"enemies":"Gremlin Leader","floor":28,"turns":3},{"damage":0,"enemies":"Sentry and Sphere","floor":29,"turns":3},{"damage":8,"enemies":"Book of Stabbing","floor":31,"turns":2},{"damage":24,"enemies":"Automaton","floor":33,"turns":5},{"damage":0,"enemies":"3 Shapes","floor":35,"turns":2},{"damage":0,"enemies":"Orb Walker","floor":36,"turns":2},{"damage":0,"enemies":"Spire Growth","floor":38,"turns":2},{"damage":1,"enemies":"Sphere and 2 Shapes","floor":39,"turns":3},{"damage":53,"enemies":"Reptomancer","floor":40,"turns":3},{"damage":6,"enemies":"Nemesis","floor":42,"turns":3},{"damage":0,"enemies":"Maw","floor":46,"turns":2},{"damage":0,"enemies":"3 Darklings","floor":48,"turns":3},{"damage":17,"enemies":"Donu and Deca","floor":50,"turns":4},{"damage":6,"enemies":"Shield and Spear","floor":54,"turns":4},{"damage":75,"enemies":"The Heart","floor":55,"turns":6}],"seed_played":"-5983000229227971026","potions_obtained":[{"floor":1,"key":"Fire Potion"},{"floor":8,"key":"SneckoOil"},{"floor":14,"key":"SpeedPotion"},{"floor":16,"key":"AttackPotion"},{"floor":24,"key":"Strength Potion"},{"floor":28,"key":"FearPotion"},{"floor":31,"key":"Swift Potion"},{"floor":46,"key":"Block Potion"},{"floor":48,"key":"theMarked:SummonPotion"},{"floor":54,"key":"DuplicationPotion"}],"is_trial":false,"path_per_floor":["M","M","?","?","T","R","?","?","T","M","M","E","R","E","R","B",null,"M","$","M","?","?","R","M","R","T","M","E","M","$","E","R","B",null,"M","M","T","M","M","E","R","E","T","?","R","M","R","M","R","B",null,"R","$","E","B"],"character_chosen":"THE_DEFAULT","items_purchased":["Centennial Puzzle","Shuriken","theMarked:ChannelForce","Membership Card","CaptainsWheel","PowerPotion","Swift Potion"],"campfire_rested":1,"item_purchase_floors":[19,30,30,53,53,53,53],"current_hp_per_floor":[70,64,69,57,57,57,57,41,41,41,51,61,61,54,54,28,75,72,72,75,75,75,75,75,75,85,84,72,82,82,74,74,60,85,85,85,85,85,84,31,56,60,60,60,60,70,70,70,70,63,85,85,85,85,10,10],"gold":48,"neow_bonus":"ONE_RANDOM_RARE_CARD","is_daily":false,"chose_seed":false,"campfire_upgraded":9,"win_rate":0.0,"timestamp":1609720048,"path_taken":["M","M","?","?","?","R","?","?","T","?","M","E","R","E","R","BOSS","M","$","?","?","?","R","M","R","T","M","E","M","$","E","R","BOSS","M","M","?","M","M","E","R","E","T","?","R","M","R","M","R","BOSS","R","$","E","BOSS"],"items_purchased_type":["Relic","Relic","Card","Relic","Relic","Potion","Potion"],"build_version":"2020-12-18","purchased_purges":3,"victory":false,"max_hp_per_floor":[70,70,75,75,75,75,75,75,75,75,75,75,75,75,75,75,75,75,75,75,75,75,75,75,75,85,85,85,85,85,85,85,85,85,85,85,85,85,85,85,85,85,85,85,85,85,85,85,85,85,85,85,85,85,85,85],"relic_stats":{"Happy Flower":[6],"counters":[27,91],"Pen Nib":[19],"Bag of Preparation":[32],"MawBank":24,"Smiling Mask":13,"Centennial Puzzle":[30],"Ornamental Fan":[144],"Shuriken":[28],"Mummified Hand":[1],"Bronze Scales":[200],"Snecko Eye":[89,89,72,85],"obtain_stats":[{"theMarked:NailFile":4,"Pear":26,"Happy Flower":42,"Pen Nib":9,"theMarked:SpiritSword":17,"Bag of Preparation":26,"Odd Mushroom":8,"MawBank":28,"Smiling Mask":31,"Ancient Tea Set":43,"Akabeko":21,"theMarked:ArtifactOfAir":0,"Centennial Puzzle":19,"CaptainsWheel":53,"Matryoshka":5,"theMarked:SecretDocuments":12,"Ornamental Fan":14,"Shuriken":30,"Mummified Hand":40,"Bronze Scales":9,"Snecko Eye":34,"Membership Card":53,"Bottled Lightning":54},{"theMarked:NailFile":2,"Pear":11,"Happy Flower":22,"Pen Nib":3,"theMarked:SpiritSword":8,"Bag of Preparation":11,"Odd Mushroom":3,"MawBank":13,"Smiling Mask":15,"Ancient Tea Set":22,"Akabeko":10,"theMarked:ArtifactOfAir":0,"Centennial Puzzle":9,"CaptainsWheel":25,"Matryoshka":2,"theMarked:SecretDocuments":6,"Ornamental Fan":7,"Shuriken":14,"Mummified Hand":21,"Bronze Scales":3,"Snecko Eye":16,"Membership Card":25,"Bottled Lightning":26},{"theMarked:NailFile":6,"Pear":42,"Happy Flower":72,"Pen Nib":12,"theMarked:SpiritSword":33,"Bag of Preparation":42,"Odd Mushroom":12,"MawBank":47,"Smiling Mask":52,"Ancient Tea Set":72,"Akabeko":38,"theMarked:ArtifactOfAir":0,"Centennial Puzzle":37,"CaptainsWheel":81,"Matryoshka":6,"theMarked:SecretDocuments":19,"Ornamental Fan":23,"Shuriken":50,"Mummified Hand":69,"Bronze Scales":12,"Snecko Eye":57,"Membership Card":81,"Bottled Lightning":85}]},"card_choices":[{"not_picked":["theMarked:EnhanceMovement","theMarked:Polarize"],"picked":"theMarked:WardOff","floor":1},{"not_picked":["theMarked:DeterminationOfTheMarked","theMarked:RepellingDischarge"],"picked":"theMarked:BanishingStrike","floor":2},{"not_picked":["theMarked:Opportunist","theMarked:GodGivenPower"],"picked":"theMarked:BanishingStrike","floor":8},{"not_picked":["theMarked:Aftermath","theMarked:GodGivenPower"],"picked":"theMarked:BanishingStrike","floor":10},{"not_picked":["theMarked:Static","theMarked:ElectricStrings"],"picked":"theMarked:FavorableWinds","floor":11},{"not_picked":["theMarked:ParalyzingBlade","theMarked:HeightenedSenses"],"picked":"theMarked:Levitate","floor":12},{"not_picked":["theMarked:RepellingDischarge","theMarked:Frustration","theMarked:ChainLightning"],"picked":"SKIP","floor":14},{"not_picked":["theMarked:Snap","theMarked:TakeOffHeels"],"picked":"theMarked:Vacuum","floor":16},{"not_picked":["theMarked:RepellingDischarge","theMarked:Improvise+1","theMarked:WardOff"],"picked":"SKIP","floor":18},{"not_picked":["theMarked:HeightenedSenses+1","theMarked:Aftermath","theMarked:DeterminationOfTheMarked"],"picked":"SKIP","floor":20},{"not_picked":["theMarked:BanishingStrike","theMarked:WastefulDefense","theMarked:Static"],"picked":"SKIP","floor":24},{"not_picked":["theMarked:Static","theMarked:GodGivenPower","theMarked:EmpowerWeapon"],"picked":"SKIP","floor":27},{"not_picked":["theMarked:ElectricStrings","theMarked:ChainLightning","theMarked:Static"],"picked":"SKIP","floor":28},{"not_picked":["theMarked:Static","theMarked:Convert+1","theMarked:StartUp"],"picked":"SKIP","floor":29},{"not_picked":["theMarked:ThrowWeapon","theMarked:AttractMetal","theMarked:Generate"],"picked":"SKIP","floor":31},{"not_picked":["theMarked:TakeOffHeels","theMarked:ChannelForce"],"picked":"theMarked:BindingBlade","floor":33},{"not_picked":["theMarked:Static+1","theMarked:ElectricStrings","theMarked:WastefulDefense"],"picked":"SKIP","floor":35},{"not_picked":["theMarked:Improvise+1","theMarked:ParalyzingBlade+1"],"picked":"theMarked:SwordAndMagic+1","floor":36},{"not_picked":["theMarked:ChainLightning+1","theMarked:WastefulDefense+1","theMarked:Polarize"],"picked":"SKIP","floor":38},{"not_picked":["theMarked:WastefulDefense","theMarked:Parkour","theMarked:SwordAndMagic+1"],"picked":"SKIP","floor":39},{"not_picked":["theMarked:ChainLightning","theMarked:BanishingStrike+1","theMarked:TunnelVision"],"picked":"SKIP","floor":40},{"not_picked":["theMarked:Polarize","theMarked:Overthink","theMarked:TunnelVision"],"picked":"SKIP","floor":42},{"not_picked":["Transmutation","Panacea"],"picked":"PanicButton","floor":44},{"not_picked":["theMarked:Parkour","theMarked:TakeCover"],"picked":"theMarked:ResourceFulStrike+1","floor":46},{"not_picked":["theMarked:CreepingChasm+1","theMarked:Aftermath+1","theMarked:Frustration"],"picked":"SKIP","floor":48},{"not_picked":["theMarked:PowerFlow+1","theMarked:HeightenedSenses+1","theMarked:ChainLightning"],"picked":"SKIP","floor":54}],"player_experience":1722581,"relics_obtained":[{"floor":5,"key":"Matryoshka"},{"floor":8,"key":"Odd Mushroom"},{"floor":9,"key":"Bronze Scales"},{"floor":9,"key":"Pen Nib"},{"floor":12,"key":"theMarked:SecretDocuments"},{"floor":14,"key":"Ornamental Fan"},{"floor":26,"key":"Pear"},{"floor":26,"key":"Bag of Preparation"},{"floor":28,"key":"MawBank"},{"floor":31,"key":"Smiling Mask"},{"floor":40,"key":"Mummified Hand"},{"floor":42,"key":"Happy Flower"},{"floor":43,"key":"Ancient Tea Set"},{"floor":54,"key":"Bottled Lightning"}],"event_choices":[{"damage_healed":0,"gold_gain":0,"player_choice":"Donut","damage_taken":0,"max_hp_gain":5,"max_hp_loss":0,"event_name":"Big Fish","floor":3,"gold_loss":0},{"damage_healed":0,"gold_gain":0,"player_choice":"Success","damage_taken":12,"relics_obtained":["theMarked:NailFile"],"max_hp_gain":0,"max_hp_loss":0,"event_name":"Scrap Ooze","floor":4,"gold_loss":0},{"damage_healed":0,"gold_gain":0,"player_choice":"Grow","damage_taken":0,"max_hp_gain":0,"max_hp_loss":0,"event_name":"Living Wall","floor":7,"gold_loss":0,"cards_upgraded":["theMarked:BanishingStrike"]},{"damage_healed":0,"gold_gain":0,"player_choice":"Fought Mushrooms","damage_taken":0,"max_hp_gain":0,"max_hp_loss":0,"event_name":"Mushrooms","floor":8,"gold_loss":0},{"damage_healed":0,"gold_gain":0,"player_choice":"Opened","damage_taken":0,"relics_obtained":["Akabeko"],"max_hp_gain":0,"max_hp_loss":0,"event_name":"The Mausoleum","floor":21,"gold_loss":0},{"damage_healed":0,"gold_gain":0,"player_choice":"Ignored","damage_taken":0,"max_hp_gain":0,"max_hp_loss":0,"event_name":"N\u0027loth","floor":22,"gold_loss":0},{"damage_healed":0,"gold_gain":0,"player_choice":"Memory 1","damage_taken":0,"max_hp_gain":0,"max_hp_loss":0,"event_name":"SensoryStone","floor":44,"gold_loss":0}],"is_beta":true,"boss_relics":[{"not_picked":["Busted Crown","Ectoplasm"],"picked":"theMarked:SpiritSword"},{"not_picked":["Coffee Dripper","Tiny House"],"picked":"Snecko Eye"}],"items_purged_floors":[19,30,53],"is_endless":false,"potions_floor_spawned":[1,8,14,16,24,28,31,38,39,46,48,54],"killed_by":"The Heart","ascension_level":0}}