{"host":"c936que3p8rnl5ii","time":1609799352,"event":{"mods":["AchievementEnabler","BaseMod","Block Reminder","Colored Powertips","DeckTracker","Minty Spire (QoL Compilation)","Quick Restart","StSLib"],"gold_per_floor":[110,40,215,215,225,254,267,286,286,321,332,367,433,448,448,448,448],"floor_reached":16,"playtime":751,"items_purged":[],"score":154,"play_id":"80dc39b9-8fc2-481c-8c02-203a3c878d06","local_time":"20210104172912","is_ascension_mode":true,"campfire_choices":[{"data":"Carnage","floor":15,"key":"SMITH"}],"circlet_count":0,"master_deck":["Strike_R","Strike_R","Strike_R","Strike_R+1","Strike_R","Defend_R","Defend_R","Defend_R","Defend_R","Bash","True Grit","Rampage","Doubt","Sentinel","Sever Soul","Iron Wave+1","Flex","Ghostly Armor","Dual Wield","Burning Pact","Carnage+1"],"relics":["Burning Blood","NeowsBlessing","Shuriken","Omamori","Frozen Egg 2","CaptainsWheel","Whetstone"],"acts_visited":["Exordium"],"potions_floor_usage":[10,12,12],"damage_taken":[{"damage":0,"enemies":"Cultist","floor":1,"turns":1},{"damage":0,"enemies":"Small Slimes","floor":5,"turns":1},{"damage":0,"enemies":"Gremlin Nob","floor":6,"turns":1},{"damage":0,"enemies":"2 Louse","floor":7,"turns":3},{"damage":12,"enemies":"Looter","floor":8,"turns":5},{"damage":17,"enemies":"3 Sentries","floor":10,"turns":7},{"damage":16,"enemies":"Red Slaver","floor":11,"turns":5},{"damage":8,"enemies":"Gremlin Nob","floor":12,"turns":5},{"damage":9,"enemies":"3 Louse","floor":14,"turns":4},{"damage":49,"enemies":"Hexaghost","floor":16,"turns":9}],"seed_played":"4998135462935087447","potions_obtained":[{"floor":1,"key":"LiquidMemories"},{"floor":8,"key":"BlessingOfTheForge"},{"floor":11,"key":"Block Potion"}],"is_trial":false,"path_per_floor":["M","$","?","?","M","E","M","M","T","E","M","E","?","M","R","B"],"character_chosen":"IRONCLAD","items_purchased":["Rampage"],"campfire_rested":0,"item_purchase_floors":[2],"current_hp_per_floor":[80,80,80,68,74,80,80,74,74,63,53,51,51,48,48,0,0],"gold":448,"neow_bonus":"THREE_ENEMY_KILL","is_daily":false,"chose_seed":false,"campfire_upgraded":1,"win_rate":0.0,"timestamp":1609799352,"path_taken":["M","$","?","?","M","E","M","M","T","E","M","E","?","M","R","BOSS"],"items_purchased_type":["Card"],"build_version":"2020-12-22","purchased_purges":0,"victory":false,"max_hp_per_floor":[80,80,80,80,80,80,80,80,80,80,80,80,80,80,80,80,80],"card_choices":[{"not_picked":["Combust","Clothesline"],"picked":"True Grit","floor":1},{"not_picked":["Pommel Strike","Clothesline"],"picked":"Sentinel","floor":5},{"not_picked":["Shrug It Off","Impervious"],"picked":"Sever Soul","floor":6},{"not_picked":["Whirlwind","Armaments"],"picked":"Iron Wave","floor":7},{"not_picked":["Perfected Strike","Pommel Strike"],"picked":"Flex","floor":8},{"not_picked":["Body Slam","Havoc"],"picked":"Ghostly Armor","floor":10},{"not_picked":["Body Slam","Perfected Strike"],"picked":"Dual Wield","floor":11},{"not_picked":["Anger","Perfected Strike"],"picked":"Burning Pact","floor":12},{"not_picked":["Whirlwind","Thunderclap"],"picked":"Carnage","floor":14}],"player_experience":112015,"relics_obtained":[{"floor":6,"key":"Omamori"},{"floor":9,"key":"Frozen Egg 2"},{"floor":10,"key":"CaptainsWheel"},{"floor":12,"key":"Whetstone"}],"event_choices":[{"damage_healed":0,"gold_gain":175,"player_choice":"AGREE","damage_taken":0,"max_hp_gain":0,"max_hp_loss":0,"event_name":"Liars Game","floor":3,"gold_loss":0,"cards_obtained":["Doubt"]},{"damage_healed":0,"gold_gain":0,"player_choice":"Success","damage_taken":12,"relics_obtained":["Shuriken"],"max_hp_gain":0,"max_hp_loss":0,"event_name":"Scrap Ooze","floor":4,"gold_loss":0},{"damage_healed":0,"gold_gain":66,"player_choice":"Gained Gold","damage_taken":0,"max_hp_gain":0,"max_hp_loss":0,"event_name":"Golden Wing","floor":13,"gold_loss":0}],"is_beta":false,"boss_relics":[],"items_purged_floors":[],"is_endless":false,"potions_floor_spawned":[1,8,11],"killed_by":"Hexaghost","ascension_level":1}}