{"host":"q9718omregw4er46","time":1609764356,"event":{"mods":["BaseMod","Bestiary","Colored Powertips","Minty Spire (QoL Compilation)","Quick Restart","Relic Stats"],"gold_per_floor":[111,129,4,15,35,35,64,64,87,114,114,132,159,170,170,247,247,264,264,275,275,134,134,160,160,211,238,255,255,272,285,285,361,361,379,79,129,129,146,171,171,186,186,213,227,227,245,245,245,245,245],"floor_reached":50,"playtime":1729,"items_purged":["Strike_P","Strike_P","Defend_P"],"score":1324,"play_id":"cfa1f47c-f70a-4ca5-9fef-eb654d6d5256","local_time":"20210104174556","is_ascension_mode":true,"campfire_choices":[{"data":"SashWhip","floor":6.0,"key":"SMITH"},{"data":"CrushJoints","floor":8.0,"key":"SMITH"},{"floor":11.0,"key":"REST"},{"data":"Conclude","floor":15.0,"key":"SMITH"},{"data":"MentalFortress","floor":23.0,"key":"SMITH"},{"floor":25,"key":"REST"},{"data":"Ghostly","floor":32,"key":"SMITH"},{"data":"Ghostly","floor":41,"key":"SMITH"},{"floor":49,"key":"RECALL"}],"circlet_count":0,"master_deck":["AscendersBane","Strike_P","Strike_P","Defend_P","Defend_P","Defend_P+1","Eruption","Vigilance+1","CrushJoints+1","Conclude+1","EmptyFist","SashWhip+1","FlurryOfBlows","FearNoEvil","Crescendo","Scrawl","MentalFortress+1","TalkToTheHand","Ghostly+1","Ghostly+1","Ghostly+1","LessonLearned","Meditate+1","MentalFortress+1","Tantrum+1","EmptyMind+1","Halt","Panacea+1","Swift Strike"],"relics":["PureWater","Oddly Smooth Stone","Bronze Scales","Bag of Marbles","Gremlin Horn","Runic Pyramid","MutagenicStrength","Singing Bowl","Potion Belt","Pen Nib","Sozu","Ice Cream","Juzu Bracelet","Damaru"],"acts_visited":["Exordium","TheCity","TheBeyond"],"potions_floor_usage":[24,50],"damage_taken":[{"damage":0.0,"enemies":"Cultist","floor":1.0,"turns":2.0},{"damage":1.0,"enemies":"Small Slimes","floor":2.0,"turns":4.0},{"damage":0.0,"enemies":"2 Louse","floor":4.0,"turns":2.0},{"damage":19.0,"enemies":"Exordium Thugs","floor":5.0,"turns":3.0},{"damage":5.0,"enemies":"3 Sentries","floor":7.0,"turns":4.0},{"damage":26.0,"enemies":"Lagavulin","floor":10.0,"turns":6.0},{"damage":7.0,"enemies":"Blue Slaver","floor":12.0,"turns":2.0},{"damage":7.0,"enemies":"Gremlin Nob","floor":13.0,"turns":3.0},{"damage":0.0,"enemies":"3 Louse","floor":14.0,"turns":2.0},{"damage":0.0,"enemies":"Slime Boss","floor":16.0,"turns":3.0},{"damage":8.0,"enemies":"3 Byrds","floor":18.0,"turns":3.0},{"damage":0.0,"enemies":"2 Thieves","floor":20.0,"turns":1.0},{"damage":11,"enemies":"Slavers","floor":24,"turns":2},{"damage":17,"enemies":"Book of Stabbing","floor":27,"turns":4},{"damage":4,"enemies":"Centurion and Healer","floor":28,"turns":7},{"damage":4,"enemies":"Snecko","floor":30,"turns":4},{"damage":1,"enemies":"Chosen and Byrds","floor":31,"turns":3},{"damage":0,"enemies":"Automaton","floor":33,"turns":9},{"damage":1,"enemies":"Orb Walker","floor":35,"turns":2},{"damage":16,"enemies":"2 Orb Walkers","floor":37,"turns":4},{"damage":3,"enemies":"3 Darklings","floor":39,"turns":3},{"damage":1,"enemies":"Giant Head","floor":40,"turns":7},{"damage":0,"enemies":"Spire Growth","floor":42,"turns":4},{"damage":2,"enemies":"Nemesis","floor":44,"turns":5},{"damage":0,"enemies":"Writhing Mass","floor":45,"turns":5},{"damage":0,"enemies":"Maw","floor":47,"turns":7},{"damage":29,"enemies":"Time Eater","floor":50,"turns":2}],"seed_played":"331442619584065802","potions_obtained":[{"floor":1.0,"key":"Block Potion"},{"floor":10.0,"key":"BlessingOfTheForge"},{"floor":12.0,"key":"Regen Potion"},{"floor":14.0,"key":"EssenceOfSteel"},{"floor":16.0,"key":"Swift Potion"},{"floor":28,"key":"AttackPotion"},{"floor":30,"key":"FearPotion"},{"floor":31,"key":"BlessingOfTheForge"}],"is_trial":false,"path_per_floor":["M","M","$","M","M","R","E","R","T","E","R","M","E","M","R","B",null,"M","?","M","?","$","R","E","R","T","E","M","?","M","M","R","B",null,"M","$","?","?","M","E","R","M","T","E","M","?","M","?","R","B"],"character_chosen":"WATCHER","items_purchased":["EmptyFist","MentalFortress","MentalFortress","Tantrum"],"campfire_rested":2,"item_purchase_floors":[3,22,36,36],"current_hp_per_floor":[67,66,66,66,47,47,42,42,42,16,38,31,33,33,33,33,64,56,35,35,35,35,35,24,47,47,32,30,30,28,29,29,29,41,40,40,26,26,25,24,24,26,26,26,26,21,23,23,23,0,0],"gold":245,"neow_bonus":"TEN_PERCENT_HP_BONUS","is_daily":false,"chose_seed":false,"campfire_upgraded":6,"win_rate":0.0,"timestamp":1609764356,"path_taken":["M","M","$","M","M","R","E","R","T","E","R","?","E","M","R","BOSS","M","?","M","?","$","R","E","R","T","E","?","?","M","M","R","BOSS","M","$","?","?","?","E","R","M","T","E","M","?","M","?","R","BOSS"],"items_purchased_type":["Card","Card","Card","Card"],"build_version":"2020-12-22","purchased_purges":3,"victory":false,"max_hp_per_floor":[74,74,74,74,74,74,74,74,74,74,74,74,74,74,74,74,74,74,79,79,79,79,79,79,79,79,81,83,41,43,45,45,45,45,45,45,47,47,49,49,49,51,51,53,53,53,55,55,55,55,55],"relic_stats":{"Sozu":4,"Gremlin Horn":[13,14],"Singing Bowl":18,"counters":[27,103],"Bronze Scales":[247],"Pen Nib":[20],"Juzu Bracelet":0,"obtain_stats":[{"Potion Belt":26,"Ice Cream":37,"Gremlin Horn":13,"Singing Bowl":24,"Oddly Smooth Stone":7,"Damaru":44,"Pen Nib":27,"Juzu Bracelet":40,"Sozu":34,"Bronze Scales":9,"MutagenicStrength":21,"Bag of Marbles":10,"PureWater":0,"Runic Pyramid":17},{"Potion Belt":13,"Ice Cream":20,"Gremlin Horn":8,"Singing Bowl":13,"Oddly Smooth Stone":5,"Damaru":24,"Pen Nib":14,"Juzu Bracelet":22,"Sozu":18,"Bronze Scales":5,"MutagenicStrength":12,"Bag of Marbles":6,"PureWater":0,"Runic Pyramid":10},{"Potion Belt":37,"Ice Cream":70,"Gremlin Horn":26,"Singing Bowl":37,"Oddly Smooth Stone":15,"Damaru":89,"Pen Nib":41,"Juzu Bracelet":80,"Sozu":64,"Bronze Scales":15,"MutagenicStrength":35,"Bag of Marbles":21,"PureWater":0,"Runic Pyramid":31}]},"card_choices":[{"not_picked":["InnerPeace","Evaluate"],"picked":"CrushJoints","floor":1.0},{"not_picked":["FearNoEvil","Evaluate"],"picked":"Conclude","floor":2.0},{"not_picked":["SandsOfTime","CrushJoints"],"picked":"SashWhip","floor":4.0},{"not_picked":["FlyingSleeves","Study"],"picked":"FlurryOfBlows","floor":5.0},{"not_picked":["Devotion","Vengeance","FollowUp"],"picked":"SKIP","floor":7.0},{"not_picked":["Worship","EmptyFist"],"picked":"FearNoEvil","floor":10.0},{"not_picked":["Worship","Perseverance"],"picked":"Crescendo","floor":12.0},{"not_picked":["ThirdEye","Protect","Pray"],"picked":"SKIP","floor":13.0},{"not_picked":["Swivel","FlurryOfBlows","ClearTheMind"],"picked":"SKIP","floor":14.0},{"not_picked":["Alpha","MasterReality"],"picked":"Scrawl","floor":16.0},{"not_picked":["EmptyBody","DeceiveReality","FlurryOfBlows"],"picked":"SKIP","floor":18.0},{"not_picked":["FollowUp","Protect","PathToVictory"],"picked":"SKIP","floor":20.0},{"not_picked":["Consecrate+1","Pray"],"picked":"TalkToTheHand","floor":24},{"not_picked":["EmptyBody","Protect","PathToVictory"],"picked":"Singing Bowl","floor":27},{"not_picked":["WaveOfTheHand","FlyingSleeves","Adaptation"],"picked":"Singing Bowl","floor":28},{"not_picked":["ClearTheMind","JustLucky","Swivel"],"picked":"Singing Bowl","floor":30},{"not_picked":["EmptyMind","Prostrate","EmptyBody"],"picked":"Singing Bowl","floor":31},{"not_picked":["Ragnarok","Devotion"],"picked":"LessonLearned","floor":33},{"not_picked":["EmptyFist","ThirdEye+1"],"picked":"Meditate","floor":35},{"not_picked":["CrushJoints+1","ClearTheMind","PathToVictory"],"picked":"Singing Bowl","floor":37},{"not_picked":["Protect","FlyingSleeves+1","JustLucky"],"picked":"Singing Bowl","floor":39},{"not_picked":["Swivel","Weave"],"picked":"EmptyMind+1","floor":40},{"not_picked":["ThirdEye+1","Study","Evaluate+1"],"picked":"Singing Bowl","floor":42},{"not_picked":["Devotion","FollowUp","ClearTheMind"],"picked":"Singing Bowl","floor":44},{"not_picked":["BowlingBash","FlurryOfBlows"],"picked":"Halt","floor":45},{"not_picked":["Discovery","Good Instincts"],"picked":"Panacea","floor":46},{"not_picked":["Mind Blast","HandOfGreed"],"picked":"Swift Strike","floor":46},{"not_picked":["ThirdEye","PathToVictory+1","ClearTheMind+1"],"picked":"Singing Bowl","floor":47}],"player_experience":1167167,"relics_obtained":[{"floor":7.0,"key":"Oddly Smooth Stone"},{"floor":9.0,"key":"Bronze Scales"},{"floor":10.0,"key":"Bag of Marbles"},{"floor":13.0,"key":"Gremlin Horn"},{"floor":24,"key":"Singing Bowl"},{"floor":26,"key":"Potion Belt"},{"floor":27,"key":"Pen Nib"},{"floor":37,"key":"Ice Cream"},{"floor":40,"key":"Juzu Bracelet"},{"floor":44,"key":"Damaru"}],"event_choices":[{"damage_healed":0.0,"max_hp_gain":5.0,"max_hp_loss":0.0,"gold_gain":0.0,"event_name":"Forgotten Altar","player_choice":"Shed Blood","floor":19.0,"gold_loss":0.0,"damage_taken":26.0},{"damage_healed":0.0,"max_hp_gain":0.0,"max_hp_loss":0.0,"gold_gain":0.0,"event_name":"Drug Dealer","player_choice":"Inject Mutagens","floor":21.0,"gold_loss":0.0,"damage_taken":0.0,"relics_obtained":["MutagenicStrength"]},{"damage_healed":0,"gold_gain":0,"player_choice":"Became a Ghost","damage_taken":0,"max_hp_gain":0,"max_hp_loss":42,"event_name":"Ghosts","floor":29,"gold_loss":0,"cards_obtained":["Ghostly","Ghostly","Ghostly"]},{"damage_healed":0,"gold_gain":0,"player_choice":"Fight","damage_taken":0,"max_hp_gain":0,"max_hp_loss":0,"event_name":"Mysterious Sphere","floor":37,"gold_loss":0},{"damage_healed":0,"gold_gain":0,"player_choice":"Forge","damage_taken":0,"max_hp_gain":0,"max_hp_loss":0,"event_name":"Accursed Blacksmith","floor":38,"gold_loss":0,"cards_upgraded":["MentalFortress"]},{"damage_healed":0,"gold_gain":0,"player_choice":"Memory 2","damage_taken":5,"max_hp_gain":0,"max_hp_loss":0,"event_name":"SensoryStone","floor":46,"gold_loss":0},{"damage_healed":0,"gold_gain":0,"player_choice":"Ignored","damage_taken":0,"max_hp_gain":0,"max_hp_loss":0,"event_name":"Tomb of Lord Red Mask","floor":48,"gold_loss":0}],"is_beta":false,"boss_relics":[{"not_picked":["SacredBark","Calling Bell"],"picked":"Runic Pyramid"},{"not_picked":["Astrolabe","HolyWater"],"picked":"Sozu"}],"items_purged_floors":[3,22,36],"is_endless":false,"potions_floor_spawned":[1,10,12,14,16,20,28,30,31,35,37,39,40],"killed_by":"Time Eater","ascension_level":20}}