{"host":"v1sr5h8q0mijnzs9","time":1609720168,"event":{"mods":["AchievementEnabler","Arknights The Spire","BaseMod","Bestiary","Better Altar","Better Match","Better Note","Better Sensory Stone","Better Skull","Better Third Choice","BetterRewards","Colored Map","Colored Powertips","Downfall","Duelist Mod","Evolution","Friendly Minions","GifTheSpireLib","Googly Eyes","Hero for Fun","Highlight Path","Hubris","Infinite Spire","Jorbs\u0027s Wanderer Trilogy","Marisa????????","Minty Spire (QoL Compilation)","READ ME - Snecko Mod","Replay The Spire","Shop Mod","StSLib","SuperFastMode","The Bug Knight","The Construct","The Cursed","The Death Knight","The Disciple","The Forsaken","The Jungle","The Necromancer","The Saiyan","The Servant 0.9.4","[IsaacMod]????"],"gold_per_floor":[119,119,142,142,142,142,166,206,229,270,286,312,333,357,357,476,476,490,88,112,112,135,175,175,189,189,189,202,46,46,77,352,382,382,407,421,526,546,31,31,45,45,126,126,126,147,147,90,90,90,90],"floor_reached":50,"playtime":7021,"items_purged":[],"score":747,"play_id":"72fb0dd8-746b-44de-8a78-0901b1ec0cc0","local_time":"20210104012927","is_ascension_mode":false,"campfire_choices":[{"floor":6,"key":"REST"},{"data":"infinitespire:UltimateForm","floor":27,"key":"SMITH"},{"floor":30,"key":"REST"},{"floor":44,"key":"REST"},{"floor":47,"key":"REST"},{"floor":49,"key":"REST"}],"circlet_count":0,"master_deck":["construct:Strike_Gold","construct:Strike_Gold","construct:Strike_Gold","construct:Strike_Gold","construct:Strike_Gold","construct:Defend_Gold","construct:Defend_Gold","construct:Defend_Gold","construct:Defend_Gold","construct:AttackMode","construct:DefenseMode","EpicFetus","construct:Zapper+1","construct:ModeShift+1","infinitespire:UltimateForm+1","construct:SaveState+1","construct:Disrupt+1","construct:Reinforce+1","construct:ModeShift+1","construct:Failsafe","construct:OneWayMirror+1","construct:HammerDown","EpicFetus","construct:Antimatter+1","construct:Autoturret","construct:FierceBash","construct:FierceBash","construct:PointDefense","construct:Reinforce+1","construct:SyphonStrike+1","construct:LongRangeLance","construct:Multistage+1","construct:Autoturret+1","construct:Analyze+1","construct:Reinforce+1","construct:SweepLaser","construct:FlakBarrage+1","construct:Stasis+1","Regret","construct:LongRangeLance+1","construct:Synchronize+1","construct:PointDefense+1","construct:Hazardproof+1","infinitespire:SevenWalls","construct:HeavyBolt+1","construct:ForceCore+1","construct:ReactiveShield+1","construct:ReactiveShield+1","Writhe","construct:ShiftStrike","construct:HyperBeam","construct:Enhance+1","construct:Enhance+1"],"relics":["EVO:Axolotl","HushsDoor","PokeGo","hubris:Backtick","Toxic Egg 2","Golden Idol","theForsaken:Lifeblossom","Toy Ornithopter","hubris:PeanutButter","Ancient Tea Set","construct:WeddingRing","Replay:Wax Seal","ReplayTheSpireMod:TigerMarble","Orrery","Simple Rune","Mango","Frozen Egg 2","Iron Hammer","Painkiller Herb","GuppysHead","CaptainsWheel","Lantern","infinitespire:FocusingShard","DollysMirror","hubris:Icosahedron","hubris:BottledRain","hubris:TinFlute"],"acts_visited":["Exordium","theJungle:Jungle","TheBeyond"],"potions_floor_usage":[14,16,22,22,22,25,25,31,37,37,46,48,50,50],"damage_taken":[{"damage":14,"enemies":"2 Louse","floor":1,"turns":4},{"damage":0,"enemies":"Small Slimes","floor":3,"turns":3},{"damage":2,"enemies":"Jaw Worm","floor":7,"turns":6},{"damage":12,"enemies":"Lagavulin","floor":8,"turns":9},{"damage":19,"enemies":"3 Sentries","floor":10,"turns":5},{"damage":44,"enemies":"Exordium Wildlife","floor":11,"turns":12},{"damage":0,"enemies":"Large Slime","floor":13,"turns":5},{"damage":25,"enemies":"Exordium Thugs","floor":14,"turns":5},{"damage":0,"enemies":"Slime Boss","floor":16,"turns":5},{"damage":8,"enemies":"theJungle:Flameango_and_Byrd","floor":18,"turns":6},{"damage":3,"enemies":"theJungle:GiantWrat","floor":20,"turns":6},{"damage":30,"enemies":"theJungle:JungleHuntersEncounter","floor":22,"turns":4},{"damage":22,"enemies":"theJungle:MamaSnecko","floor":23,"turns":5},{"damage":21,"enemies":"theJungle:2_Snecko_Cultists","floor":25,"turns":7},{"damage":23,"enemies":"theJungle:Snecko_Cultist_And_Trap","floor":28,"turns":5},{"damage":8,"enemies":"theJungle:2_Phrogs","floor":31,"turns":7},{"damage":0,"enemies":"theJungle:FunGuy","floor":33,"turns":7},{"damage":9,"enemies":"3 Shapes","floor":35,"turns":6},{"damage":16,"enemies":"Orb Walker","floor":36,"turns":5},{"damage":54,"enemies":"infinitespire:Three Voidlings","floor":37,"turns":7},{"damage":53,"enemies":"Nightmare_Alpha","floor":37,"turns":10},{"damage":19,"enemies":"4 Shapes","floor":38,"turns":6},{"damage":35,"enemies":"Spire Growth","floor":41,"turns":6},{"damage":17,"enemies":"Writhing Mass","floor":46,"turns":5},{"damage":47,"enemies":"Reptomancer","floor":48,"turns":7},{"damage":65,"enemies":"Time Eater","floor":50,"turns":7}],"seed_played":"1290710507257941887","potions_obtained":[{"floor":8,"key":"Swift Potion"},{"floor":10,"key":"hexamod:EctoCoolerPotion"},{"floor":14,"key":"Flashbang"},{"floor":16,"key":"LifebloodPotion"},{"floor":20,"key":"Adrenaline Potion"},{"floor":22,"key":"construct:ShiftPotion"},{"floor":24,"key":"FairyPotion"},{"floor":24,"key":"DuplicationPotion"},{"floor":24,"key":"ColorlessPotion"},{"floor":31,"key":"DeathKnight:RimePotion"},{"floor":33,"key":"Guardian:BlockOnCardUsePotion"},{"floor":38,"key":"Dexterity Potion"},{"floor":41,"key":"Toxic Potion"},{"floor":48,"key":"Adrenaline Potion"}],"is_trial":false,"path_per_floor":["M","?","M","?","?","R","M","E","T","E","M","T","M","M","R_BF","B",null,"M","$","M","?","M","E","?","M","T","R","M","$","R","E","R_BF","B",null,"?","?","?","?","T","?","?","?","T","T","?","?","T","E","T","B"],"character_chosen":"THE_CONSTRUCT_MOD","items_purchased":["EpicFetus","Replay:Wax Seal","construct:Autoturret","construct:FierceBash","ReplayTheSpireMod:TigerMarble","Orrery","Frozen Egg 2","construct:Synchronize+1","GuppysHead","Lantern","construct:ReactiveShield+1","infinitespire:FocusingShard","DollysMirror"],"campfire_rested":5,"item_purchase_floors":[17,19,19,19,19,19,29,34,34,39,39,39,39],"current_hp_per_floor":[71,71,71,51,51,76,74,62,62,49,11,11,17,3,28,39,81,73,73,76,76,52,36,36,39,53,53,36,36,64,75,75,81,82,73,63,1,18,18,38,21,21,21,44,44,38,61,25,48,0,0],"gold":90,"neow_bonus":"BOSS_RELIC","is_daily":false,"chose_seed":false,"campfire_upgraded":1,"win_rate":0.0,"timestamp":1609720167,"path_taken":["M","?","M","?","?","R","M","E","T","E","?","?","M","M","R_BF","BOSS","M","$","M","?","M","E","?","?","T","R","M","$","R","E","R_BF","BOSS","?","?","?","?","T","?","?","?","T","T","?","?","T","E","T","BOSS"],"items_purchased_type":["Card","Relic","Card","Card","Relic","Relic","Relic","Card","Relic","Relic","Card","Relic","Relic"],"build_version":"2020-12-22","purchased_purges":0,"victory":false,"max_hp_per_floor":[85,85,85,85,85,85,85,85,85,85,85,85,85,85,85,85,81,81,81,81,81,81,81,81,81,95,95,95,95,95,95,95,95,82,82,82,80,80,80,80,78,78,78,78,78,78,78,78,78,78,78],"card_choices":[{"not_picked":[],"picked":"EpicFetus","floor":0},{"not_picked":["Bomb","construct:BatteryAcid+1"],"picked":"construct:Zapper","floor":1},{"not_picked":["construct:Tumble","construct:Boost"],"picked":"construct:ModeShift+1","floor":3},{"not_picked":["ReplayTheSpireMod:??????????????????????","ReplayTheSpireMod:Black Plague"],"picked":"infinitespire:UltimateForm","floor":4},{"not_picked":["construct:Backfire","construct:FocusedBeam"],"picked":"construct:SaveState+1","floor":7},{"not_picked":["construct:Backfire","construct:ShiftStrike"],"picked":"construct:Disrupt+1","floor":8},{"not_picked":["construct:FlameCore+1","construct:HeavyBolt"],"picked":"construct:Reinforce+1","floor":10},{"not_picked":["construct:ScrapCannon","construct:PanicFire"],"picked":"construct:ModeShift+1","floor":11},{"not_picked":["Bomb","construct:Analyze+1"],"picked":"construct:Failsafe","floor":13},{"not_picked":["construct:ScrapCannon","construct:Dampening+1"],"picked":"construct:OneWayMirror+1","floor":14},{"not_picked":["construct:ShieldGenerator","construct:LongRangeLance"],"picked":"construct:HammerDown","floor":16},{"not_picked":["construct:Impenetrable+1","construct:ScrapCannon"],"picked":"construct:Antimatter+1","floor":18},{"not_picked":["construct:Overcharge","construct:SweepLaser"],"picked":"construct:PointDefense","floor":19},{"not_picked":["construct:Construct_Overclock","construct:Backfire"],"picked":"construct:Reinforce+1","floor":19},{"not_picked":["construct:SuppressiveFire","construct:UnbalancingBlast"],"picked":"construct:SyphonStrike+1","floor":19},{"not_picked":["construct:SweepLaser","construct:Failsafe+1"],"picked":"construct:LongRangeLance","floor":19},{"not_picked":["construct:Anticipate+1","construct:HammerDown"],"picked":"construct:Multistage+1","floor":19},{"not_picked":["construct:Backfire","construct:FocusedBeam+1"],"picked":"construct:Autoturret+1","floor":20},{"not_picked":["construct:Stasis+1","construct:Anticipate+1"],"picked":"construct:Analyze+1","floor":22},{"not_picked":["construct:Boost","construct:Versatility"],"picked":"construct:Reinforce+1","floor":23},{"not_picked":["construct:ChargeShot","construct:ShiftStrike"],"picked":"construct:SweepLaser","floor":25},{"not_picked":["construct:ChargeShot","construct:MassProduction+1"],"picked":"construct:FlakBarrage+1","floor":28},{"not_picked":["construct:Reinforce+1","construct:SyphonStrike+1"],"picked":"construct:Stasis+1","floor":31},{"not_picked":["construct:GatlingGun","construct:HyperBeam"],"picked":"construct:LongRangeLance+1","floor":33},{"not_picked":["construct:GuardCore+1","construct:HeavyBolt"],"picked":"construct:PointDefense+1","floor":35},{"not_picked":["construct:Anticipate+1","construct:VentSteam+1"],"picked":"construct:Hazardproof+1","floor":36},{"not_picked":["infinitespire:Execution","hubris:Rewind"],"picked":"infinitespire:SevenWalls","floor":37},{"not_picked":["construct:FocusedBeam+1","construct:Isolate+1"],"picked":"construct:HeavyBolt+1","floor":37},{"not_picked":["construct:SaveState+1","construct:SweepLaser+1"],"picked":"construct:ForceCore+1","floor":38},{"not_picked":["construct:Backfire","construct:FierceBash"],"picked":"construct:ShiftStrike","floor":41},{"not_picked":["construct:Impenetrable+1","construct:Missile"],"picked":"construct:Enhance+1","floor":46},{"not_picked":["construct:Multistage+1","construct:Stasis+1"],"picked":"construct:Enhance+1","floor":48}],"player_experience":114875,"relics_obtained":[{"floor":8,"key":"theForsaken:Lifeblossom"},{"floor":9,"key":"Toy Ornithopter"},{"floor":10,"key":"hubris:PeanutButter"},{"floor":12,"key":"Ancient Tea Set"},{"floor":23,"key":"Simple Rune"},{"floor":26,"key":"Mango"},{"floor":31,"key":"Iron Hammer"},{"floor":37,"key":"CaptainsWheel"},{"floor":43,"key":"hubris:BottledRain"},{"floor":48,"key":"hubris:TinFlute"}],"event_choices":[{"damage_healed":0,"gold_gain":0,"player_choice":"Take Wound","damage_taken":0,"relics_obtained":["Golden Idol"],"max_hp_gain":0,"max_hp_loss":0,"event_name":"Golden Idol","floor":2,"gold_loss":0,"cards_obtained":["Injury"]},{"cards_removed":["Injury"],"damage_healed":0,"gold_gain":0,"player_choice":"Removed Curses","damage_taken":0,"max_hp_gain":0,"max_hp_loss":0,"event_name":"Fountain of Cleansing","floor":5,"gold_loss":0},{"cards_removed":["construct:Defend_Gold"],"damage_healed":0,"gold_gain":0,"player_choice":"Purged","damage_taken":0,"max_hp_gain":0,"max_hp_loss":0,"event_name":"Purifier","floor":21,"gold_loss":0},{"damage_healed":0,"gold_gain":0,"player_choice":"Got Potions","damage_taken":0,"max_hp_gain":0,"max_hp_loss":0,"event_name":"Lab","floor":24,"gold_loss":0},{"damage_healed":0,"gold_gain":275,"player_choice":"Desecrate","damage_taken":0,"max_hp_gain":0,"max_hp_loss":0,"event_name":"Golden Shrine","floor":32,"gold_loss":0,"cards_obtained":["Regret"]},{"damage_healed":20,"gold_gain":0,"player_choice":"Writhe","damage_taken":0,"max_hp_gain":0,"max_hp_loss":0,"event_name":"Winding Halls","floor":40,"gold_loss":0,"cards_obtained":["Writhe"]}],"is_beta":false,"boss_relics":[{"not_picked":["hubris:CrackedHourglass","hubris:RunicObelisk"],"picked":"construct:WeddingRing"},{"not_picked":[]},{"not_picked":["ReplayTheSpireMod:DimensionalGlitch","infinitespire:Cupcake"],"picked":"Painkiller Herb"},{"not_picked":[]}],"items_purged_floors":[],"is_endless":true,"potions_floor_spawned":[8,10,14,16,20,22,31,33,38,41,48],"killed_by":"Time Eater","ascension_level":0}}