{"host":"hzhtv7n0nkrnil9f","time":1609796222,"event":{"mods":["AchievementEnabler","BaseMod","Colored Map","Minty Spire (QoL Compilation)","Permanent Neow","Quick Restart"],"gold_per_floor":[115,190,115,132,146,172,192,192,192,203,218,218,246,246,246,367,367,383,397,431,611,630,630,673,673,725,403,434,434,459,482,482,605,605,620,633,367,367,387,387,387,408,408,408,259,284,27,70,70,70,70,70,20,60,60],"floor_reached":56,"playtime":8281,"items_purged":["Regret","Injury","Strike_G"],"score":1375,"play_id":"e2f57e41-2d60-4621-bd09-3c9cda83e921","local_time":"20210104223702","is_ascension_mode":true,"campfire_choices":[{"data":"Apotheosis","floor":15,"key":"SMITH"},{"floor":23,"key":"REST"},{"floor":29,"key":"REST"},{"floor":32,"key":"REST"},{"floor":40,"key":"RECALL"},{"data":"Terror","floor":49,"key":"SMITH"},{"data":"Night Terror","floor":52,"key":"SMITH"}],"circlet_count":0,"master_deck":["Strike_G","Defend_G","Defend_G","Defend_G","Survivor","Neutralize","Apotheosis+1","Prepared","Dodge and Roll","Tactician","Acrobatics","PiercingWail","Adrenaline","After Image","Tactician+1","Choke+1","Bane+1","Prepared","Blur+1","Deep Breath","Terror+1","Necronomicurse","Finesse","Burst","Doppelganger","Underhanded Strike","Burst","Malaise","Adrenaline","Acrobatics+1","Malaise","Night Terror+1"],"relics":["Ring of the Snake","Orichalcum","Singing Bowl","StoneCalendar","Golden Idol","Astrolabe","Red Mask","Pen Nib","Necronomicon","Akabeko","Mummified Hand","SlaversCollar","Omamori","Chemical X","Lantern","Turnip"],"acts_visited":["Exordium","TheCity","TheBeyond","TheEnding"],"potions_floor_usage":[6,16,19,24,24,50,55,55],"damage_taken":[{"damage":8.0,"enemies":"2 Louse","floor":1.0,"turns":5.0},{"damage":0.0,"enemies":"Small Slimes","floor":4.0,"turns":3.0},{"damage":0.0,"enemies":"Cultist","floor":5.0,"turns":4.0},{"damage":1,"enemies":"Gremlin Nob","floor":6,"turns":5},{"damage":2,"enemies":"Looter","floor":7,"turns":3},{"damage":9,"enemies":"Large Slime","floor":10,"turns":8},{"damage":9,"enemies":"Lots of Slimes","floor":11,"turns":10},{"damage":5,"enemies":"Lagavulin","floor":13,"turns":12},{"damage":4,"enemies":"Hexaghost","floor":16,"turns":13},{"damage":0,"enemies":"Chosen","floor":18,"turns":3},{"damage":0,"enemies":"Spheric Guardian","floor":19,"turns":3},{"damage":0,"enemies":"Masked Bandits","floor":20,"turns":4},{"damage":0,"enemies":"Snake Plant","floor":22,"turns":4},{"damage":35,"enemies":"Slavers","floor":24,"turns":7},{"damage":0,"enemies":"Book of Stabbing","floor":28,"turns":6},{"damage":4,"enemies":"Snecko","floor":30,"turns":4},{"damage":8,"enemies":"Centurion and Healer","floor":31,"turns":5},{"damage":1,"enemies":"Champ","floor":33,"turns":5},{"damage":1,"enemies":"3 Darklings","floor":35,"turns":4},{"damage":0,"enemies":"3 Shapes","floor":36,"turns":5},{"damage":0,"enemies":"Jaw Worm Horde","floor":39,"turns":3},{"damage":0,"enemies":"4 Shapes","floor":42,"turns":3},{"damage":0,"enemies":"3 Darklings","floor":46,"turns":3},{"damage":0,"enemies":"Reptomancer","floor":48,"turns":2},{"damage":2,"enemies":"Time Eater","floor":50,"turns":12},{"damage":8,"enemies":"Shield and Spear","floor":54,"turns":3},{"damage":13,"enemies":"The Heart","floor":55,"turns":9}],"seed_played":"7947544309164842163","potions_obtained":[{"floor":1.0,"key":"DistilledChaos"},{"floor":4.0,"key":"Poison Potion"},{"floor":10,"key":"Dexterity Potion"},{"floor":13,"key":"Fire Potion"},{"floor":18,"key":"CultistPotion"},{"floor":19,"key":"AttackPotion"},{"floor":20,"key":"Block Potion"},{"floor":31,"key":"Strength Potion"},{"floor":36,"key":"SneckoOil"},{"floor":39,"key":"LiquidMemories"}],"is_trial":false,"path_per_floor":["M","?","$","M","M","E","M","?","T","M","M","?","E","?","R","B",null,"M","M","?","?","M","R","E","?","T","$","E","R","M","M","R","B",null,"M","M","$","?","M","R","T","M","T","?","$","M","$","E","R","B",null,"R","$","E","B",null],"character_chosen":"THE_SILENT","items_purchased":["Finesse","Burst","Malaise","Malaise","Chemical X","GhostInAJar","ColorlessPotion"],"campfire_rested":3,"item_purchase_floors":[27,27,37,45,47,47,53],"current_hp_per_floor":[62,51,51,51,51,50,48,53,53,44,35,35,30,30,30,26,75,75,77,77,52,54,77,42,26,26,26,26,49,45,39,63,62,81,82,84,84,84,86,86,86,86,86,86,86,88,88,88,88,86,89,89,89,83,70],"gold":60,"neow_bonus":"RANDOM_COLORLESS_2","is_daily":false,"chose_seed":false,"campfire_upgraded":3,"win_rate":0.0,"timestamp":1609796222,"path_taken":["M","?","$","M","M","E","M","?","T","M","M","?","E","?","R","BOSS","M","M","?","?","?","R","E","?","T","$","E","R","M","M","R","BOSS","M","M","$","?","?","R","?","?","T","?","$","M","$","E","R","BOSS","R","$","E","BOSS"],"items_purchased_type":["Card","Card","Card","Card","Relic","Potion","Potion"],"build_version":"2020-12-22","purchased_purges":3,"victory":true,"max_hp_per_floor":[70,70,70,70,70,70,70,75,75,75,75,75,75,75,75,75,75,75,77,77,77,79,79,79,79,79,79,79,79,79,81,81,81,81,83,85,85,85,87,87,87,87,87,87,87,89,89,89,89,89,89,89,89,91,91],"card_choices":[{"not_picked":["Transmutation","Chrysalis"],"picked":"Apotheosis","floor":0.0},{"not_picked":["Deflect","Bane","Underhanded Strike"],"picked":"SKIP","floor":1.0},{"not_picked":["Bane","Quick Slash"],"picked":"Prepared","floor":4.0},{"not_picked":["Infinite Blades","Accuracy"],"picked":"Dodge and Roll","floor":5.0},{"not_picked":["Underhanded Strike","Riddle With Holes"],"picked":"Tactician","floor":6},{"not_picked":["Outmaneuver","Setup","Dagger Throw"],"picked":"SKIP","floor":7},{"not_picked":["Dash","Prepared"],"picked":"Acrobatics","floor":10},{"not_picked":["Endless Agony","Cloak And Dagger"],"picked":"PiercingWail","floor":11},{"not_picked":["Endless Agony","Prepared"],"picked":"Adrenaline","floor":13},{"not_picked":["Burst","Phantasmal Killer"],"picked":"After Image","floor":16},{"not_picked":["PiercingWail+1","Deflect"],"picked":"Prepared","floor":18},{"not_picked":["Dagger Spray","Endless Agony","All Out Attack"],"picked":"Singing Bowl","floor":19},{"not_picked":["Slice","Masterful Stab"],"picked":"Blur+1","floor":20},{"not_picked":["Prepared","Flechettes","Bane"],"picked":"Singing Bowl","floor":22},{"not_picked":["PiercingWail","Bane"],"picked":"Terror","floor":24},{"not_picked":["Deflect","Backflip"],"picked":"Doppelganger","floor":28},{"not_picked":["Bouncing Flask","Backflip"],"picked":"Underhanded Strike","floor":30},{"not_picked":["Heel Hook","All Out Attack","Outmaneuver+1"],"picked":"Singing Bowl","floor":31},{"not_picked":["Unload","Envenom"],"picked":"Burst","floor":33},{"not_picked":["Crippling Poison+1","Quick Slash","Blade Dance"],"picked":"Singing Bowl","floor":35},{"not_picked":["Tactician+1","Slice+1","Infinite Blades"],"picked":"Singing Bowl","floor":36},{"not_picked":["Slice+1","Dash","Flechettes"],"picked":"Singing Bowl","floor":39},{"not_picked":["Blade Dance","Footwork+1"],"picked":"Acrobatics+1","floor":42},{"not_picked":["Dagger Spray+1","Bane+1","Finisher+1"],"picked":"Singing Bowl","floor":46},{"not_picked":["Outmaneuver+1","Backflip+1"],"picked":"Night Terror","floor":48},{"not_picked":["Poisoned Stab","Outmaneuver+1","Well Laid Plans+1"],"picked":"Singing Bowl","floor":54}],"player_experience":264361,"relics_obtained":[{"floor":6,"key":"Orichalcum"},{"floor":9,"key":"Singing Bowl"},{"floor":13,"key":"StoneCalendar"},{"floor":20,"key":"Red Mask"},{"floor":24,"key":"Pen Nib"},{"floor":25,"key":"Necronomicon"},{"floor":26,"key":"Akabeko"},{"floor":28,"key":"Mummified Hand"},{"floor":43,"key":"Omamori"},{"floor":48,"key":"Lantern"},{"floor":54,"key":"Turnip"}],"event_choices":[{"damage_healed":0.0,"max_hp_gain":0.0,"max_hp_loss":0.0,"gold_gain":75.0,"event_name":"World of Goop","player_choice":"Gather Gold","floor":2.0,"gold_loss":0.0,"damage_taken":11.0},{"damage_healed":0,"gold_gain":0,"player_choice":"Donut","damage_taken":0,"max_hp_gain":5,"max_hp_loss":0,"event_name":"Big Fish","floor":8,"gold_loss":0},{"cards_removed":["Strike_G"],"damage_healed":0,"gold_gain":0,"player_choice":"Forget","damage_taken":0,"max_hp_gain":0,"max_hp_loss":0,"event_name":"Living Wall","floor":12,"gold_loss":0},{"damage_healed":0,"gold_gain":0,"player_choice":"Take Wound","damage_taken":0,"relics_obtained":["Golden Idol"],"max_hp_gain":0,"max_hp_loss":0,"event_name":"Golden Idol","floor":14,"gold_loss":0,"cards_obtained":["Injury"]},{"damage_healed":0,"gold_gain":0,"player_choice":"Fought Bandits","damage_taken":0,"max_hp_gain":0,"max_hp_loss":0,"event_name":"Masked Bandits","floor":20,"gold_loss":0},{"damage_healed":0,"gold_gain":180,"player_choice":"CARD GOLD GOLD ","damage_taken":25,"max_hp_gain":0,"max_hp_loss":0,"event_name":"Knowing Skull","floor":21,"potions_obtained":[],"gold_loss":0,"cards_obtained":["Deep Breath"]},{"damage_healed":0,"gold_gain":0,"player_choice":"Obtained Book","damage_taken":16,"max_hp_gain":0,"max_hp_loss":0,"event_name":"Cursed Tome","floor":25,"gold_loss":0},{"damage_healed":0,"gold_gain":0,"player_choice":"Copied","damage_taken":0,"max_hp_gain":0,"max_hp_loss":0,"event_name":"Duplicator","floor":38,"gold_loss":0,"cards_obtained":["Adrenaline"]},{"cards_removed":["Strike_G"],"damage_healed":0,"gold_gain":0,"player_choice":"Removed Attack","damage_taken":0,"max_hp_gain":0,"max_hp_loss":0,"event_name":"Falling","floor":44,"gold_loss":0}],"is_beta":false,"boss_relics":[{"not_picked":["HoveringKite","Ectoplasm"],"picked":"Astrolabe"},{"not_picked":["Coffee Dripper","Runic Pyramid"],"picked":"SlaversCollar"}],"items_purged_floors":[3,27,37],"is_endless":false,"potions_floor_spawned":[1,4,10,13,18,19,20,31,36,39,54],"ascension_level":2}}