{"host":"6rmw1q50jy0xmvyl","time":1609761371,"event":{"mods":["BaseMod","BetterRewards","Clockwork Mod","Colored Map","Duelist Mod","Infinite Spire","Minty Spire (QoL Compilation)","Remove Card Discount Mod","StSLib","thorton","??????REMEMod"],"gold_per_floor":[139,11,28,28,28,28,58,58,58,77,77,95,95,106,106,183,183,196,196,196],"floor_reached":19,"playtime":1408,"items_purged":["theDuelist:CastleWalls","theDuelist:CastleWalls","theDuelist:Sparks","theDuelist:Sparks"],"score":539,"play_id":"32dea103-0756-4be3-9b42-eae14db36d7e","local_time":"20210104125611","is_ascension_mode":true,"campfire_choices":[{"data":"theDuelist:WhiteNinja","floor":6,"key":"SMITH"},{"data":"Blur","floor":8,"key":"SMITH"},{"floor":11,"key":"REST"},{"data":"theDuelist:ElectromagneticShield","floor":15,"key":"SMITH"}],"circlet_count":0,"master_deck":["Blur+1","theDuelist:Electrowhip+1","theDuelist:WhiteNinja+1","theDuelist:WormApocalypse+1","theDuelist:MillenniumGolem+1","theDuelist:FinalFlame+1","theDuelist:ScrapFactory+1","AscendersBane","theDuelist:GiantSoldier+1","theDuelist:RainbowKuriboh+1","theDuelist:ElectromagneticShield+1","theDuelist:BeaverWarrior+1","theDuelist:PowerWall+1","theDuelist:BeaverWarrior+1","theDuelist:GiantSoldier+1","theDuelist:SilentDoom"],"relics":["theDuelist:MillenniumPuzzle","theDuelist:CardPoolRelic","theDuelist:CardPoolBasicRelic","theDuelist:BoosterPackPoolRelic","theDuelist:CardPoolAddRelic","theDuelist:CardPoolMinusRelic","theDuelist:CardPoolSaveRelic","theDuelist:CardPoolOptionsRelic","REME_ComplimentaryCards","theDuelist:MillenniumScale","infinitespire:Freezer","REME_PuzzleBoxRelic","theDuelist:BoosterPackMonsterEgg","SlaversCollar"],"acts_visited":["Exordium","TheCity"],"potions_floor_usage":[16,16],"damage_taken":[{"damage":0,"enemies":"Small Slimes","floor":1,"turns":4},{"damage":0,"enemies":"Cultist","floor":3,"turns":4},{"damage":22,"enemies":"Lagavulin","floor":7,"turns":8},{"damage":0,"enemies":"Jaw Worm","floor":10,"turns":4},{"damage":0,"enemies":"Blue Slaver","floor":12,"turns":4},{"damage":0,"enemies":"Large Slime","floor":14,"turns":3},{"damage":0,"enemies":"The Guardian","floor":16,"turns":7},{"damage":0,"enemies":"Shell Parasite","floor":18,"turns":3},{"damage":69,"enemies":"Shell Parasite","floor":19,"turns":6}],"seed_played":"771289302778510443","potions_obtained":[{"floor":10,"key":"EssenceOfSteel"},{"floor":12,"key":"theDuelist:BurningPotion"}],"is_trial":false,"path_per_floor":["M","$","M","?","?","R","E","R","T","M","R","M","$","M","R","B",null,"M","?"],"character_chosen":"THE_DUELIST","items_purchased":["theDuelist:PowerWall","theDuelist:WormApocalypse","theDuelist:Electrowhip"],"campfire_rested":1,"item_purchase_floors":[0,2,2],"current_hp_per_floor":[63,63,63,63,63,63,41,41,41,41,62,62,62,62,62,66,69,69,0,0],"gold":196,"neow_bonus":"","is_daily":false,"chose_seed":false,"campfire_upgraded":3,"win_rate":0.0,"timestamp":1609761371,"path_taken":["M","$","M","?","?","R","E","R","T","M","R","M","$","M","R","BOSS","M","?"],"items_purchased_type":["Card","Card","Card"],"build_version":"2020-12-22","purchased_purges":4,"victory":false,"max_hp_per_floor":[70,70,70,70,70,70,70,70,70,70,70,70,70,70,70,70,70,70,70,70],"card_choices":[{"not_picked":["theDuelist:MeteorDestruction","theDuelist:Hinotama","theDuelist:ScrapFactory","theDuelist:DarkBurningAttack","theDuelist:AfterGenocide"],"picked":"SKIP","floor":1},{"not_picked":["theDuelist:Sangan","theDuelist:KamionTimelord","theDuelist:HappyLover","theDuelist:Mathematician"],"picked":"theDuelist:WhiteNinja","floor":3},{"not_picked":["theDuelist:CoreBlaster","theDuelist:EgoBoost","theDuelist:RainbowNeos","theDuelist:WormApocalypse"],"picked":"theDuelist:ElectromagneticShield","floor":7},{"not_picked":["theDuelist:RainbowNeos+1","theDuelist:HappyLover+1","theDuelist:Eva+1","theDuelist:RainbowOverdragon+1"],"picked":"theDuelist:RainbowKuriboh+1","floor":10},{"not_picked":["theDuelist:RainbowKuriboh+1","theDuelist:Jinzo+1","theDuelist:RockSunrise","theDuelist:RadiantMirrorForce"],"picked":"theDuelist:MillenniumGolem+1","floor":12},{"not_picked":["theDuelist:SpiritHarp+1","theDuelist:SilverApples","theDuelist:BattleFootballer+1","theDuelist:Eva+1","theDuelist:DeltaAttacker"],"picked":"SKIP","floor":14},{"not_picked":["theDuelist:RainbowNeos+1","theDuelist:FluteKuriboh","theDuelist:WormApocalypse+1","theDuelist:SpellShatteringArrow"],"picked":"theDuelist:SilentDoom","floor":18}],"player_experience":692841,"relics_obtained":[{"floor":4,"key":"infinitespire:Freezer"},{"floor":7,"key":"REME_PuzzleBoxRelic"},{"floor":9,"key":"theDuelist:BoosterPackMonsterEgg"}],"event_choices":[{"damage_healed":0,"gold_gain":0,"player_choice":"Leave","duelist":true,"damage_taken":0,"max_hp_gain":0,"max_hp_loss":0,"event_name":"Tomb of the Nameless","floor":5,"gold_loss":0},{"damage_healed":0,"gold_gain":0,"player_choice":"Fight","duelist":true,"damage_taken":0,"max_hp_gain":0,"max_hp_loss":0,"event_name":"Battle City","floor":19,"gold_loss":0}],"is_beta":false,"boss_relics":[{"not_picked":["Snecko Eye","SacredBark"],"picked":"SlaversCollar"}],"items_purged_floors":[0,0,0,0],"is_endless":false,"potions_floor_spawned":[3,10,12],"killed_by":"Shell Parasite","ascension_level":14}}