{"host":"sum4dy402bbv9y4o","time":1609776182,"event":{"mods":["Aspiration","BaseMod","Conspire","Highlight Path","Minty Spire (QoL Compilation)","StSLib"],"gold_per_floor":[113,128,138,138,7,7,23,23,23,23,23,55,75,87,87,159,159,175,8,8,58,76,76,103,123,150,150,161,161,61,77,77,154,154,167,167,186,5,16,16,31,31,112,112,132,147,147,181,181,181,181],"floor_reached":50,"playtime":1782,"items_purged":["Strike_P","Grand Finale","Decay"],"score":1088,"play_id":"854d9ecd-5bee-449f-9f9f-5af471079a5f","local_time":"20210104190302","is_ascension_mode":true,"campfire_choices":[{"data":"Eruption","floor":6,"key":"SMITH"},{"data":"Perseverance","floor":8,"key":"SMITH"},{"data":"Tantrum","floor":10,"key":"SMITH"},{"data":"Brilliance","floor":15,"key":"SMITH"},{"data":"TalkToTheHand","floor":23,"key":"SMITH"},{"floor":27,"key":"REST"},{"floor":29,"key":"REST"},{"floor":32,"key":"REST"},{"data":"Halt","floor":40,"key":"SMITH"},{"floor":42,"key":"REST"},{"data":"Halt","floor":44,"key":"SMITH"},{"data":"FollowUp","floor":47,"key":"SMITH"},{"floor":49,"key":"REST"}],"circlet_count":0,"master_deck":["AscendersBane","conspire:GhostlyStrike","conspire:GhostlyDefend","conspire:GhostlyDefend+1","Eruption+1","Vigilance+1","Sanctity","EmptyFist","Perseverance+1","CutThroughFate","FlurryOfBlows","Tantrum+1","FlurryOfBlows","Brilliance+1","FollowUp+1","TalkToTheHand+1","Adaptation","Flying Knee","Calculated Gamble","BowlingBash","Halt+1","Halt+1","FlurryOfBlows","WindmillStrike","Brilliance","EmptyBody+1","ForeignInfluence+1","ReachHeaven"],"relics":["PureWater","Shuriken","Orichalcum","aspiration:SecretTechniqueScroll","War Paint","Boot","Question Card","Ginger"],"acts_visited":["Exordium","TheCity","TheBeyond"],"potions_floor_usage":[12,22,24,33,37,39,41,48,50],"damage_taken":[{"damage":0,"enemies":"Cultist","floor":1,"turns":3},{"damage":5,"enemies":"2 Louse","floor":2,"turns":3},{"damage":4,"enemies":"Jaw Worm","floor":3,"turns":4},{"damage":0,"enemies":"Looter","floor":7,"turns":2},{"damage":5,"enemies":"3 Sentries","floor":12,"turns":3},{"damage":1,"enemies":"Red Slaver","floor":13,"turns":2},{"damage":0,"enemies":"Blue Slaver","floor":14,"turns":2},{"damage":0,"enemies":"Slime Boss","floor":16,"turns":3},{"damage":1,"enemies":"3 Byrds","floor":18,"turns":3},{"damage":16,"enemies":"2 Thieves","floor":22,"turns":2},{"damage":20,"enemies":"Slavers","floor":24,"turns":3},{"damage":16,"enemies":"Snake Plant","floor":25,"turns":3},{"damage":0,"enemies":"Sentry and Sphere","floor":28,"turns":2},{"damage":0,"enemies":"Cultist and Chosen","floor":31,"turns":3},{"damage":1,"enemies":"Champ","floor":33,"turns":6},{"damage":0,"enemies":"3 Shapes","floor":35,"turns":4},{"damage":16,"enemies":"3 Darklings","floor":37,"turns":3},{"damage":11,"enemies":"Spire Growth","floor":39,"turns":3},{"damage":1,"enemies":"Maw","floor":41,"turns":4},{"damage":0,"enemies":"Transient","floor":45,"turns":6},{"damage":18,"enemies":"Jaw Worm Horde","floor":46,"turns":4},{"damage":17,"enemies":"Nemesis","floor":48,"turns":5},{"damage":94,"enemies":"Time Eater","floor":50,"turns":6}],"seed_played":"6094837204651644014","potions_obtained":[{"floor":3,"key":"AttackPotion"},{"floor":7,"key":"PowerPotion"},{"floor":12,"key":"SkillPotion"},{"floor":22,"key":"Block Potion"},{"floor":25,"key":"GamblersBrew"},{"floor":35,"key":"SteroidPotion"},{"floor":39,"key":"Regen Potion"},{"floor":46,"key":"conspire:TimeTravelPotion"},{"floor":48,"key":"GamblersBrew"}],"is_trial":false,"path_per_floor":["M","M","M","?","$","R","M","R","T","R","?","E","M","M","R","B",null,"M","$","?","?","M","R","E","M","T","R","M","R","$","M","R","B",null,"M","?","M","$","M","R","M","R","T","R","M","M","R","E","R","B"],"character_chosen":"WATCHER","items_purchased":["FlurryOfBlows","TalkToTheHand","Adaptation","Block Potion"],"campfire_rested":5,"item_purchase_floors":[5,19,19,38],"current_hp_per_floor":[61,56,52,52,52,52,52,52,52,52,52,47,46,46,46,46,63,62,62,62,56,40,40,20,4,4,24,24,44,44,44,64,63,67,67,67,51,51,40,40,48,68,68,68,68,50,50,48,68,0,0],"gold":181,"neow_bonus":"TRANSFORM_CARD","is_daily":false,"chose_seed":false,"campfire_upgraded":8,"win_rate":0.0,"timestamp":1609776182,"path_taken":["M","M","M","?","$","R","M","R","T","R","?","E","M","M","R","BOSS","M","$","?","?","M","R","E","?","T","R","M","R","$","M","R","BOSS","M","?","M","$","M","R","?","R","T","R","M","M","R","E","R","BOSS"],"items_purchased_type":["Card","Card","Card","Potion"],"build_version":"2020-12-22","purchased_purges":3,"victory":false,"max_hp_per_floor":[68,68,68,68,68,68,68,68,68,68,68,68,68,68,68,68,68,68,68,68,68,68,68,68,68,68,68,68,68,68,68,68,68,68,68,68,68,68,68,68,68,68,68,68,68,68,68,68,68,68,68],"card_choices":[{"not_picked":["JustLucky","SignatureMove"],"picked":"EmptyFist","floor":1},{"not_picked":["LikeWater","WreathOfFlame"],"picked":"Perseverance","floor":2},{"not_picked":["BattleHymn","Crescendo"],"picked":"CutThroughFate","floor":3},{"not_picked":["Weave","LikeWater"],"picked":"Tantrum","floor":7},{"not_picked":["Crescendo","FollowUp"],"picked":"FlurryOfBlows","floor":12},{"not_picked":["FlyingSleeves","PathToVictory"],"picked":"Brilliance","floor":13},{"not_picked":["SignatureMove","WreathOfFlame"],"picked":"FollowUp","floor":14},{"not_picked":["CutThroughFate","PathToVictory+1","InnerPeace"],"picked":"SKIP","floor":18},{"not_picked":["ClearTheMind","Fasting2"],"picked":"BowlingBash","floor":22},{"not_picked":["PathToVictory","ClearTheMind"],"picked":"Halt","floor":24},{"not_picked":["ClearTheMind","Prostrate"],"picked":"Halt","floor":25},{"not_picked":["FlyingSleeves","BowlingBash","SandsOfTime"],"picked":"SKIP","floor":28},{"not_picked":["SashWhip","LikeWater"],"picked":"FlurryOfBlows","floor":31},{"not_picked":["Consecrate","Halt","FlurryOfBlows"],"picked":"SKIP","floor":35},{"not_picked":["JustLucky","ClearTheMind"],"picked":"WindmillStrike","floor":37},{"not_picked":["CutThroughFate","Nirvana"],"picked":"Brilliance","floor":39},{"not_picked":["ClearTheMind","Study+1"],"picked":"EmptyBody+1","floor":41},{"not_picked":["EmptyBody","Protect","Indignation"],"picked":"ForeignInfluence+1","floor":45},{"not_picked":["CrushJoints","Crescendo+1","Adaptation"],"picked":"ReachHeaven","floor":46},{"not_picked":["Wish","JustLucky","ForeignInfluence","Tantrum"],"picked":"SKIP","floor":48}],"player_experience":2900783,"relics_obtained":[{"floor":9,"key":"Shuriken"},{"floor":12,"key":"Orichalcum"},{"floor":24,"key":"War Paint"},{"floor":26,"key":"Boot"},{"floor":43,"key":"Question Card"},{"floor":48,"key":"Ginger"}],"event_choices":[{"damage_healed":0,"gold_gain":0,"player_choice":"Agree","damage_taken":0,"max_hp_gain":0,"max_hp_loss":0,"event_name":"conspire:LoneGhost","floor":11,"gold_loss":0},{"damage_healed":0,"gold_gain":50,"player_choice":"Touch","damage_taken":6,"max_hp_gain":0,"max_hp_loss":0,"event_name":"FaceTrader","floor":21,"gold_loss":0},{"damage_healed":0,"gold_gain":0,"player_choice":"Cursed","damage_taken":0,"max_hp_gain":0,"max_hp_loss":0,"event_name":"Wheel of Change","floor":36,"gold_loss":0,"cards_obtained":["Decay"]}],"is_beta":false,"boss_relics":[{"not_picked":["Runic Pyramid","conspire:SeveredTorchhead"],"picked":"aspiration:SecretTechniqueScroll"},{"not_picked":["aspiration:PoetsPen","Fusion Hammer","aspiration:RunicSpoon"]}],"items_purged_floors":[5,30,38],"is_endless":false,"potions_floor_spawned":[3,7,12,14,18,22,25,35,39,46,48],"killed_by":"Time Eater","ascension_level":20}}