{"host":"tnsigirk6wurdark","time":1609750741,"event":{"mods":["BaseMod","Highlight Path","Minty Spire (QoL Compilation)","Quick Restart","Relic Sorter","SuperFastMode","Synergy Search"],"gold_per_floor":[112,112,112,13,29,60,72,72,96,129,139,139,139,172,172,268,268,280,294,314,4,18,18,51,69,69,94,94,123,137,62,62,161,161,181,196,206,206,220,246,246,277,332,344,361,413,425,435,435,435,435],"floor_reached":50,"playtime":2538,"items_purged":["Regret","Strike_G"],"score":852,"play_id":"05ddbb9d-d242-4c46-a410-60a7707e0b14","local_time":"20210104085901","is_ascension_mode":true,"campfire_choices":[{"data":"Footwork","floor":8,"key":"SMITH"},{"data":"Corpse Explosion","floor":13,"key":"SMITH"},{"data":"Sucker Punch","floor":15,"key":"SMITH"},{"data":"Envenom","floor":23,"key":"SMITH"},{"data":"Infinite Blades","floor":28,"key":"SMITH"},{"data":"Footwork","floor":32,"key":"SMITH"},{"floor":41,"key":"REST"},{"floor":49,"key":"REST"}],"circlet_count":0,"master_deck":["Strike_G+1","Strike_G","Strike_G+1","Defend_G","Defend_G","Defend_G","Defend_G","Survivor","Neutralize","Backflip","Sucker Punch+1","Quick Slash","Footwork+1","Infinite Blades+1","Corpse Explosion+1","Envenom+1","Dash","Slice","Backstab","Finesse","Dodge and Roll","Dagger Spray","Blade Dance+1","Footwork+1","Sucker Punch+1","Envenom","Cloak And Dagger+1","Cloak And Dagger+1","Slice+1","Terror+1","Quick Slash+1","Backflip","Dagger Spray+1","Infinite Blades+1","Blur+1","PiercingWail"],"relics":["Ring of the Snake","Philosopher\u0027s Stone","Toy Ornithopter","Blood Vial","Vajra","Omamori","NeowsBlessing","Thread and Needle","Orichalcum","Gremlin Horn","Nunchaku","Meat on the Bone","Black Star","White Beast Statue","Mercury Hourglass","Tingsha","Torii","Pen Nib","Girya"],"acts_visited":["Exordium","TheCity","TheBeyond"],"potions_floor_usage":[14,18,19,24,27,29,33,39,39,45,46,46,50,50,50],"damage_taken":[{"damage":0,"enemies":"2 Louse","floor":1,"turns":1},{"damage":0,"enemies":"Jaw Worm","floor":5,"turns":1},{"damage":0,"enemies":"Lagavulin","floor":6,"turns":1},{"damage":2,"enemies":"Small Slimes","floor":7,"turns":3},{"damage":9,"enemies":"3 Sentries","floor":10,"turns":9},{"damage":0,"enemies":"Blue Slaver","floor":11,"turns":4},{"damage":3,"enemies":"Gremlin Nob","floor":14,"turns":5},{"damage":33,"enemies":"Slime Boss","floor":16,"turns":12},{"damage":7,"enemies":"2 Thieves","floor":18,"turns":3},{"damage":12,"enemies":"3 Byrds","floor":19,"turns":2},{"damage":9,"enemies":"Snecko","floor":20,"turns":5},{"damage":1,"enemies":"Centurion and Healer","floor":22,"turns":7},{"damage":0,"enemies":"Gremlin Leader","floor":24,"turns":5},{"damage":0,"enemies":"3 Cultists","floor":25,"turns":3},{"damage":25,"enemies":"Book of Stabbing","floor":27,"turns":6},{"damage":5,"enemies":"Gremlin Leader","floor":29,"turns":4},{"damage":9,"enemies":"Snecko","floor":30,"turns":4},{"damage":8,"enemies":"Collector","floor":33,"turns":8},{"damage":12,"enemies":"3 Darklings","floor":35,"turns":2},{"damage":2,"enemies":"Orb Walker","floor":36,"turns":4},{"damage":11,"enemies":"3 Darklings","floor":37,"turns":3},{"damage":0,"enemies":"Jaw Worm Horde","floor":39,"turns":2},{"damage":54,"enemies":"Reptomancer","floor":40,"turns":6},{"damage":30,"enemies":"Nemesis","floor":42,"turns":5},{"damage":0,"enemies":"4 Shapes","floor":44,"turns":2},{"damage":19,"enemies":"3 Darklings","floor":45,"turns":2},{"damage":0,"enemies":"2 Orb Walkers","floor":46,"turns":3},{"damage":8,"enemies":"Spire Growth","floor":47,"turns":3},{"damage":31,"enemies":"Sphere and 2 Shapes","floor":48,"turns":6},{"damage":67,"enemies":"Time Eater","floor":50,"turns":8}],"seed_played":"1719976291658238651","potions_obtained":[{"floor":6,"key":"Weak Potion"},{"floor":14,"key":"GamblersBrew"},{"floor":16,"key":"SpeedPotion"},{"floor":19,"key":"LiquidBronze"},{"floor":25,"key":"Regen Potion"},{"floor":27,"key":"Regen Potion"},{"floor":30,"key":"PowerPotion"},{"floor":33,"key":"CultistPotion"},{"floor":37,"key":"Fire Potion"},{"floor":42,"key":"SpeedPotion"},{"floor":44,"key":"DistilledChaos"},{"floor":45,"key":"SteroidPotion"},{"floor":46,"key":"BlessingOfTheForge"},{"floor":47,"key":"LiquidBronze"},{"floor":48,"key":"CunningPotion"}],"is_trial":false,"path_per_floor":["M","?","?","$","M","E","M","R","T","E","M","?","R","E","R","B",null,"M","M","M","$","M","R","E","M","T","E","R","E","M","?","R","B",null,"M","M","M","?","M","E","R","E","T","M","M","?","M","M","R","B"],"character_chosen":"THE_SILENT","items_purchased":["Sucker Punch","Backstab","Finesse","Dodge and Roll"],"campfire_rested":2,"item_purchase_floors":[4,21,21,21],"current_hp_per_floor":[63,49,49,49,49,49,49,49,49,42,44,44,44,48,48,17,57,57,52,45,45,46,46,53,55,55,51,51,67,60,60,60,59,67,57,57,48,48,60,20,41,25,25,39,39,51,45,28,49,0,0],"gold":435,"neow_bonus":"THREE_ENEMY_KILL","is_daily":false,"chose_seed":false,"campfire_upgraded":6,"win_rate":0.0,"timestamp":1609750741,"path_taken":["M","?","?","$","M","E","M","R","T","E","M","?","R","E","R","BOSS","M","M","M","$","M","R","E","M","T","E","R","E","M","?","R","BOSS","M","M","M","?","M","E","R","E","T","M","M","?","M","?","R","BOSS"],"items_purchased_type":["Card","Card","Card","Card"],"build_version":"2020-12-22","purchased_purges":2,"victory":false,"max_hp_per_floor":[70,70,70,70,70,70,70,70,70,70,70,70,70,70,70,70,70,70,70,70,70,70,70,70,70,70,70,70,70,70,70,70,70,70,70,70,70,70,70,70,70,70,70,70,70,70,70,70,70,70,70],"card_choices":[{"not_picked":["Catalyst","Flying Knee"],"picked":"Backflip","floor":1},{"not_picked":["Flechettes","Dagger Throw"],"picked":"Quick Slash","floor":5},{"not_picked":["Dagger Throw","Masterful Stab","Underhanded Strike"],"picked":"SKIP","floor":6},{"not_picked":["Caltrops","Heel Hook"],"picked":"Footwork","floor":7},{"not_picked":["Poisoned Stab","Leg Sweep"],"picked":"Infinite Blades","floor":10},{"not_picked":["Flechettes","Masterful Stab"],"picked":"Corpse Explosion","floor":11},{"not_picked":["Well Laid Plans","Outmaneuver","Bane"],"picked":"SKIP","floor":14},{"not_picked":["Wraith Form v2","Tools of the Trade"],"picked":"Envenom","floor":16},{"not_picked":["Heel Hook","Concentrate"],"picked":"Dash","floor":18},{"not_picked":["Dagger Throw","Prepared","Caltrops"],"picked":"SKIP","floor":19},{"not_picked":["All Out Attack","Finisher"],"picked":"Slice","floor":20},{"not_picked":["Dagger Throw+1","Footwork"],"picked":"Dagger Spray","floor":22},{"not_picked":["Sucker Punch","Dagger Spray"],"picked":"Quick Slash+1","floor":24},{"not_picked":["Distraction+1","Dodge and Roll"],"picked":"Blade Dance+1","floor":25},{"not_picked":["Grand Finale","Dodge and Roll"],"picked":"Footwork","floor":27},{"not_picked":["Masterful Stab","Quick Slash","Acrobatics"],"picked":"SKIP","floor":29},{"not_picked":["Choke","Leg Sweep"],"picked":"Sucker Punch+1","floor":30},{"not_picked":["Die Die Die","Tools of the Trade"],"picked":"Envenom","floor":33},{"not_picked":["Blade Dance","Prepared+1"],"picked":"Cloak And Dagger+1","floor":35},{"not_picked":["Eviscerate+1","Deflect"],"picked":"Cloak And Dagger+1","floor":36},{"not_picked":["Sucker Punch","Quick Slash+1"],"picked":"Slice+1","floor":37},{"not_picked":["Blur+1","Distraction+1"],"picked":"Terror+1","floor":39},{"not_picked":["Wraith Form v2","Flechettes"],"picked":"Quick Slash+1","floor":40},{"not_picked":["Well Laid Plans","Quick Slash"],"picked":"Backflip","floor":42},{"not_picked":["Calculated Gamble","Deflect"],"picked":"Dagger Spray+1","floor":44},{"not_picked":["Acrobatics","Footwork"],"picked":"Infinite Blades+1","floor":45},{"not_picked":["Deadly Poison+1","Deflect"],"picked":"Blur+1","floor":47},{"not_picked":["Sucker Punch","Eviscerate+1"],"picked":"PiercingWail","floor":48}],"player_experience":637936,"relics_obtained":[{"floor":6,"key":"Blood Vial"},{"floor":9,"key":"Toy Ornithopter"},{"floor":10,"key":"Thread and Needle"},{"floor":14,"key":"Orichalcum"},{"floor":24,"key":"Omamori"},{"floor":26,"key":"Gremlin Horn"},{"floor":27,"key":"Nunchaku"},{"floor":29,"key":"Meat on the Bone"},{"floor":40,"key":"White Beast Statue"},{"floor":40,"key":"Mercury Hourglass"},{"floor":42,"key":"Tingsha"},{"floor":42,"key":"Torii"},{"floor":43,"key":"Pen Nib"},{"floor":46,"key":"Girya"}],"event_choices":[{"damage_healed":0,"gold_gain":0,"player_choice":"Entered Light","damage_taken":14,"max_hp_gain":0,"max_hp_loss":0,"event_name":"Shining Light","floor":2,"gold_loss":0,"cards_upgraded":["Strike_G","Strike_G"]},{"damage_healed":0,"gold_gain":0,"player_choice":"Box","damage_taken":0,"relics_obtained":["Vajra"],"max_hp_gain":0,"max_hp_loss":0,"event_name":"Big Fish","floor":3,"gold_loss":0,"cards_obtained":["Regret"]},{"cards_removed":["Defend_G"],"damage_healed":0,"gold_gain":0,"player_choice":"Forget","damage_taken":0,"max_hp_gain":0,"max_hp_loss":0,"event_name":"Living Wall","floor":12,"gold_loss":0},{"cards_removed":["Strike_G"],"damage_healed":0,"gold_gain":0,"player_choice":"Gave Gold","damage_taken":0,"max_hp_gain":0,"max_hp_loss":0,"event_name":"Beggar","floor":31,"gold_loss":75},{"cards_removed":["Quick Slash"],"damage_healed":0,"gold_gain":0,"player_choice":"Removed Attack","damage_taken":0,"max_hp_gain":0,"max_hp_loss":0,"event_name":"Falling","floor":38,"gold_loss":0},{"damage_healed":0,"gold_gain":0,"player_choice":"Fight","damage_taken":0,"max_hp_gain":0,"max_hp_loss":0,"event_name":"Mysterious Sphere","floor":46,"gold_loss":0}],"is_beta":false,"boss_relics":[{"not_picked":["Runic Dome","Runic Pyramid"],"picked":"Philosopher\u0027s Stone"},{"not_picked":["Calling Bell","SacredBark"],"picked":"Black Star"}],"items_purged_floors":[4,21],"is_endless":false,"potions_floor_spawned":[6,14,16,19,25,27,30,33,37,42,44,45,46,47,48],"killed_by":"Time Eater","ascension_level":6}}