{"host":"88gj1a6q1iuldet9","time":1609790418,"event":{"mods":["Act Like it!","BaseMod","Better Note","Better Third Choice","BetterRewards","Conspire","Decade(???)","Downfall","Energized Spire","Gensokyo","GungeonMod","Hubris","Jorbs\u0027s Wanderer Trilogy","Luminous","Magitek Elite","Melee Mod","Minty Spire (QoL Compilation)","Quick Restart","Reimu??????","Replay The Spire","Robot Space Explorer","Shop Mod","StSLib","The Dragon Tamer","The Hayseed","The Marked","The Mystic","The Necromancer","The Runesmith","The Sage","TheArtist","TheFirefly","Wandering Minibosses","Yakumo Yukari mod","Yuri Mod"],"gold_per_floor":[139,155,230,247,257,257,285,285,311,52,64,95,109,143,143,247,247,259,259,259,304,78,104,119,154,154,174,185,264,264,299,299,395,495,512,512,524,524,543,543,571,596,620,468,468,568,600,612,612,612,612,612,512,543,543],"floor_reached":56,"playtime":5386,"items_purged":["AT_purpleEX","Defend_purpleEX"],"score":1258,"play_id":"8c6355c1-cdc8-4b65-994e-782618e2b4e4","local_time":"20210104150018","is_ascension_mode":false,"campfire_choices":[{"data":"MonsterNeedle_purple","floor":6,"key":"SMITH"},{"data":"WorldDissolvedintheRealm_purple","floor":8,"key":"SMITH"},{"data":"expansioncontent:DashGenerateEvil","floor":15,"key":"SMITH"},{"data":"Theboundaryofcreation_purpleEX","floor":32,"key":"SMITH"},{"data":"Mirror_TwoAndThreeElementRealm_purple","floor":40,"key":"SMITH"},{"floor":45,"key":"DIG"},{"floor":49,"key":"RECALL"},{"data":"WatchEChange_purple","floor":52,"key":"SMITH"}],"circlet_count":0,"master_deck":["AT_purpleEX","AT_purpleEX","AT_purpleEX","Defend_purpleEX","Defend_purpleEX","Defend_purpleEX","Observe_purple_1","Observe_purple_2","OmniscientAndOmnipotent_Monster_purple","WorldDissolvedintheRealm_purple","WorldDissolvedintheRealm_purple+1","MonsterNeedle_purple+1","Fantasy_PerpetualMotionMachine_purple","expansioncontent:DashGenerateEvil+1","CommonSense_AntiCommonSense_purple","Bait_HighSpeedFlying_purple","Mirror_FourBoundary_purple","Line_surface_state_purple","WeekHit_purple","Theboundaryofcreation_purpleEX+1","mysticmod:Natural20+1","ContainerChange_purple","MonsterNeedle_purple","DimensionStaggered_purple","Shallow_ocean_purpleEX","WatchEChange_purple+1","yuri:RhapsodyCurse","WatchEChange_purple+1","Mirror_TwoAndThreeElementRealm_purple+1","Fancifulhole_purple","Worldmountain_purple","D_absorption_purple"],"relics":["Boundary_crack","Memoryfragments_purpleEX","NeowsBlessing","Kunai","Happy Flower","Eternal Feather","Mythril_Glove","sagemod:Falmels_Amulet","Gremlin Horn","DemoMod:ChaffGrenade","MealTicket","White Beast Statue","Mastiff:ReiMu","yuri:PortableGlitches","DemoMod:MeltedRock","DemoMod:WeirdEgg","Replay:Multitool","Replay:Grab Bag","Replay:Wanted Poster","Replay:Bronze Core","Golden_Hairpin","DemoMod:GlassGuonStoneRelic","DemoMod:MemoryAlloy","Oddly Smooth Stone","Replay:Baseball","RuthlessExorcism:ReiMu","Toy Ornithopter","hubris:TenFootPole"],"acts_visited":["Exordium","TheCity","TheBeyond","TheEnding"],"potions_floor_usage":[23,31,47,55,55,55],"damage_taken":[{"damage":0,"enemies":"Cultist","floor":1,"turns":1},{"damage":0,"enemies":"Jaw Worm","floor":2,"turns":1},{"damage":0,"enemies":"Small Slimes","floor":4,"turns":1},{"damage":2,"enemies":"2 Fungi Beasts","floor":5,"turns":3},{"damage":34,"enemies":"Lagavulin","floor":7,"turns":9},{"damage":0,"enemies":"Lots of Slimes","floor":11,"turns":1},{"damage":9,"enemies":"Gremlin Nob","floor":12,"turns":3},{"damage":0,"enemies":"Blue Slaver","floor":13,"turns":3},{"damage":7,"enemies":"Lagavulin","floor":14,"turns":5},{"damage":2,"enemies":"The Guardian","floor":16,"turns":7},{"damage":20,"enemies":"Shell Parasite","floor":18,"turns":3},{"damage":21,"enemies":"Book of Stabbing","floor":23,"turns":5},{"damage":0,"enemies":"3 Byrds","floor":24,"turns":2},{"damage":0,"enemies":"Gremlin Leader","floor":25,"turns":4},{"damage":0,"enemies":"Snecko","floor":27,"turns":5},{"damage":0,"enemies":"3 Cultists","floor":28,"turns":2},{"damage":0,"enemies":"Slavers","floor":31,"turns":3},{"damage":0,"enemies":"Automaton","floor":33,"turns":8},{"damage":0,"enemies":"3 Shapes","floor":35,"turns":1},{"damage":0,"enemies":"3 Darklings","floor":37,"turns":1},{"damage":10,"enemies":"Writhing Mass","floor":39,"turns":4},{"damage":12,"enemies":"R_Hoarder","floor":41,"turns":6},{"damage":0,"enemies":"Giant Head","floor":47,"turns":8},{"damage":0,"enemies":"4 Shapes","floor":48,"turns":2},{"damage":0,"enemies":"Replay:Hell Engine","floor":50,"turns":12},{"damage":0,"enemies":"Shield and Spear","floor":54,"turns":1},{"damage":5,"enemies":"The Heart","floor":55,"turns":6}],"seed_played":"-8526459259133146549","potions_obtained":[{"floor":1,"key":"Elixir"},{"floor":5,"key":"champ:CounterPotion"},{"floor":7,"key":"Explosive Potion"},{"floor":11,"key":"Reflective Coating"},{"floor":24,"key":"sneckomod:MuddlingPotion"},{"floor":25,"key":"GamblersBrew"},{"floor":27,"key":"PowerPotion"},{"floor":31,"key":"ColorlessPotion"},{"floor":37,"key":"Block Potion"},{"floor":47,"key":"Swift Potion"}],"is_trial":false,"path_per_floor":["M","M","?","M","M","R","E","R","T","$","M","E","M","E","R","B",null,"M","?","?","?","$","E","M","E","T","M","M","T","?","E","R","B",null,"M","?","M","?","M","R","E","T","T","$","R","?","E","M","R","B",null,"R","$","E","B",null],"character_chosen":"Youkari","items_purchased":["expansioncontent:DashGenerateEvil","CommonSense_AntiCommonSense_purple","MealTicket","Replay:Baseball"],"campfire_rested":0,"item_purchase_floors":[10,10,22,44],"current_hp_per_floor":[70,70,63,64,62,62,29,29,29,29,29,21,22,18,30,29,70,55,55,55,38,38,22,23,28,28,31,34,34,34,35,50,59,70,70,70,70,70,70,70,63,63,63,70,70,70,70,70,70,70,70,70,70,70,70],"gold":543,"neow_bonus":"THREE_ENEMY_KILL","is_daily":false,"chose_seed":false,"campfire_upgraded":6,"win_rate":0.0,"timestamp":1609790418,"path_taken":["M","M","?","?","M","R","E","R","T","$","M","E","M","E","R","BOSS","M","?","?","?","?","E","M","E","T","M","M","?","?","E","R","BOSS","M","?","M","?","M","R","E","?","T","$","R","?","E","M","R","BOSS","R","$","E","BOSS"],"items_purchased_type":["Card","Card","Relic","Relic"],"build_version":"2020-12-22","purchased_purges":2,"victory":true,"max_hp_per_floor":[70,70,70,70,70,70,70,70,70,70,70,70,70,70,70,70,70,70,70,70,70,70,70,70,70,70,70,70,70,70,70,70,70,70,70,70,70,70,70,70,70,70,70,70,70,70,70,70,70,70,70,70,70,70,70],"card_choices":[{"not_picked":["ExistenceContinue_purple","Extrememeaning_purpleEX"],"picked":"OmniscientAndOmnipotent_Monster_purple","floor":1},{"not_picked":["Worldmountain_purple","Charmbait_purple"],"picked":"WorldDissolvedintheRealm_purple","floor":2},{"not_picked":["Boundary_DreamRealityDamnation_purple","SharpContractionReality_purple"],"picked":"WorldDissolvedintheRealm_purple","floor":4},{"not_picked":["D_absorption_purple","Realm_recovery_purpleEX"],"picked":"MonsterNeedle_purple","floor":5},{"not_picked":["MonsterNeedle_purple","WatchEChange_purple"],"picked":"Fantasy_PerpetualMotionMachine_purple","floor":7},{"not_picked":["OmniscientAndOmnipotent_Monster_purple","CommonSense_AntiCommonSense_purple"],"picked":"Bait_HighSpeedFlying_purple","floor":11},{"not_picked":["LoveAcrossDimensions_purple","Charmbait_purple"],"picked":"Mirror_FourBoundary_purple","floor":12},{"not_picked":["Charmbait_purple","StateErode_purple"],"picked":"Line_surface_state_purple","floor":13},{"not_picked":["Bait_HighSpeedFlying_purple","PositiveMatter_Antimatter_Universe_purple"],"picked":"WeekHit_purple","floor":14},{"not_picked":["Mirror_TwoAndThreeElementRealm_purple","Price_of_realm_purpleEX"],"picked":"Theboundaryofcreation_purpleEX","floor":16},{"not_picked":["StateErode_purple","ExistenceContinue_purple","OmniscientAndOmnipotent_Monster_purple"],"picked":"SKIP","floor":18},{"not_picked":["Charmbait_purple","Umbrella_purple+1"],"picked":"ContainerChange_purple","floor":23},{"not_picked":["StateDuplicate_purple","Line_surface_state_purple"],"picked":"MonsterNeedle_purple","floor":24},{"not_picked":["Mirror_WaveAndshot_purple","GluttonyofRealm_purpleEX"],"picked":"DimensionStaggered_purple","floor":25},{"not_picked":["SfantasyHide_purple","DarkRealmRedLine_purple"],"picked":"Shallow_ocean_purpleEX","floor":27},{"not_picked":["Umbrella_purple","StateDuplicate_purple"],"picked":"WatchEChange_purple+1","floor":28},{"not_picked":["WangLiang_OokamiKakushi_purple","Shallow_ocean_purpleEX","AdvanceAttack_purple+1"],"picked":"SKIP","floor":31},{"not_picked":["D_absorption_purple","Computing_the_future_purpleEX"],"picked":"Fancifulhole_purple","floor":33},{"not_picked":["Yakumo_Ran_purple","RuleDissolution_purple","AdvanceAttack_purple+1"],"picked":"SKIP","floor":35},{"not_picked":["PurpleNeedle_purple","Yakumo_Ran_purple+1","Mirror_FormAndEmptin_purple"],"picked":"SKIP","floor":37},{"not_picked":["CommonSense_AntiCommonSense_purple","Line_surface_state_purple","PositiveMatter_Antimatter_Universe_purple"],"picked":"SKIP","floor":39},{"not_picked":["PurpleNeedle_purple","Mirror_FormAndEmptin_purple","Fantasy_PerpetualMotionMachine_purple+1"],"picked":"SKIP","floor":41},{"not_picked":["MeetDecomposer_purple","AdvanceAttack_purple","Charmbait_purple+1"],"picked":"SKIP","floor":47},{"not_picked":["Mirror_WaveAndshot_purple+1","SfantasyHide_purple","MeetDecomposer_purple"],"picked":"SKIP","floor":48},{"not_picked":["Fantasy_PerpetualMotionMachine_purple","Mirror_TwoAndThreeElementRealm_purple","SfantasyHide_purple"],"picked":"SKIP","floor":54}],"player_experience":1054687,"relics_obtained":[{"floor":7,"key":"Kunai"},{"floor":9,"key":"Happy Flower"},{"floor":12,"key":"Eternal Feather"},{"floor":14,"key":"Mythril_Glove"},{"floor":21,"key":"DemoMod:ChaffGrenade"},{"floor":23,"key":"White Beast Statue"},{"floor":25,"key":"Mastiff:ReiMu"},{"floor":26,"key":"yuri:PortableGlitches"},{"floor":29,"key":"DemoMod:MeltedRock"},{"floor":31,"key":"Replay:Multitool"},{"floor":41,"key":"DemoMod:MemoryAlloy"},{"floor":43,"key":"Oddly Smooth Stone"},{"floor":45,"key":"RuthlessExorcism:ReiMu"},{"floor":47,"key":"Toy Ornithopter"},{"floor":54,"key":"hubris:TenFootPole"}],"event_choices":[{"damage_healed":0,"gold_gain":75,"player_choice":"Touch","damage_taken":7,"max_hp_gain":0,"max_hp_loss":0,"event_name":"FaceTrader","floor":3,"gold_loss":0},{"damage_healed":0,"gold_gain":0,"player_choice":"Gave Potion","damage_taken":0,"relics_obtained":["Gremlin Horn"],"max_hp_gain":0,"max_hp_loss":0,"event_name":"WeMeetAgain","floor":19,"gold_loss":0},{"cards_removed":["expansioncontent:DashGenerateEvil"],"damage_healed":0,"gold_gain":0,"player_choice":"Take \u0026 Give","damage_taken":0,"max_hp_gain":0,"max_hp_loss":0,"event_name":"betterNote:BetterNote","floor":20,"gold_loss":0,"cards_obtained":["mysticmod:Natural20"]},{"damage_healed":0,"gold_gain":0,"player_choice":"Leave","damage_taken":0,"max_hp_gain":0,"max_hp_loss":0,"event_name":"conspire:Investor","floor":36,"gold_loss":0},{"damage_healed":0,"gold_gain":100,"player_choice":"Pray","damage_taken":0,"max_hp_gain":0,"max_hp_loss":0,"event_name":"Golden Shrine","floor":46,"gold_loss":0}],"is_beta":false,"boss_relics":[{"not_picked":["Replay:Ancient Bell","conspire:SeveredTorchhead"],"picked":"sagemod:Falmels_Amulet"},{"not_picked":["Painkiller Herb","ChewingGum"],"picked":"Replay:Grab Bag"},{"not_picked":["hubris:GrandSneckoEye","ReplayTheSpireMod:Onyx Gauntlets"],"picked":"Replay:Wanted Poster"},{"not_picked":["ReplayTheSpireMod:DimensionalGlitch","hubris:VirtuousBlindfold"],"picked":"Replay:Bronze Core"},{"not_picked":["Seventeenyearold_girl_Forever","Snecko Eye"],"picked":"Golden_Hairpin"}],"items_purged_floors":[22,53],"is_endless":false,"potions_floor_spawned":[1,5,7,11,16,18,24,25,27,28,31,33,35,37,39,41,47,48,54],"ascension_level":0}}