{"host":"os9owiyb0rak6c8n","time":1609794414,"event":{"mods":["AchievementEnabler","Astrologer","BaseMod","Beaked The Cultist","Better Third Choice","Block Reminder","Colored Map","Colored Powertips","Dio Mod","Minty Spire (QoL Compilation)","Robot Space Explorer","Spicy Shops","StSLib","The Death Knight","The Necromancer"],"gold_per_floor":[110,122,122,122,137,137,67,111,111,144,144,0,15,30,30,159,159,148,148,148,168,188,219,219,263,263,263,7,7,23,69,69,189,189,203,221,221,221,244,244,284,284,284,284,348,209,16,79,79,79],"floor_reached":51,"playtime":2170,"items_purged":["Strike_G","Writhe","Regret"],"score":1176,"play_id":"a5fcc69c-0edd-41ad-9a11-160fc32fe227","local_time":"20210104220654","is_ascension_mode":true,"campfire_choices":[{"data":"Noxious Fumes","floor":6,"key":"SMITH"},{"floor":11,"key":"REST"},{"data":"Blur","floor":15,"key":"SMITH"},{"floor":24,"key":"REST"},{"floor":27,"key":"REST"},{"floor":29,"key":"REST"},{"data":"Catalyst","floor":32,"key":"SMITH"},{"floor":40,"key":"REST"},{"floor":42,"key":"REST"},{"data":"Survivor","floor":44,"key":"SMITH"},{"data":"Defend_G","floor":49,"key":"SMITH"}],"circlet_count":0,"master_deck":["AscendersBane","Strike_G","Strike_G","Strike_G","Defend_G","Defend_G","Defend_G+1","Defend_G","Defend_G","Survivor+1","Neutralize+1","Poisoned Stab","Deadly Poison+1","Backstab","Noxious Fumes+1","Blur+1","Terror","Well Laid Plans+1","Adrenaline+1","Dodge and Roll+1","Catalyst+1","Unload","Footwork+1","Caltrops+1","Expertise+1","Footwork+1","Doubt","Crippling Poison+1","Wraith Form v2+1","Backflip+1","Prepared+1","Acrobatics+1","Discovery+1","Prepared+1","Noxious Fumes+1"],"relics":["Ring of the Snake","NeowsBlessing","Golden Idol","StrikeDummy","Frozen Egg 2","Bird Faced Urn","Cursed Key","Calipers","Toxic Egg 2","The Courier","StoneCalendar","Omamori","Black Star","Potion Belt","HornCleat","Eternal Feather","Pocketwatch","Sling","Prayer Wheel"],"acts_visited":["Exordium","TheCity","TheBeyond"],"potions_floor_usage":[10,10,21,22,23,23,30,41,45],"damage_taken":[{"damage":0,"enemies":"Cultist","floor":1,"turns":1},{"damage":0,"enemies":"Small Slimes","floor":2,"turns":1},{"damage":0,"enemies":"Jaw Worm","floor":5,"turns":1},{"damage":16,"enemies":"Lagavulin","floor":8,"turns":6},{"damage":14,"enemies":"Gremlin Nob","floor":10,"turns":4},{"damage":22,"enemies":"Gremlin Gang","floor":13,"turns":5},{"damage":1,"enemies":"Red Slaver","floor":14,"turns":5},{"damage":4,"enemies":"The Guardian","floor":16,"turns":10},{"damage":12,"enemies":"2 Thieves","floor":18,"turns":4},{"damage":4,"enemies":"Spheric Guardian","floor":21,"turns":5},{"damage":24,"enemies":"Centurion and Healer","floor":22,"turns":6},{"damage":22,"enemies":"Slavers","floor":23,"turns":6},{"damage":41,"enemies":"Book of Stabbing","floor":25,"turns":6},{"damage":0,"enemies":"3 Cultists","floor":30,"turns":7},{"damage":25,"enemies":"Champ","floor":33,"turns":12},{"damage":14,"enemies":"Orb Walker","floor":35,"turns":4},{"damage":23,"enemies":"3 Darklings","floor":36,"turns":7},{"damage":6,"enemies":"Maw","floor":39,"turns":7},{"damage":32,"enemies":"Reptomancer","floor":41,"turns":8},{"damage":36,"enemies":"2 Orb Walkers","floor":45,"turns":7},{"damage":0,"enemies":"Mind Bloom Boss Battle","floor":48,"turns":8},{"damage":32,"enemies":"Jotaro","floor":50,"turns":8}],"seed_played":"-1091134150380198754","potions_obtained":[{"floor":1,"key":"Strength Potion"},{"floor":2,"key":"FearPotion"},{"floor":10,"key":"FearPotion"},{"floor":16,"key":"Fruit Juice"},{"floor":21,"key":"AttackPotion"},{"floor":22,"key":"SkillPotion"},{"floor":25,"key":"Fire Potion"},{"floor":36,"key":"GhostInAJar"},{"floor":41,"key":"BlessingOfTheForge"}],"is_trial":false,"path_per_floor":["M","M","?","?","M","R","$","E","T","E","R","$","M","M","R","B",null,"M","?","?","M","M","E","R","E","T","R","$","R","M","T","R","B",null,"M","M","?","?","M","R","E","R","T","R","?","$","$","?","R","B",null],"character_chosen":"THE_SILENT","items_purchased":["Blur","Well Laid Plans+1","Footwork+1","StoneCalendar","Acrobatics+1","Discovery+1","Sling","Prepared+1"],"campfire_rested":6,"item_purchase_floors":[7,12,28,28,46,47,47,47],"current_hp_per_floor":[63,63,46,46,46,46,46,30,30,16,37,37,17,20,20,20,58,48,48,48,53,33,17,39,6,6,28,28,50,60,60,60,45,68,60,47,25,25,29,51,31,53,53,71,47,47,47,57,75,49],"gold":79,"neow_bonus":"THREE_ENEMY_KILL","is_daily":false,"chose_seed":false,"campfire_upgraded":5,"win_rate":0.0,"timestamp":1609794414,"path_taken":["M","?","?","?","?","R","$","E","T","E","R","$","M","M","R","BOSS","M","?","?","M","?","E","R","E","T","R","?","R","M","?","R","BOSS","M","M","?","?","?","R","E","R","T","R","?","?","$","?","R","BOSS"],"items_purchased_type":["Card","Card","Card","Relic","Card","Card","Relic","Card"],"build_version":"2020-12-22","purchased_purges":3,"victory":true,"max_hp_per_floor":[70,70,70,70,70,70,70,70,70,70,70,70,70,70,70,70,70,70,70,70,75,75,75,75,75,75,75,75,75,75,75,75,75,75,75,75,75,75,75,75,75,75,75,75,75,75,75,75,75,75],"card_choices":[{"not_picked":["Skewer","Predator"],"picked":"Poisoned Stab","floor":1},{"not_picked":["Outmaneuver","Flying Knee"],"picked":"Deadly Poison","floor":2},{"not_picked":["Backstab","Outmaneuver"],"picked":"Noxious Fumes","floor":5},{"not_picked":["Dagger Throw","Prepared","Predator"],"picked":"SKIP","floor":8},{"not_picked":["Bane","Grand Finale"],"picked":"Terror","floor":10},{"not_picked":["Acrobatics","Expertise","Terror"],"picked":"SKIP","floor":13},{"not_picked":["Terror","Underhanded Strike","Cloak And Dagger"],"picked":"SKIP","floor":14},{"not_picked":["Venomology","Bullet Time"],"picked":"Adrenaline","floor":16},{"not_picked":["Predator","Quick Slash"],"picked":"Dodge and Roll","floor":18},{"not_picked":["Bane","Sucker Punch","Well Laid Plans+1"],"picked":"SKIP","floor":21},{"not_picked":["Sucker Punch","Flechettes"],"picked":"Footwork+1","floor":22},{"not_picked":["Prepared","Distraction"],"picked":"Caltrops+1","floor":23},{"not_picked":["Sucker Punch","Setup+1"],"picked":"Expertise+1","floor":25},{"not_picked":["Deadly Poison+1","Outmaneuver+1"],"picked":"Crippling Poison+1","floor":30},{"not_picked":["Malaise+1","A Thousand Cuts+1"],"picked":"Wraith Form v2+1","floor":33},{"not_picked":["Endless Agony+1","Deadly Poison+1","Dagger Spray+1"],"picked":"SKIP","floor":35},{"not_picked":["Outmaneuver+1","Prepared+1","Slice"],"picked":"SKIP","floor":36},{"not_picked":["Dagger Throw","Flying Knee"],"picked":"Backflip+1","floor":39},{"not_picked":["Blade Dance+1","Deflect+1","Flying Knee+1"],"picked":"SKIP","floor":41},{"not_picked":["Storm of Steel+1","Dagger Spray"],"picked":"Prepared+1","floor":45},{"not_picked":["Acrobatics+1","Blade Dance+1"],"picked":"Noxious Fumes+1","floor":48}],"player_experience":588087,"relics_obtained":[{"floor":8,"key":"StrikeDummy"},{"floor":9,"key":"Frozen Egg 2"},{"floor":10,"key":"Bird Faced Urn"},{"floor":23,"key":"Calipers"},{"floor":25,"key":"Toxic Egg 2"},{"floor":26,"key":"The Courier"},{"floor":31,"key":"Omamori"},{"floor":41,"key":"Potion Belt"},{"floor":41,"key":"HornCleat"},{"floor":43,"key":"Eternal Feather"},{"floor":45,"key":"Pocketwatch"},{"floor":48,"key":"Prayer Wheel"}],"event_choices":[{"damage_healed":0,"gold_gain":0,"player_choice":"Take Damage","damage_taken":17,"relics_obtained":["Golden Idol"],"max_hp_gain":0,"max_hp_loss":0,"event_name":"Golden Idol","floor":3,"gold_loss":0},{"damage_healed":0,"gold_gain":0,"player_choice":"1 cards matched","damage_taken":0,"max_hp_gain":0,"max_hp_loss":0,"event_name":"Match and Keep!","floor":4,"gold_loss":0,"cards_obtained":["Backstab"]},{"damage_healed":0,"gold_gain":0,"player_choice":"Read","damage_taken":0,"max_hp_gain":0,"max_hp_loss":0,"event_name":"The Library","floor":19,"gold_loss":0,"cards_obtained":["Catalyst"]},{"damage_healed":0,"gold_gain":0,"cards_transformed":["Strike_G"],"player_choice":"Transformed","damage_taken":0,"max_hp_gain":0,"max_hp_loss":0,"event_name":"Transmorgrifier","floor":20,"gold_loss":0,"cards_obtained":["Unload"]},{"damage_healed":0,"gold_gain":0,"player_choice":"Upgraded","damage_taken":0,"max_hp_gain":0,"max_hp_loss":0,"event_name":"Upgrade Shrine","floor":38,"gold_loss":0,"cards_upgraded":["Deadly Poison"]},{"damage_healed":0,"gold_gain":0,"player_choice":"Fight","damage_taken":0,"max_hp_gain":0,"max_hp_loss":0,"event_name":"Mysterious Sphere","floor":45,"gold_loss":0},{"damage_healed":0,"gold_gain":0,"player_choice":"Fight","damage_taken":0,"max_hp_gain":0,"max_hp_loss":0,"event_name":"MindBloom","floor":48,"gold_loss":0}],"is_beta":false,"boss_relics":[{"not_picked":["Runic Dome","WristBlade"],"picked":"Cursed Key"},{"not_picked":["Coffee Dripper","Velvet Choker"],"picked":"Black Star"}],"items_purged_floors":[12,28,46],"is_endless":false,"potions_floor_spawned":[1,2,10,16,21,22,25,36,41],"ascension_level":11}}