{"host":"6jrnojxwearbrjzo","time":1609800143,"event":{"mods":["Ascension Reborn","BaseMod","Colored Map","Minty Spire (QoL Compilation)","Shop Mod","Spicy Shops","StSLib","TestMod","The Servant 0.9.4"],"gold_per_floor":[12,23,41,60,3,33,33,0,73,73,73,73,73,88,88,219,219,239,239,239,252,527,527,551,582,582,626,54,54,54,75,75,205,205,221,221,0,0,24,24,24,66,66,66,88,134,134,134,134,136],"floor_reached":51,"playtime":1506,"items_purged":["Regret","Shame"],"score":994,"play_id":"71810c45-6b4d-4783-9c64-a16aa1ea6d14","local_time":"20210105064223","is_ascension_mode":true,"campfire_choices":[{"data":"Replace","floor":7,"key":"SMITH"},{"data":"Potential","floor":13,"key":"SMITH"},{"floor":15,"key":"REST"},{"data":"Exchange","floor":23,"key":"SMITH"},{"data":"LightFlow","floor":30,"key":"SMITH"},{"data":"Potential","floor":32,"key":"SMITH"},{"data":"DoubleEdge","floor":40,"key":"SMITH"},{"data":"TimeWarp","floor":47,"key":"SMITH"},{"data":"Revamp","floor":49,"key":"SMITH"}],"circlet_count":0,"master_deck":["Strike_S+1","Strike_S+1","Strike_S+1","Strike_S+1","Defend_S+1","Defend_S+1","KidneyShot","Exchange+1","Potential+1","Revamp+1","ShatteredReality+1","TimeWarp+1","Injury","Replace+1","DoubleEdge+1","LightFlow+1","Potential+1","InstantArmor","SpecialFormula","Replace+1","SpecialFormula+1"],"relics":["Uniform","testmod-TestBox","testmod-Nyarlathotep","testmod-Faith","testmod-Justice","PocketWatch","Juzu Bracelet","Darkstone Periapt","testmod-LifeArmor","Golden Idol","MysterySword","Pantograph","Red Mask","Anchor","Thread and Needle","Unceasing Top","testmod-DeterminationOfClimber","Juzu Bracelet","Pear","Toxic Egg 2","Molten Egg 2"],"acts_visited":["Exordium","TheCity","TheBeyond"],"potions_floor_usage":[6,16,45,45,45,50],"damage_taken":[{"damage":0,"enemies":"Cultist","floor":1,"turns":3},{"damage":8,"enemies":"Jaw Worm","floor":2,"turns":2},{"damage":12,"enemies":"Small Slimes","floor":3,"turns":3},{"damage":8,"enemies":"Exordium Wildlife","floor":4,"turns":3},{"damage":12,"enemies":"Gremlin Nob","floor":6,"turns":3},{"damage":0,"enemies":"Large Slime","floor":14,"turns":1},{"damage":0,"enemies":"Hexaghost","floor":16,"turns":2},{"damage":0,"enemies":"3 Byrds","floor":18,"turns":1},{"damage":0,"enemies":"Spheric Guardian","floor":21,"turns":1},{"damage":0,"enemies":"Snecko","floor":24,"turns":1},{"damage":0,"enemies":"Masked Bandits","floor":25,"turns":1},{"damage":0,"enemies":"Gremlin Leader","floor":27,"turns":1},{"damage":0,"enemies":"Snake Plant","floor":31,"turns":1},{"damage":0,"enemies":"Champ","floor":33,"turns":1},{"damage":0,"enemies":"3 Darklings","floor":35,"turns":1},{"damage":0,"enemies":"Orb Walker","floor":39,"turns":1},{"damage":0,"enemies":"Reptomancer","floor":42,"turns":1},{"damage":0,"enemies":"Spire Growth","floor":45,"turns":1},{"damage":0,"enemies":"Nemesis","floor":46,"turns":1},{"damage":3,"enemies":"Time Eater","floor":50,"turns":2}],"seed_played":"8674880231227949533","potions_obtained":[{"floor":2,"key":"Energy Potion"},{"floor":3,"key":"Strength Potion"},{"floor":4,"key":"SmokeBomb"},{"floor":6,"key":"Ancient Potion"},{"floor":21,"key":"SteroidPotion"},{"floor":25,"key":"Block Potion"},{"floor":27,"key":"SkillPotion"},{"floor":33,"key":"SkillPotion"},{"floor":39,"key":"LiquidBronze"},{"floor":42,"key":"Explosive Potion"},{"floor":45,"key":"Dexterity Potion"}],"is_trial":false,"path_per_floor":["M","M","M","M","$","E","R","$","T","?","?","?","R","M","R","B",null,"M","?","?","M","?","R","M","?","T","E","$","?","R","M","R","B",null,"M","?","$","?","M","R","?","E","T","?","M","E","R","?","R","B",null],"character_chosen":"THE_SERVANT","items_purchased":["testmod-Faith","testmod-Justice","Juzu Bracelet","Unceasing Top","SpecialFormula","Potion Belt"],"campfire_rested":1,"item_purchase_floors":[5,5,8,28,28,37],"current_hp_per_floor":[65,57,45,37,37,25,25,5,5,5,5,11,11,11,32,32,71,71,77,77,77,83,83,83,83,83,83,83,83,83,83,83,83,83,83,83,63,63,68,68,68,93,93,93,93,93,93,88,88,85],"gold":136,"neow_bonus":"REMOVE_TWO","is_daily":false,"chose_seed":false,"campfire_upgraded":8,"win_rate":0.0,"timestamp":1609800143,"path_taken":["M","?","M","?","?","E","R","$","T","?","?","?","R","M","R","BOSS","M","?","?","M","?","R","M","?","T","E","$","?","R","M","R","BOSS","M","?","$","?","M","R","?","E","T","?","M","E","R","?","R","BOSS"],"items_purchased_type":["Relic","Relic","Relic","Relic","Card","Relic"],"build_version":"2020-12-22","purchased_purges":2,"victory":true,"max_hp_per_floor":[65,65,65,65,65,65,65,65,65,65,65,71,71,71,71,71,71,71,77,77,77,83,83,83,83,83,83,83,83,83,83,83,83,83,83,83,83,83,83,83,83,93,93,93,93,93,93,88,88,88],"card_choices":[{"not_picked":["Advance","InstantArmor"],"picked":"Potential","floor":1},{"not_picked":["Starlight","BestPractice"],"picked":"Revamp","floor":2},{"not_picked":["TimeWarp","Potential"],"picked":"ShatteredReality","floor":3},{"not_picked":["ShatteredReality","Gouge"],"picked":"TimeWarp","floor":4},{"not_picked":["Moondial","FastForward"],"picked":"Replace","floor":6},{"not_picked":["Embodiment","TimeWarp"],"picked":"DoubleEdge","floor":14},{"not_picked":["Initiator","ForgedInTime"],"picked":"LightFlow","floor":16},{"not_picked":["Revamp","Rearm","Starlight+1"],"picked":"SKIP","floor":18},{"not_picked":["Ricochet","Contraction","Defy+1"],"picked":"SKIP","floor":21},{"not_picked":["Misdirection","FastForward+1"],"picked":"Potential","floor":24},{"not_picked":["FanOfKnives","Moondial"],"picked":"InstantArmor","floor":25},{"not_picked":["Revamp+1","Rearm","SurpressingFire"],"picked":"SKIP","floor":27},{"not_picked":["DualDimension","Starlight"],"picked":"Replace+1","floor":31},{"not_picked":["Starlight+1","Replace+1","FastForward"],"picked":"SKIP","floor":35},{"not_picked":["Unruled","Shuttle+1"],"picked":"SpecialFormula+1","floor":39},{"not_picked":["Moondial","Collapse","Embodiment"],"picked":"SKIP","floor":42},{"not_picked":["ShatteredReality","Collapse+1","Foresight"],"picked":"SKIP","floor":45},{"not_picked":["Defy+1","Embodiment","Potential+1"],"picked":"SKIP","floor":46}],"player_experience":10181,"relics_obtained":[{"floor":6,"key":"PocketWatch"},{"floor":9,"key":"Darkstone Periapt"},{"floor":25,"key":"Red Mask"},{"floor":26,"key":"Anchor"},{"floor":27,"key":"Thread and Needle"},{"floor":42,"key":"Pear"},{"floor":43,"key":"Toxic Egg 2"},{"floor":46,"key":"Molten Egg 2"}],"event_choices":[{"damage_healed":0,"gold_gain":0,"player_choice":"Gave Potion","damage_taken":0,"relics_obtained":["testmod-LifeArmor"],"max_hp_gain":0,"max_hp_loss":0,"event_name":"WeMeetAgain","floor":10,"gold_loss":0},{"damage_healed":0,"gold_gain":0,"player_choice":"Ignored","damage_taken":0,"max_hp_gain":0,"max_hp_loss":0,"event_name":"Golden Wing","floor":11,"gold_loss":0},{"damage_healed":0,"gold_gain":0,"player_choice":"Take Wound","damage_taken":0,"relics_obtained":["Golden Idol"],"max_hp_gain":0,"max_hp_loss":0,"event_name":"Golden Idol","floor":12,"gold_loss":0,"cards_obtained":["Injury"]},{"damage_healed":0,"gold_gain":0,"player_choice":"Stole Relic","damage_taken":0,"relics_obtained":["Pantograph"],"max_hp_gain":0,"max_hp_loss":0,"event_name":"Addict","floor":19,"gold_loss":0,"cards_obtained":["Shame"]},{"damage_healed":0,"gold_gain":0,"player_choice":"Simplicity","damage_taken":0,"max_hp_gain":0,"max_hp_loss":0,"event_name":"Back to Basics","floor":20,"gold_loss":0,"cards_upgraded":["Strike_S","Strike_S","Strike_S","Strike_S","Defend_S","Defend_S"]},{"damage_healed":0,"gold_gain":275,"player_choice":"Desecrate","damage_taken":0,"max_hp_gain":0,"max_hp_loss":0,"event_name":"Golden Shrine","floor":22,"gold_loss":0,"cards_obtained":["Regret"]},{"damage_healed":0,"gold_gain":0,"player_choice":"Fought Bandits","damage_taken":0,"max_hp_gain":0,"max_hp_loss":0,"event_name":"Masked Bandits","floor":25,"gold_loss":0},{"damage_healed":0,"gold_gain":0,"player_choice":"Ignored","damage_taken":0,"max_hp_gain":0,"max_hp_loss":0,"event_name":"Vampires","floor":29,"gold_loss":0},{"damage_healed":0,"gold_gain":0,"player_choice":"Memory 1","damage_taken":0,"max_hp_gain":0,"max_hp_loss":0,"event_name":"SensoryStone","floor":36,"gold_loss":0},{"damage_healed":0,"gold_gain":0,"player_choice":"Swap Relic","damage_taken":0,"relics_obtained":["Juzu Bracelet"],"max_hp_gain":0,"max_hp_loss":0,"event_name":"给自己的盒子","floor":38,"relics_lost":["Potion Belt"],"gold_loss":0},{"cards_removed":["Injury"],"damage_healed":0,"gold_gain":0,"player_choice":"Card Removal","damage_taken":0,"max_hp_gain":0,"max_hp_loss":0,"event_name":"Wheel of Change","floor":41,"gold_loss":0},{"damage_healed":0,"gold_gain":0,"player_choice":"Upgraded","damage_taken":0,"max_hp_gain":0,"max_hp_loss":0,"event_name":"Upgrade Shrine","floor":44,"gold_loss":0,"cards_upgraded":["ShatteredReality"]},{"damage_healed":0,"gold_gain":0,"player_choice":"Max HP","damage_taken":0,"max_hp_gain":0,"max_hp_loss":5,"event_name":"Winding Halls","floor":48,"gold_loss":0}],"is_beta":false,"boss_relics":[{"not_picked":["testmod-EnergyCheck","Ectoplasm"],"picked":"MysterySword"},{"not_picked":["Tiny House","Cursed Key"],"picked":"testmod-DeterminationOfClimber"}],"items_purged_floors":[28,28],"is_endless":false,"potions_floor_spawned":[2,3,4,6,21,25,27,33,39,42,45],"ascension_level":0}}