{"host":"cr892wvdvh6p7gzy","time":1609798345,"event":{"mods":["A Magickal Journey","BaseMod","BetterRewards","Downfall","GifTheSpireLib","Hubris","Infinite Spire","Minty Spire (QoL Compilation)","READ ME - Guardian Mod","Replay The Spire","SOS???????","StSLib","The Bug Knight","The Dragon Tamer","The Necromancer","???Mod??????Boss"],"gold_per_floor":[116,116,116,129,129,129,129,129,129,129,129,129,146,257,215,80,80,182,182,202,202,222,238,256,256,256,256],"floor_reached":26,"playtime":1298,"items_purged":[],"score":225,"play_id":"e1c48342-5cb2-4bea-9e8e-93511f8b7d25","local_time":"20210104231225","is_ascension_mode":true,"campfire_choices":[{"data":"Survivor","floor":6,"key":"SMITH"},{"data":"Neutralize","floor":8,"key":"SMITH"},{"data":"Infinite Blades","floor":17,"key":"SMITH"},{"floor":25,"key":"REST"}],"circlet_count":0,"master_deck":["Strike_G","Strike_G","Strike_G","Strike_G","Strike_G","Defend_G","Defend_G","Defend_G","Defend_G","Defend_G","Survivor+1","Neutralize+1","Cloak And Dagger","Infinite Blades+1","Cloak And Dagger","Die Die Die","Dagger Throw+1"],"relics":["hubris:Icosahedron","infinitespire:CheckeredPen","Sizzling Blood","hubris:HollowSoul"],"acts_visited":["Exordium","TheCity"],"potions_floor_usage":[18,22,22],"damage_taken":[{"damage":1,"enemies":"Jaw Worm","floor":1,"turns":4},{"damage":0,"enemies":"2 Louse","floor":4,"turns":2},{"damage":3,"enemies":"Small Slimes","floor":13,"turns":4},{"damage":1,"enemies":"Looter","floor":14,"turns":4},{"damage":28,"enemies":"Hexaghost","floor":18,"turns":9},{"damage":30,"enemies":"Spheric Guardian","floor":20,"turns":6},{"damage":9,"enemies":"3 Byrds","floor":22,"turns":5},{"damage":24,"enemies":"Sentry and Sphere","floor":23,"turns":4},{"damage":40,"enemies":"Snecko","floor":24,"turns":6},{"damage":3,"enemies":"Book of Stabbing","floor":26,"turns":3}],"seed_played":"-612603282176768493","potions_obtained":[{"floor":1,"key":"ColorlessPotion"},{"floor":4,"key":"CultistPotion"},{"floor":20,"key":"SkillPotion"},{"floor":24,"key":"Elixir"}],"is_trial":false,"path_per_floor":["M","?","$","M","$","R","?","R","T","?","PTL","PTL","M","M","?","$","R","B",null,"M","?","M","M","M","R","E"],"character_chosen":"THE_SILENT","items_purchased":["Infinite Blades","Cloak And Dagger"],"campfire_rested":1,"item_purchase_floors":[16,16],"current_hp_per_floor":[76,76,76,76,76,76,76,76,76,80,80,80,81,81,81,81,81,81,81,55,55,50,30,45,69,66,66],"gold":256,"neow_bonus":"TEN_PERCENT_HP_BONUS","is_daily":false,"chose_seed":false,"campfire_upgraded":3,"win_rate":0.0,"timestamp":1609798345,"path_taken":["M","?","$","M","$","R","?","R","T","?","PTL","PTL","M","M","?","?","R","BOSS","M","?","M","M","M","R","E"],"items_purchased_type":["Card","Card"],"build_version":"2020-12-22","purchased_purges":0,"victory":false,"max_hp_per_floor":[77,77,77,77,77,77,77,77,77,81,81,81,81,81,81,81,81,81,81,81,81,81,81,81,81,81,81],"card_choices":[{"not_picked":["Calculated Gamble","Crippling Poison","Expertise"],"picked":"SKIP","floor":1},{"not_picked":["Escape Plan","Underhanded Strike","Eviscerate"],"picked":"SKIP","floor":4},{"not_picked":["Backstab","Backflip"],"picked":"Cloak And Dagger","floor":13},{"not_picked":["Acrobatics","hubris:SlightOfHand","Sneak Up"],"picked":"SKIP","floor":14},{"not_picked":["Replay:Bag of Tricks","Tools of the Trade"],"picked":"Die Die Die","floor":18},{"not_picked":["Endless Agony+1","Dodge and Roll","Acrobatics"],"picked":"SKIP","floor":20},{"not_picked":["Sucker Punch","Bane"],"picked":"Dagger Throw+1","floor":22},{"not_picked":["Poisoned Stab","Acrobatics","Dagger Throw"],"picked":"SKIP","floor":23},{"not_picked":["Quick Slash","Underhanded Strike","Dodge and Roll+1"],"picked":"SKIP","floor":24}],"player_experience":446514,"relics_obtained":[{"floor":9,"key":"infinitespire:CheckeredPen"}],"event_choices":[{"damage_healed":0,"gold_gain":0,"player_choice":"Ignored","damage_taken":0,"max_hp_gain":0,"max_hp_loss":0,"event_name":"Shining Light","floor":2,"gold_loss":0},{"damage_healed":0,"gold_gain":0,"player_choice":"Left Gold","damage_taken":0,"max_hp_gain":0,"max_hp_loss":0,"event_name":"World of Goop","floor":15,"gold_loss":42}],"is_beta":false,"boss_relics":[{"not_picked":["Kintsugi","Replay:Wanted Poster"],"picked":"hubris:HollowSoul"}],"items_purged_floors":[],"is_endless":false,"potions_floor_spawned":[1,4,20,24],"killed_by":"Book of Stabbing","ascension_level":3}}