{"host":"0mk07bycsqo1qk03","time":1609795893,"event":{"mods":["BaseMod","Bestiary","Downfall","Hermit","Hubris","Minty Spire (QoL Compilation)","Replay The Spire","StSLib","The Cursed","The Servant 0.9.4"],"gold_per_floor":[135,200,125,138,313,313,343,392,392,392,445,457,491,521,521,641,641,672,672,672,682,682,682,267,277,304,331,348,62,87,100,100,199,199,209,225,235,249,114,114,114,114],"floor_reached":41,"playtime":2012,"items_purged":["hubris:Wrath"],"score":815,"play_id":"07c27cbc-bf26-4b34-a76d-95e7cfde495d","local_time":"20210104223133","is_ascension_mode":true,"campfire_choices":[{"data":"hermit:Snapshot","floor":6,"key":"SMITH"},{"data":"hermit:Grudge","floor":10,"key":"SMITH"},{"data":"hermit:Maintenance","floor":15,"key":"SMITH"},{"data":"hermit:FinalCanter","floor":23,"key":"SMITH"},{"data":"hermit:FatalDesire","floor":32,"key":"SMITH"},{"data":"hubris:EnhanceAbility","floor":40,"key":"SMITH"}],"circlet_count":0,"master_deck":["hermit:Strike_Hermit","hermit:Strike_Hermit","hermit:Strike_Hermit","hermit:Strike_Hermit","hermit:Defend_Hermit","hermit:Defend_Hermit","hermit:Defend_Hermit","hermit:Defend_Hermit","hermit:Snapshot+1","hermit:Covet","hermit:FlashPowder","ReplayTheSpireMod:Splinters","hermit:FatalDesire+1","hermit:Grudge+1","hermit:Coalescence","hermit:Glare","hermit:Maintenance+1","hermit:FinalCanter+1","hermit:HighCaliber+1","hermit:Misfire","expansioncontent:DarkVoid","hermit:Deadeye+1","hubris:EnhanceAbility+1","hermit:Magnum","hermit:Manifest","hermit:CursedWeapon","hermit:GhostlyPresence+1","hermit:FinalCanter","hermit:GhostlyPresence+1","hermit:Spite"],"relics":["hermit:Momento","ReplayTheSpireMod:TigerMarble","Vajra","Meat on the Bone","Ring of Chaos","hubris:BottledHeart","Membership Card","Pear","Toy Ornithopter","Boot","hubris:EmptyBottle","hubris:PeanutButter","Replay:Mystery Machine","hubris:DeckOfHolding","Replay:Bronze Core","Oddly Smooth Stone"],"acts_visited":["Exordium","TheCity","TheBeyond"],"potions_floor_usage":[8,11,13,16,16,16,27,30,30,31,33,33,36,41],"damage_taken":[{"damage":1,"enemies":"Cultist","floor":1,"turns":3},{"damage":2,"enemies":"Small Slimes","floor":4,"turns":3},{"damage":0,"enemies":"Jaw Worm","floor":7,"turns":2},{"damage":33,"enemies":"Gremlin Nob","floor":8,"turns":4},{"damage":15,"enemies":"3 Sentries","floor":11,"turns":5},{"damage":0,"enemies":"Exordium Wildlife","floor":12,"turns":1},{"damage":1,"enemies":"Looter","floor":13,"turns":4},{"damage":4,"enemies":"Blue Slaver","floor":14,"turns":3},{"damage":22,"enemies":"Hexaghost","floor":16,"turns":12},{"damage":20,"enemies":"2 Thieves","floor":18,"turns":5},{"damage":0,"enemies":"3 Byrds","floor":21,"turns":3},{"damage":0,"enemies":"Centurion and Healer","floor":25,"turns":3},{"damage":0,"enemies":"Replay:Snechameleon","floor":27,"turns":4},{"damage":0,"enemies":"Chosen and Byrds","floor":28,"turns":5},{"damage":0,"enemies":"Slavers","floor":30,"turns":4},{"damage":0,"enemies":"Snecko","floor":31,"turns":6},{"damage":0,"enemies":"Automaton","floor":33,"turns":8},{"damage":0,"enemies":"Orb Walker","floor":35,"turns":2},{"damage":0,"enemies":"3 Darklings","floor":36,"turns":4},{"damage":0,"enemies":"Spire Growth","floor":37,"turns":4},{"damage":0,"enemies":"Jaw Worm Horde","floor":38,"turns":4},{"damage":2,"enemies":"R_Hoarder","floor":41,"turns":8}],"seed_played":"-2148951925393499146","potions_obtained":[{"floor":1,"key":"DistilledChaos"},{"floor":2,"key":"hexamod:EctoCoolerPotion"},{"floor":2,"key":"Languid Potion"},{"floor":2,"key":"Explosive Potion"},{"floor":12,"key":"Elixir"},{"floor":13,"key":"Venom Potion"},{"floor":14,"key":"Block Potion"},{"floor":21,"key":"hermit:BlackBile"},{"floor":25,"key":"Swift Potion"},{"floor":28,"key":"Regen Potion"},{"floor":30,"key":"Explosive Potion"},{"floor":35,"key":"DistilledChaos"},{"floor":36,"key":"Milkshake"}],"is_trial":false,"path_per_floor":["M","?","$","M","?","R","M","E","T","R","E","M","M","M","R","B",null,"M","?","?","M","?","R","$","M","T","E","M","$","E","M","R","B",null,"M","M","M","M","$","R","E"],"character_chosen":"HERMIT","items_purchased":["Membership Card","Pear","CultistPotion","hubris:EnhanceAbility","hubris:EmptyBottle","hubris:PeanutButter","Replay:Mystery Machine","hermit:CursedWeapon","Oddly Smooth Stone","PowerPotion","hermit:Spite"],"campfire_rested":0,"item_purchase_floors":[24,24,24,24,29,29,29,29,39,39,39],"current_hp_per_floor":[67,67,67,65,65,65,65,32,32,32,17,29,40,48,48,38,66,46,46,46,46,1,1,1,1,1,1,1,1,1,1,1,1,1,1,1,1,1,1,1,0,0],"gold":114,"neow_bonus":"RANDOM_COLORLESS_2","is_daily":false,"chose_seed":false,"campfire_upgraded":6,"win_rate":0.0,"timestamp":1609795893,"path_taken":["M","?","$","M","?","R","M","E","T","R","E","M","M","M","R","BOSS","M","?","?","M","?","R","$","M","T","E","M","$","E","?","R","BOSS","M","M","M","M","$","R","E"],"items_purchased_type":["Relic","Relic","Potion","Card","Relic","Relic","Relic","Card","Relic","Potion","Card"],"build_version":"2020-12-22","purchased_purges":1,"victory":false,"max_hp_per_floor":[75,75,75,75,75,75,75,75,75,75,75,75,75,75,75,75,75,75,75,75,75,1,1,1,1,1,1,1,1,1,1,1,1,1,1,1,1,1,1,1,1,1],"card_choices":[{"not_picked":["Master of Strategy","Apotheosis"],"picked":"HandOfGreed","floor":0},{"not_picked":["hermit:Coalescence","hermit:HighCaliber"],"picked":"hermit:FlashPowder","floor":1},{"not_picked":["hermit:Showdown","hermit:BodyArmor"],"picked":"hermit:CalledShot","floor":2},{"not_picked":["hermit:Vantage","hermit:Determination"],"picked":"hermit:FatalDesire","floor":4},{"not_picked":["hermit:HighCaliber","hermit:Feint","hermit:NoHoldsBarred"],"picked":"SKIP","floor":7},{"not_picked":["hermit:GhostlyPresence","hermit:Feint"],"picked":"hermit:Grudge","floor":8},{"not_picked":["hermit:HoleUp","hermit:EternalForm","hermit:GhostlyPresence"],"picked":"SKIP","floor":11},{"not_picked":["hermit:Quickdraw","hermit:Determination"],"picked":"hermit:Coalescence","floor":12},{"not_picked":["hermit:Desperado","hermit:LoneWolf"],"picked":"hermit:Glare","floor":13},{"not_picked":["hermit:Midnight","hermit:ItchyTrigger"],"picked":"hermit:Maintenance","floor":14},{"not_picked":["hermit:Purgatory","hermit:BlackWind"],"picked":"hermit:FinalCanter","floor":16},{"not_picked":["hermit:Desperado","hermit:Brawl"],"picked":"hermit:HighCaliber+1","floor":18},{"not_picked":["hermit:Dive","hermit:Ricochet"],"picked":"hermit:Deadeye+1","floor":21},{"not_picked":["hermit:Ricochet","hermit:Cheat"],"picked":"hermit:Magnum","floor":25},{"not_picked":["hermit:Coalescence+1","hermit:Midnight"],"picked":"hermit:Manifest","floor":27},{"not_picked":["hermit:TrackingShot","hermit:Dive","hermit:Headshot"],"picked":"SKIP","floor":28},{"not_picked":["hermit:WideOpen+1","hermit:Combo"],"picked":"hermit:GhostlyPresence+1","floor":30},{"not_picked":["hermit:Headshot","hermit:Midnight","hermit:Feint"],"picked":"SKIP","floor":31},{"not_picked":["hermit:Roughhouse","hermit:Magnum"],"picked":"hermit:FinalCanter","floor":33},{"not_picked":["hermit:Feint","hermit:Combo","hermit:BodyArmor"],"picked":"SKIP","floor":35},{"not_picked":["hermit:WideOpen+1","hermit:TakeCover"],"picked":"hermit:GhostlyPresence+1","floor":36},{"not_picked":["hermit:GoldenBullet","hermit:Manifest","hermit:CalledShot"],"picked":"SKIP","floor":37},{"not_picked":["hermit:Roulette+1","hermit:FullyLoaded","hermit:HighCaliber+1"],"picked":"SKIP","floor":38}],"player_experience":842911,"relics_obtained":[{"floor":8,"key":"ReplayTheSpireMod:TigerMarble"},{"floor":9,"key":"Vajra"},{"floor":11,"key":"Meat on the Bone"},{"floor":26,"key":"Toy Ornithopter"},{"floor":27,"key":"Boot"},{"floor":30,"key":"hubris:DeckOfHolding"}],"event_choices":[{"damage_healed":0,"gold_gain":175,"player_choice":"AGREE","damage_taken":0,"max_hp_gain":0,"max_hp_loss":0,"event_name":"Liars Game","floor":5,"gold_loss":0,"cards_obtained":["Doubt"]},{"cards_removed":["Doubt"],"damage_healed":0,"gold_gain":0,"player_choice":"Elegance","damage_taken":0,"max_hp_gain":0,"max_hp_loss":0,"event_name":"Back to Basics","floor":19,"gold_loss":0},{"damage_healed":0,"gold_gain":0,"cards_transformed":["hermit:CalledShot","HandOfGreed"],"player_choice":"Became Test Subject","damage_taken":0,"max_hp_gain":0,"max_hp_loss":0,"event_name":"Drug Dealer","floor":20,"gold_loss":0,"cards_obtained":["hermit:Misfire","expansioncontent:DarkVoid"]}],"is_beta":false,"boss_relics":[{"not_picked":["hermit:ClaspedLocket","hubris:VirtuousBlindfold"],"picked":"Ring of Chaos"},{"not_picked":["Coffee Dripper","Painkiller Herb"],"picked":"Replay:Bronze Core"}],"items_purged_floors":[3],"is_endless":false,"potions_floor_spawned":[1,12,13,14,21,25,28,30,35,36],"killed_by":"R_Hoarder","ascension_level":9}}