{"host":"soyfmymeou4emntr","time":1609739005,"event":{"mods":["BaseMod","Minty Spire (QoL Compilation)","Relic Sorter","Relic Stats","StSLib"],"gold_per_floor":[117,133,21,40,40,66,26,26,26,26,59,69,100,115,115,115,115],"floor_reached":16,"playtime":820,"items_purged":["Strike_R"],"score":240,"play_id":"34dc041c-0f8b-4102-8737-d4ba2b0bf853","local_time":"20210103224325","is_ascension_mode":true,"campfire_choices":[{"data":"Immolate","floor":8.0,"key":"SMITH"},{"data":"Entrench","floor":10.0,"key":"SMITH"},{"floor":15,"key":"REST"}],"circlet_count":0,"master_deck":["AscendersBane","Strike_R","Strike_R","Strike_R","Strike_R","Defend_R","Defend_R","Defend_R","Defend_R","Bash","Shockwave","Heavy Blade","Entrench+1","Pommel Strike","Immolate+1","True Grit","True Grit","Flame Barrier"],"relics":["Mark of Pain","Shovel","Mango","MealTicket","Letter Opener"],"acts_visited":["Exordium"],"potions_floor_usage":[14],"damage_taken":[{"damage":1.0,"enemies":"Cultist","floor":1.0,"turns":4.0},{"damage":2.0,"enemies":"Jaw Worm","floor":2.0,"turns":4.0},{"damage":3.0,"enemies":"2 Louse","floor":4.0,"turns":3.0},{"damage":50.0,"enemies":"3 Sentries","floor":6.0,"turns":11.0},{"damage":8.0,"enemies":"Gremlin Nob","floor":11.0,"turns":3.0},{"damage":2.0,"enemies":"Lots of Slimes","floor":12.0,"turns":2.0},{"damage":20.0,"enemies":"Lagavulin","floor":13.0,"turns":5.0},{"damage":0,"enemies":"Blue Slaver","floor":14,"turns":4},{"damage":93,"enemies":"The Guardian","floor":16,"turns":13}],"seed_played":"6705266579246594750","potions_obtained":[{"floor":1.0,"key":"SmokeBomb"},{"floor":2.0,"key":"BloodPotion"},{"floor":7.0,"key":"FairyPotion"},{"floor":7.0,"key":"SteroidPotion"},{"floor":13.0,"key":"SteroidPotion"}],"is_trial":false,"path_per_floor":["M","M","$","M","$","E","?","R","T","R","E","M","E","M","R","B"],"character_chosen":"IRONCLAD","items_purchased":["Entrench"],"campfire_rested":1,"item_purchase_floors":[3],"current_hp_per_floor":[67,65,65,62,62,12,27,27,41,41,33,31,11,11,37,0,0],"gold":115,"neow_bonus":"BOSS_RELIC","is_daily":false,"chose_seed":false,"campfire_upgraded":2,"win_rate":0.0,"timestamp":1609739005,"path_taken":["M","M","$","?","?","E","?","R","T","R","E","?","E","M","R","BOSS"],"items_purchased_type":["Card"],"build_version":"2020-12-22","purchased_purges":1,"victory":false,"max_hp_per_floor":[75,75,75,75,75,75,75,75,89,89,89,89,89,89,89,89,89],"relic_stats":{"Shovel":0,"counters":[9,49],"MealTicket":0,"Letter Opener":[5],"obtain_stats":[{"Shovel":6,"Mango":9,"MealTicket":11,"Mark of Pain":0,"Letter Opener":13,"Burning Blood":0},{"Shovel":4,"Mango":4,"MealTicket":5,"Mark of Pain":0,"Letter Opener":7,"Burning Blood":0},{"Shovel":22,"Mango":22,"MealTicket":25,"Mark of Pain":0,"Letter Opener":32,"Burning Blood":0}]},"card_choices":[{"not_picked":["Disarm","Armaments"],"picked":"Shockwave","floor":1.0},{"not_picked":["Headbutt","Ghostly Armor"],"picked":"Heavy Blade","floor":2.0},{"not_picked":["Shrug It Off","Thunderclap"],"picked":"Pommel Strike","floor":4.0},{"not_picked":["Power Through","Warcry"],"picked":"Immolate","floor":6.0},{"not_picked":["Iron Wave","Blood for Blood"],"picked":"True Grit","floor":11.0},{"not_picked":["Seeing Red","Ghostly Armor"],"picked":"True Grit","floor":12.0},{"not_picked":["Rampage","Dark Embrace"],"picked":"Flame Barrier","floor":13.0},{"not_picked":["Twin Strike","Power Through","Dark Embrace"],"picked":"SKIP","floor":14}],"player_experience":2792103,"relics_obtained":[{"floor":6.0,"key":"Shovel"},{"floor":9.0,"key":"Mango"},{"floor":11.0,"key":"MealTicket"},{"floor":13.0,"key":"Letter Opener"}],"event_choices":[{"damage_healed":0.0,"max_hp_gain":0.0,"max_hp_loss":0.0,"gold_gain":0.0,"event_name":"The Woman in Blue","player_choice":"Bought 3 Potions","floor":7.0,"gold_loss":0.0,"damage_taken":0.0}],"is_beta":false,"boss_relics":[],"items_purged_floors":[3],"is_endless":false,"potions_floor_spawned":[1,2,13],"killed_by":"The Guardian","ascension_level":20}}