{"host":"g01l53quoe6lrer0","time":1609785197,"event":{"mods":["2.2 Compatiblity","AchievementEnabler","BaseMod","Colored Map","Highlight Path","Keyboard Shortcuts","Minty Spire (QoL Compilation)","Permanent Neow","Quick Restart","StSLib","SuperFastMode","everything is the same but u backflip on backflip"],"gold_per_floor":[113,113,63,63,74,74,85,95,175,175,191,191,220,230,230,230,230],"floor_reached":16,"playtime":366,"items_purged":[],"score":138,"play_id":"b512a4df-c2cf-413e-a5c6-305e4c868bfd","local_time":"20210105033317","is_ascension_mode":true,"campfire_choices":[{"data":"Entrench","floor":6,"key":"SMITH"},{"data":"Uppercut","floor":12,"key":"SMITH"},{"data":"Havoc","floor":15,"key":"SMITH"}],"circlet_count":0,"master_deck":["Strike_R","Strike_R","Strike_R","Strike_R","Defend_R","Defend_R","Defend_R","Defend_R","Bash","Limit Break","Entrench+1","Pain","Seeing Red","Uppercut+1","Havoc+1","Battle Trance"],"relics":["Burning Blood","Smiling Mask","WarpedTongs","Eternal Feather","Bottled Lightning"],"acts_visited":["Exordium"],"potions_floor_usage":[5],"damage_taken":[{"damage":12,"enemies":"2 Louse","floor":1,"turns":3},{"damage":8,"enemies":"Cultist","floor":5,"turns":3},{"damage":10,"enemies":"Small Slimes","floor":7,"turns":4},{"damage":18,"enemies":"Exordium Wildlife","floor":8,"turns":6},{"damage":13,"enemies":"3 Louse","floor":11,"turns":3},{"damage":31,"enemies":"Gremlin Nob","floor":13,"turns":4},{"damage":4,"enemies":"Large Slime","floor":14,"turns":7},{"damage":69,"enemies":"Hexaghost","floor":16,"turns":11}],"seed_played":"-4802311797547922766","potions_obtained":[{"floor":1,"key":"ElixirPotion"},{"floor":5,"key":"Fruit Juice"},{"floor":8,"key":"Energy Potion"}],"is_trial":false,"path_per_floor":["M","?","?","?","M","R","M","M","T","?","M","R","E","M","R","B"],"character_chosen":"IRONCLAD","items_purchased":[],"campfire_rested":0,"item_purchase_floors":[],"current_hp_per_floor":[66,63,63,63,66,66,62,50,50,78,71,80,55,57,66,0,0],"gold":230,"neow_bonus":"ONE_RANDOM_RARE_CARD","is_daily":false,"chose_seed":false,"campfire_upgraded":3,"win_rate":0.0,"timestamp":1609785197,"path_taken":["M","?","?","?","M","R","?","M","T","?","M","R","E","M","R","BOSS"],"items_purchased_type":[],"build_version":"2020-12-22","purchased_purges":0,"victory":false,"max_hp_per_floor":[80,80,80,80,85,85,85,85,85,85,85,85,85,85,85,85,85],"card_choices":[{"not_picked":["Heavy Blade","Flex"],"picked":"Entrench","floor":1},{"not_picked":["Sword Boomerang","Searing Blow"],"picked":"Seeing Red","floor":5},{"not_picked":["Twin Strike","Anger"],"picked":"Uppercut","floor":7},{"not_picked":["Twin Strike","Burning Pact"],"picked":"Havoc","floor":8},{"not_picked":["Thunderclap","Iron Wave","Rage"],"picked":"SKIP","floor":11},{"not_picked":["Searing Blow","Demon Form","Dual Wield"],"picked":"SKIP","floor":13},{"not_picked":["Pommel Strike","Havoc"],"picked":"Battle Trance","floor":14}],"player_experience":61452,"relics_obtained":[{"floor":9,"key":"Eternal Feather"},{"floor":13,"key":"Bottled Lightning"}],"event_choices":[{"damage_healed":0,"gold_gain":0,"player_choice":"Success","damage_taken":3,"relics_obtained":["Smiling Mask"],"max_hp_gain":0,"max_hp_loss":0,"event_name":"Scrap Ooze","floor":2,"gold_loss":0},{"cards_removed":["Strike_R"],"damage_healed":0,"gold_gain":0,"player_choice":"Card Removal","damage_taken":0,"max_hp_gain":0,"max_hp_loss":0,"event_name":"The Cleric","floor":3,"gold_loss":50},{"damage_healed":0,"gold_gain":0,"player_choice":"Rummage","damage_taken":0,"relics_obtained":["WarpedTongs"],"max_hp_gain":0,"max_hp_loss":0,"event_name":"Accursed Blacksmith","floor":4,"gold_loss":0,"cards_obtained":["Pain"]},{"damage_healed":28,"gold_gain":0,"player_choice":"Banana","damage_taken":0,"max_hp_gain":0,"max_hp_loss":0,"event_name":"Big Fish","floor":10,"gold_loss":0}],"is_beta":false,"boss_relics":[],"items_purged_floors":[],"is_endless":false,"potions_floor_spawned":[1,5,8],"killed_by":"Hexaghost","ascension_level":7}}