{"host":"c5j8t0wyh2hvx9ju","time":1609766465,"event":{"mods":["Astrologer","BaseMod","BetterRewards","HololiveMod","Minty Spire (QoL Compilation)","Prisma Mod","StSLib"],"gold_per_floor":[118,137,148,148,148,148,148],"floor_reached":6,"playtime":544,"items_purged":[],"score":43,"play_id":"ca949310-29f3-4b19-b558-0532858f023e","local_time":"20210104222105","is_ascension_mode":true,"campfire_choices":[],"circlet_count":0,"master_deck":["Strike_P","Strike_P","Strike_P","Strike_P","Defend_P","Defend_P","Defend_P","Eruption+1","Vigilance+1","TalkToTheHand","Prostrate","Worship+1","InnerPeace+1","ThirdEye+1","TalkToTheHand"],"relics":["PureWater","Toolbox","Eternal Feather","Toxic Egg 2"],"acts_visited":["Exordium"],"potions_floor_usage":[6],"damage_taken":[{"damage":8,"enemies":"2 Louse","floor":1,"turns":3},{"damage":7,"enemies":"Jaw Worm","floor":2,"turns":7},{"damage":2,"enemies":"Small Slimes","floor":3,"turns":5},{"damage":41,"enemies":"3 Sentries","floor":6,"turns":13}],"seed_played":"2775788681286397502","potions_obtained":[{"floor":2,"key":"GamblersBrew"}],"is_trial":false,"path_per_floor":["M","M","M","?","?","E"],"character_chosen":"WATCHER","items_purchased":["Toolbox","TalkToTheHand","Prostrate","Eternal Feather","Matryoshka","Toxic Egg 2","Worship+1","InnerPeace+1"],"campfire_rested":0,"item_purchase_floors":[0,0,0,0,0,0,0,0],"current_hp_per_floor":[64,57,55,41,34,0,0],"gold":148,"neow_bonus":"","is_daily":false,"chose_seed":false,"campfire_upgraded":0,"win_rate":0.0,"timestamp":1609766465,"path_taken":["M","M","M","?","?","E"],"items_purchased_type":["Relic","Card","Card","Relic","Relic","Relic","Card","Card"],"build_version":"2020-12-22","purchased_purges":0,"victory":false,"max_hp_per_floor":[72,72,72,72,72,72,72],"card_choices":[{"not_picked":["WaveOfTheHand+1","Conclude"],"picked":"ThirdEye+1","floor":1},{"not_picked":["Fasting2","PathToVictory+1","CrushJoints"],"picked":"SKIP","floor":2},{"not_picked":["EmptyBody+1","Crescendo+1"],"picked":"TalkToTheHand","floor":3}],"player_experience":898555,"relics_obtained":[],"event_choices":[{"damage_healed":0,"gold_gain":0,"player_choice":"Entered Light","damage_taken":14,"max_hp_gain":0,"max_hp_loss":0,"event_name":"Shining Light","floor":4,"gold_loss":0,"cards_upgraded":["Vigilance","Eruption"]},{"cards_removed":["Defend_P"],"damage_healed":0,"gold_gain":0,"player_choice":"Card Removal","damage_taken":7,"max_hp_gain":0,"max_hp_loss":0,"event_name":"Golden Wing","floor":5,"gold_loss":0}],"is_beta":false,"boss_relics":[],"items_purged_floors":[],"is_endless":false,"potions_floor_spawned":[2],"killed_by":"3 Sentries","ascension_level":4}}