{"host":"2461dio7vetlq1z3","time":1609774892,"event":{"mods":["2.2 Compatiblity","AchievementEnabler","Aspiration","BaseMod","Better Third Choice","Friendly Minions","Minty Spire (QoL Compilation)","Relic Stats","Spicy Shops","StSLib","Waifu the Spire"],"gold_per_floor":[116,116,116,136,9,9,34,34,34,69,79,93,93,108,108,186,186,186,186,126,126],"floor_reached":20,"playtime":632,"items_purged":[],"score":368,"play_id":"01dc80b6-ff72-4e00-8d31-fa4cb8621f91","local_time":"20210104164132","is_ascension_mode":true,"campfire_choices":[{"data":"Sunder","floor":6,"key":"SMITH"},{"floor":8,"key":"REST"},{"floor":13,"key":"REST"},{"data":"Coolheaded","floor":15,"key":"SMITH"}],"circlet_count":0,"master_deck":["AscendersBane","Strike_B","Strike_B","Strike_B","Strike_B","Defend_B+1","Defend_B+1","Defend_B","Defend_B","Zap","Dualcast","Sunder+1","Cold Snap","Glacier","Rip and Tear","Gash","Gash","Rip and Tear","Rip and Tear","Coolheaded+1","Machine Learning","Reprogram","Loop"],"relics":["aspiration:FutureDiary","Potion Belt","Bag of Marbles","Pantograph","Ectoplasm"],"acts_visited":["Exordium","TheCity"],"potions_floor_usage":[7,20],"damage_taken":[{"damage":7,"enemies":"Jaw Worm","floor":1,"turns":3},{"damage":9,"enemies":"Small Slimes","floor":4,"turns":2},{"damage":3,"enemies":"Lagavulin","floor":7,"turns":5},{"damage":26,"enemies":"Gremlin Nob","floor":10,"turns":4},{"damage":0,"enemies":"2 Louse","floor":11,"turns":3},{"damage":0,"enemies":"Gremlin Gang","floor":12,"turns":3},{"damage":0,"enemies":"2 Fungi Beasts","floor":14,"turns":2},{"damage":41,"enemies":"The Guardian","floor":16,"turns":8},{"damage":21,"enemies":"Shell Parasite","floor":18,"turns":5},{"damage":12,"enemies":"2 Thieves","floor":20,"turns":3}],"seed_played":"-5486554843031286983","potions_obtained":[{"floor":1,"key":"LiquidMemories"},{"floor":12,"key":"Strength Potion"},{"floor":14,"key":"SpeedPotion"},{"floor":18,"key":"DistilledChaos"}],"is_trial":false,"path_per_floor":["M","?","?","M","$","R","E","R","T","E","M","M","R","M","R","B",null,"M","?","M"],"character_chosen":"DEFECT","items_purchased":["Glacier","Rip and Tear"],"campfire_rested":2,"item_purchase_floors":[5,5],"current_hp_per_floor":[57,71,50,41,41,41,38,59,59,33,33,33,54,54,54,30,61,40,28,16,16],"gold":126,"neow_bonus":"BOSS_RELIC","is_daily":false,"chose_seed":false,"campfire_upgraded":2,"win_rate":0.0,"timestamp":1609774892,"path_taken":["M","?","?","M","?","R","E","R","T","E","M","M","R","M","R","BOSS","M","?","M"],"items_purchased_type":["Card","Card"],"build_version":"2020-12-22","purchased_purges":0,"victory":false,"max_hp_per_floor":[71,71,71,71,71,71,71,71,71,71,71,71,71,71,71,71,71,71,71,71,71],"relic_stats":{"counters":[10,38],"Pantograph":17,"Ectoplasm":96,"obtain_stats":[{"Potion Belt":7,"Pantograph":10,"Ectoplasm":17,"Bag of Marbles":9,"aspiration:FutureDiary":0,"Cracked Core":0},{"Potion Belt":3,"Pantograph":4,"Ectoplasm":8,"Bag of Marbles":3,"aspiration:FutureDiary":0,"Cracked Core":0},{"Potion Belt":10,"Pantograph":14,"Ectoplasm":30,"Bag of Marbles":10,"aspiration:FutureDiary":0,"Cracked Core":0}]},"card_choices":[{"not_picked":["Hologram","Stack"],"picked":"Sunder","floor":1},{"not_picked":["Turbo","Hologram"],"picked":"Cold Snap","floor":4},{"not_picked":["Streamline","Coolheaded"],"picked":"Gash","floor":7},{"not_picked":["Core Surge","Conserve Battery"],"picked":"Gash","floor":10},{"not_picked":["Go for the Eyes","Turbo"],"picked":"Rip and Tear","floor":11},{"not_picked":["Sweeping Beam","Conserve Battery"],"picked":"Rip and Tear","floor":12},{"not_picked":["Turbo","Ball Lightning"],"picked":"Coolheaded","floor":14},{"not_picked":["Core Surge","Electrodynamics"],"picked":"Machine Learning","floor":16},{"not_picked":["Redo","Turbo"],"picked":"Reprogram","floor":18},{"not_picked":["Coolheaded","Aggregate"],"picked":"Loop","floor":19}],"player_experience":1046817,"relics_obtained":[{"floor":7,"key":"Potion Belt"},{"floor":9,"key":"Bag of Marbles"},{"floor":10,"key":"Pantograph"}],"event_choices":[{"damage_healed":23,"gold_gain":0,"player_choice":"Banana","damage_taken":0,"max_hp_gain":0,"max_hp_loss":0,"event_name":"Big Fish","floor":2,"gold_loss":0},{"damage_healed":71,"gold_gain":0,"player_choice":"Upgrade","damage_taken":21,"max_hp_gain":0,"max_hp_loss":71,"event_name":"betterThird:BetterShining","floor":3,"gold_loss":0,"cards_upgraded":["Defend_B","Defend_B"]}],"is_beta":false,"boss_relics":[{"not_picked":["Sozu","Snecko Eye"],"picked":"Ectoplasm"}],"items_purged_floors":[],"is_endless":false,"potions_floor_spawned":[1,12,14,18],"killed_by":"2 Thieves","ascension_level":20}}