{"host":"so437kwitdq4epbi","time":1609757121,"event":{"mods":["AchievementEnabler","BaseMod","Decade(王小明)","Friendly Minions","Gremlin Mod","KinomotoSakuraMod(木之本樱)","Koishi","KomeijiMod","LagranYue(拉格朗・月)","Lobotomy","LobotomyExtend","Marisa（F雨　魔理沙）","Minty Spire (QoL Compilation)","Quick Restart","READ ME - Snecko Mod","Replay The Spire","Shop Mod","StSLib","The Alterego","The Bladedancer","The Bug Knight","The Construct","The Hierophant","The Mystic","The Poker Player","The Runesmith","Yuyuko","[IsaacMod]以撒尖塔","vexMod"],"gold_per_floor":[117,133,146,159,159,190,190,12,36,52,67,78,110,154,166,282,294,306,57,69,86,100,125,18,33,81,109,136,0,0,0,0,95,95,115,127,154,164,177,207,227,227,227,251,251,304,370,72,72,106,106],"floor_reached":52,"playtime":3529,"items_purged":[],"score":946,"play_id":"7b344a91-27d4-484d-b3e9-6b0cac58cc49","local_time":"20210104184521","daily_mods":["Vintage","Heirloom","Time Dilation","Flight"],"is_ascension_mode":false,"campfire_choices":[{"floor":7,"key":"REST"},{"floor":15,"key":"REST"},{"floor":30,"key":"REST"},{"floor":32,"key":"REST"},{"data":"Gremlin:Nob","floor":42,"key":"SMITH"},{"data":"Gremlin:SecondVolley","floor":45,"key":"SMITH"}],"circlet_count":0,"master_deck":["Gremlin:Strike","Gremlin:Strike","Gremlin:Strike","Gremlin:Strike","Gremlin:Defend","Gremlin:Defend","Gremlin:Defend","Gremlin:Defend","Gremlin:TagTeam","Gremlin:GremlinDance","Gremlin:EdibleArmor","Gremlin:GremlinArms+1","Gremlin:GremlinMeal","Gremlin:FairyDust","Gremlin:ProperTools","Gremlin:Exacerbate+1","Gremlin:Stupend+1","Gremlin:FairyDust+1","Gremlin:Changeo","Gremlin:SharpenBlades+1","Gremlin:InfiniteBlocks","ReplayTheSpireMod:Private Reserves+1","Gremlin:IrksomeBlow","Gremlin:SecondVolley+1","Gremlin:Nob+1","Pot Of Greed","Pot Of Greed","Pot Of Greed","Gremlin:PinNeedle","Gremlin:GremlinToss","Gremlin:Pickpocket+1","Impatience"],"relics":["Gremlin:GremlinKnob","replay:Trail_Library","HushsDoor","LagranYue:RandomDrawCardRelic","DeathBook","Diplopia","RedMistMask","Lantern","LetterFromLob","Lizard Tail","HollowMod:LifeEnderRelic","Tiny Chest","GnawedLeaf","Toolbox","Blue Doll","Replay:Kaleidoscope","Pear","vexMod:BarristanHead","MawBank","Busted Crown","MagicBullet_r","AnarchistCookbook","Art of War","Bottled Flame","Orichalcum","KyoryuNoHagoromo","Bag of Preparation","MaYiHuaBei","BookOfRevelations","SteamSale","UnicornStump","Replay:Ancient Bell","Thread and Needle","PreservedInsect","Strawberry","Grinning Jar","Snack Pack","Bronze Scales","Replay:Bandana","Gremlin:PricklyShields","Ancient Tea Set","Onion Ring","YumHeart","vexMod:MemoryStick","GuppysHead","vexMod:PaidLearning"],"acts_visited":["Exordium","TheCity","TheBeyond"],"potions_floor_usage":[13,13,16,16,22,22,33,33,40,41,41,47,47],"damage_taken":[{"damage":1,"enemies":"Cultist","floor":1,"turns":3},{"damage":0,"enemies":"Small Slimes","floor":2,"turns":2},{"damage":6,"enemies":"Jaw Worm","floor":3,"turns":2},{"damage":10,"enemies":"3 Louse","floor":4,"turns":2},{"damage":0,"enemies":"3 Sentries","floor":6,"turns":1},{"damage":1,"enemies":"Exordium Thugs","floor":10,"turns":2},{"damage":0,"enemies":"Exordium Wildlife","floor":11,"turns":3},{"damage":2,"enemies":"Large Slime","floor":12,"turns":3},{"damage":0,"enemies":"Lagavulin","floor":13,"turns":2},{"damage":0,"enemies":"Gremlin Nob","floor":14,"turns":2},{"damage":16,"enemies":"The Guardian","floor":16,"turns":8},{"damage":0,"enemies":"Shell Parasite","floor":20,"turns":3},{"damage":0,"enemies":"Chosen","floor":21,"turns":3},{"damage":0,"enemies":"Snake Plant","floor":22,"turns":1},{"damage":0,"enemies":"Slavers","floor":23,"turns":1},{"damage":0,"enemies":"Shelled Parasite and Fungi","floor":25,"turns":2},{"damage":0,"enemies":"Replay:Snechameleon","floor":27,"turns":2},{"damage":22,"enemies":"Slavers","floor":28,"turns":2},{"damage":0,"enemies":"Collector","floor":33,"turns":2},{"damage":0,"enemies":"3 Darklings","floor":35,"turns":1},{"damage":0,"enemies":"Orb Walker","floor":36,"turns":2},{"damage":26,"enemies":"Transient","floor":38,"turns":5},{"damage":7,"enemies":"4 Shapes","floor":39,"turns":1},{"damage":0,"enemies":"Reptomancer","floor":40,"turns":1},{"damage":20,"enemies":"Sphere and 2 Shapes","floor":41,"turns":2},{"damage":0,"enemies":"3 Darklings","floor":44,"turns":3},{"damage":0,"enemies":"Maw","floor":46,"turns":1},{"damage":11,"enemies":"Nemesis","floor":47,"turns":3},{"damage":0,"enemies":"Replay:Hell Engine","floor":50,"turns":4}],"seed_played":"-2945183150258757381","potions_obtained":[{"floor":2,"key":"Fire Potion"},{"floor":3,"key":"LifebloodPotion"},{"floor":6,"key":"AttackPotion"},{"floor":12,"key":"BlessingOfTheForge"},{"floor":13,"key":"Fire Potion"},{"floor":14,"key":"SpeedPotion"},{"floor":25,"key":"SkillPotion"},{"floor":27,"key":"BlessingOfTheForge"},{"floor":33,"key":"BlessingOfTheForge"},{"floor":35,"key":"FearPotion"},{"floor":38,"key":"Milkshake"},{"floor":39,"key":"Swift Potion"},{"floor":40,"key":"PowerPotion"},{"floor":47,"key":"construct:ShiftPotion"}],"is_trial":true,"path_per_floor":["M","M","M","M","?","E","R","$","T","M","M","M","E","E","R","B",null,"M","$","M","M","M","E","$","M","T","E","E","$","R","T","R","B",null,"M","M","T","M","M","E","M","R","T","M","R","M","E","$","R","B",null,null],"character_chosen":"GREMLIN","items_purchased":["Gremlin:GremlinArms+1","Toolbox","vexMod:BerryBomb","Gremlin:FairyDust+1","Gremlin:InfiniteBlocks","ReplayTheSpireMod:Private Reserves","SteamSale","Gremlin:Nob","vexMod:MemoryStick","GuppysHead","vexMod:PaidLearning"],"campfire_rested":4,"item_purchase_floors":[8,8,19,24,29,29,29,34,48,48,48],"current_hp_per_floor":[19,20,13,3,3,3,9,9,9,20,22,11,11,11,17,9,22,22,24,24,24,24,24,24,24,24,24,2,2,9,9,16,16,23,23,23,25,12,21,25,25,25,25,25,25,25,25,25,25,25,25],"gold":106,"neow_bonus":"","is_daily":false,"chose_seed":false,"campfire_upgraded":2,"win_rate":0.0,"timestamp":1609757121,"path_taken":["M","M","M","M","?","E","R","$","T","M","M","M","E","E","R","BOSS","M","$","M","M","M","E","$","M","T","E","E","$","R","?","R","BOSS","M","?","?","M","M","E","M","R","T","M","R","M","E","$","R","BOSS"],"items_purchased_type":["Card","Relic","Relic","Card","Card","Card","Relic","Card","Relic","Relic","Relic"],"build_version":"2020-12-22","purchased_purges":0,"victory":true,"max_hp_per_floor":[20,20,20,20,20,20,20,20,20,20,22,22,22,22,22,22,22,22,24,24,24,24,24,24,24,24,24,24,24,24,24,24,24,23,23,23,25,25,25,25,25,25,25,25,25,25,25,25,25,25,25],"card_choices":[{"not_picked":[],"picked":"BloodyBrimstone","floor":0},{"not_picked":["Gremlin:Changeo","Gremlin:Astound"],"picked":"Gremlin:EdibleArmor","floor":6},{"not_picked":["Gremlin:BubbleBarrier","Gremlin:PinNeedle"],"picked":"Gremlin:GremlinMeal","floor":13},{"not_picked":["Gremlin:MakeshiftArmor","Gremlin:BubbleBarrier"],"picked":"Gremlin:FairyDust","floor":14},{"not_picked":["Gremlin:Encore","Gremlin:Erupt"],"picked":"Gremlin:Exacerbate","floor":16},{"not_picked":[],"picked":"Gremlin:Stupend+1","floor":23},{"not_picked":[],"picked":"Gremlin:Changeo","floor":27},{"not_picked":[],"picked":"Gremlin:SharpenBlades+1","floor":28},{"not_picked":[],"picked":"Gremlin:SecondVolley","floor":33},{"not_picked":[],"picked":"Gremlin:PinNeedle","floor":40},{"not_picked":[],"picked":"Gremlin:Pickpocket+1","floor":47}],"player_experience":167297,"relics_obtained":[{"floor":1,"key":"RedMistMask"},{"floor":1,"key":"Lantern"},{"floor":1,"key":"LetterFromLob"},{"floor":2,"key":"Lizard Tail"},{"floor":3,"key":"HollowMod:LifeEnderRelic"},{"floor":4,"key":"Tiny Chest"},{"floor":6,"key":"GnawedLeaf"},{"floor":9,"key":"Blue Doll"},{"floor":10,"key":"Replay:Kaleidoscope"},{"floor":11,"key":"Pear"},{"floor":12,"key":"vexMod:BarristanHead"},{"floor":13,"key":"MawBank"},{"floor":20,"key":"AnarchistCookbook"},{"floor":21,"key":"Art of War"},{"floor":22,"key":"Bottled Flame"},{"floor":23,"key":"Orichalcum"},{"floor":25,"key":"KyoryuNoHagoromo"},{"floor":26,"key":"Bag of Preparation"},{"floor":27,"key":"MaYiHuaBei"},{"floor":28,"key":"BookOfRevelations"},{"floor":31,"key":"UnicornStump"},{"floor":35,"key":"Thread and Needle"},{"floor":36,"key":"PreservedInsect"},{"floor":37,"key":"Strawberry"},{"floor":38,"key":"Grinning Jar"},{"floor":39,"key":"Snack Pack"},{"floor":40,"key":"Bronze Scales"},{"floor":41,"key":"Replay:Bandana"},{"floor":43,"key":"Gremlin:PricklyShields"},{"floor":44,"key":"Ancient Tea Set"},{"floor":46,"key":"Onion Ring"},{"floor":47,"key":"YumHeart"}],"event_choices":[{"damage_healed":0,"gold_gain":0,"player_choice":"Ignored","damage_taken":0,"max_hp_gain":0,"max_hp_loss":0,"event_name":"Liars Game","floor":5,"gold_loss":0}],"is_beta":false,"boss_relics":[{"not_picked":["SlaversCollar","Sozu"],"picked":"Busted Crown"},{"not_picked":[]},{"not_picked":["Replay:Drink Me","vexMod:TanglingVine"],"picked":"Replay:Ancient Bell"},{"not_picked":[]}],"items_purged_floors":[],"is_endless":false,"potions_floor_spawned":[2,3,6,12,13,14,21,25,27,28,33,35,38,39,40,47],"ascension_level":0}}