{"host":"Brown Brick","time":1609793152,"event":{"mods":["BaseMod","Melee Mod","Minty Spire (QoL Compilation)","Rare Cards Sparkle","Relic Stats","Robot Space Explorer","StSLib","The Marked","Unceasing Turn Reminder","everything is the same but u backflip on backflip"],"gold_per_floor":[115,290,86,106,181,181,207,223,223,223,234,264,264,276,276,376,376,387,387,407,419,319,319,337,367,390,390,390,390,390,406,406,501,501,520,94,106,122,141,141,0,25,25,55,55,68,96,112,112,112,112,112,31,57,57,57],"floor_reached":55,"playtime":4011,"items_purged":["Doubt","Pain"],"score":826,"play_id":"f874fdd7-7043-4388-a0d4-4c7eef454603","local_time":"20210104214552","is_ascension_mode":true,"campfire_choices":[{"data":"theMarked:AttractMetal","floor":6,"key":"SMITH"},{"floor":10,"key":"REST"},{"data":"theMarked:Parkour","floor":15,"key":"SMITH"},{"data":"theMarked:SoldierOfQuellstein","floor":23,"key":"SMITH"},{"floor":27,"key":"REST"},{"data":"theMarked:ParalyzingBlade","floor":29,"key":"SMITH"},{"floor":32,"key":"REST"},{"floor":40,"key":"RECALL"},{"data":"Trip","floor":45,"key":"SMITH"},{"floor":49,"key":"REST"},{"data":"theMarked:MuscleMemory","floor":52,"key":"SMITH"}],"circlet_count":0,"master_deck":["theMarked:Strike","theMarked:Strike","theMarked:Strike","theMarked:Strike","theMarked:Strike","theMarked:Defend+1","theMarked:Defend","theMarked:Defend","theMarked:Defend","theMarked:SoldierOfQuellstein+1","theMarked:AttractMetal+1","theMarked:Parkour+1","theMarked:Panic+1","theMarked:Parkour","theMarked:MuscleMemory+1","theMarked:ParalyzingBlade+1","CurseOfTheBell","theMarked:StartUp+1","theMarked:SwordAndMagic+1","Trip+1","theMarked:StartUp+1","theMarked:TwofoldDefense+1","theMarked:HeightenedSenses+1","theMarked:StartUp+1"],"relics":["theMarked:ArtifactOfAir","theMarked:VonisonLock","StrikeDummy","Meat on the Bone","WarpedTongs","theMarked:SpiritSword","CultistMask","Oddly Smooth Stone","PreservedInsect","Molten Egg 2","Calling Bell","War Paint","Mummified Hand","Ice Cream","FossilizedHelix","Red Mask","Eternal Feather","Calipers","Kunai","Mercury Hourglass","Pantograph"],"acts_visited":["Exordium","TheCity","TheBeyond","TheEnding"],"potions_floor_usage":[12,24,25,54,55,55],"damage_taken":[{"damage":4,"enemies":"2 Louse","floor":1,"turns":2},{"damage":0,"enemies":"Small Slimes","floor":4,"turns":3},{"damage":10,"enemies":"3 Sentries","floor":7,"turns":10},{"damage":0,"enemies":"Cultist","floor":8,"turns":3},{"damage":0,"enemies":"Lots of Slimes","floor":11,"turns":4},{"damage":8,"enemies":"Gremlin Nob","floor":12,"turns":3},{"damage":6,"enemies":"Gremlin Gang","floor":14,"turns":5},{"damage":35,"enemies":"Slime Boss","floor":16,"turns":9},{"damage":10,"enemies":"3 Byrds","floor":18,"turns":5},{"damage":17,"enemies":"2 Thieves","floor":20,"turns":4},{"damage":21,"enemies":"Chosen and Byrds","floor":21,"turns":6},{"damage":5,"enemies":"Centurion and Healer","floor":24,"turns":5},{"damage":28,"enemies":"Book of Stabbing","floor":25,"turns":6},{"damage":0,"enemies":"Snecko","floor":31,"turns":4},{"damage":21,"enemies":"Automaton","floor":33,"turns":11},{"damage":3,"enemies":"3 Darklings","floor":35,"turns":6},{"damage":0,"enemies":"Orb Walker","floor":37,"turns":3},{"damage":4,"enemies":"3 Darklings","floor":38,"turns":6},{"damage":0,"enemies":"Sphere and 2 Shapes","floor":39,"turns":6},{"damage":0,"enemies":"Nemesis","floor":42,"turns":5},{"damage":0,"enemies":"Giant Head","floor":44,"turns":7},{"damage":1,"enemies":"Maw","floor":46,"turns":6},{"damage":13,"enemies":"Reptomancer","floor":47,"turns":6},{"damage":14,"enemies":"Jaw Worm Horde","floor":48,"turns":4},{"damage":38,"enemies":"Time Eater","floor":50,"turns":12},{"damage":14,"enemies":"Shield and Spear","floor":54,"turns":6},{"damage":76,"enemies":"The Heart","floor":55,"turns":3}],"seed_played":"5115270426760988334","potions_obtained":[{"floor":1,"key":"EssenceOfSteel"},{"floor":4,"key":"DuplicationPotion"},{"floor":7,"key":"SteroidPotion"},{"floor":12,"key":"DistilledChaos"},{"floor":18,"key":"DistilledChaos"},{"floor":24,"key":"Explosive Potion"},{"floor":25,"key":"Fire Potion"},{"floor":54,"key":"ColorlessPotion"}],"is_trial":false,"path_per_floor":["M","?","$","M","?","R","E","M","T","R","M","E","?","M","R","B",null,"M","?","M","M","$","R","M","E","T","R","?","R","T","M","R","B",null,"M","$","M","M","M","R","?","E","T","E","R","M","E","M","R","B",null,"R","$","E","B"],"character_chosen":"THE_DEFAULT","items_purchased":["theMarked:Parkour","theMarked:Panic","FossilizedHelix","theMarked:SwordAndMagic+1","Trip","theMarked:StartUp+1"],"campfire_rested":4,"item_purchase_floors":[3,3,36,36,36,53],"current_hp_per_floor":[45,45,45,45,34,34,24,24,24,45,45,37,37,43,43,20,70,60,60,43,34,34,34,41,25,25,46,46,46,46,46,67,46,70,67,67,67,63,63,63,63,63,63,63,70,69,56,42,70,44,70,70,70,56,0,0],"gold":57,"neow_bonus":"ONE_RARE_RELIC","is_daily":false,"chose_seed":false,"campfire_upgraded":6,"win_rate":0.0,"timestamp":1609793152,"path_taken":["M","?","$","M","?","R","E","M","T","R","M","E","?","M","R","BOSS","M","?","?","M","$","R","?","E","T","R","?","R","?","M","R","BOSS","M","$","?","M","?","R","?","E","T","E","R","M","E","M","R","BOSS","R","$","E","BOSS"],"items_purchased_type":["Card","Card","Relic","Card","Card","Card"],"build_version":"2020-12-18","purchased_purges":2,"victory":false,"max_hp_per_floor":[70,70,70,70,70,70,70,70,70,70,70,70,70,70,70,70,70,70,70,70,70,70,70,70,70,70,70,70,70,70,70,70,70,70,70,70,70,70,70,70,70,70,70,70,70,70,70,70,70,70,70,70,70,70,70,70],"relic_stats":{"counters":[27,149],"Mummified Hand":[0],"Pantograph":14,"Eternal Feather":19,"PreservedInsect":297,"Kunai":[13],"War Paint":["theMarked:Panic","theMarked:Defend"],"obtain_stats":[{"Ice Cream":34,"Calipers":43,"Oddly Smooth Stone":25,"Eternal Feather":42,"theMarked:SpiritSword":17,"PreservedInsect":26,"War Paint":34,"WarpedTongs":13,"Mercury Hourglass":47,"Calling Bell":34,"theMarked:ArtifactOfAir":0,"Mummified Hand":34,"Pantograph":54,"Molten Egg 2":30,"theMarked:VonisonLock":0,"CultistMask":19,"Red Mask":41,"Kunai":44,"StrikeDummy":7,"FossilizedHelix":36,"Meat on the Bone":12},{"Ice Cream":15,"Calipers":20,"Oddly Smooth Stone":13,"Eternal Feather":20,"theMarked:SpiritSword":8,"PreservedInsect":13,"War Paint":15,"WarpedTongs":6,"Mercury Hourglass":23,"Calling Bell":15,"theMarked:ArtifactOfAir":0,"Mummified Hand":15,"Pantograph":26,"Molten Egg 2":13,"theMarked:VonisonLock":0,"CultistMask":9,"Red Mask":19,"Kunai":21,"StrikeDummy":3,"FossilizedHelix":16,"Meat on the Bone":6},{"Ice Cream":80,"Calipers":106,"Oddly Smooth Stone":65,"Eternal Feather":106,"theMarked:SpiritSword":39,"PreservedInsect":65,"War Paint":80,"WarpedTongs":25,"Mercury Hourglass":125,"Calling Bell":80,"theMarked:ArtifactOfAir":0,"Mummified Hand":80,"Pantograph":146,"Molten Egg 2":65,"theMarked:VonisonLock":0,"CultistMask":44,"Red Mask":101,"Kunai":113,"StrikeDummy":15,"FossilizedHelix":86,"Meat on the Bone":25}],"Meat on the Bone":72,"WarpedTongs":[118],"Mercury Hourglass":[62]},"card_choices":[{"not_picked":["theMarked:TakeCover","theMarked:TwofoldDefense"],"picked":"theMarked:AttractMetal","floor":1},{"not_picked":["theMarked:WastefulDefense","theMarked:ResourceFulStrike","theMarked:Static"],"picked":"SKIP","floor":4},{"not_picked":["theMarked:Static","theMarked:WastefulAttack","theMarked:EmpowerWeapon"],"picked":"SKIP","floor":7},{"not_picked":["theMarked:ContemptForTheProud","theMarked:CreepingChasm"],"picked":"theMarked:Parkour","floor":8},{"not_picked":["theMarked:TurnInvisible","theMarked:WastefulDefense","theMarked:Aftermath"],"picked":"SKIP","floor":11},{"not_picked":["theMarked:BanishingStrike","theMarked:WastefulDefense","theMarked:SwordAndMagic"],"picked":"SKIP","floor":12},{"not_picked":["theMarked:Challenge","theMarked:GodGivenPower","theMarked:RogueSparks"],"picked":"SKIP","floor":14},{"not_picked":["theMarked:TurnInvisible","theMarked:SoldierForm"],"picked":"theMarked:MuscleMemory","floor":16},{"not_picked":["theMarked:SelfDefenseTraining","theMarked:ChainLightning","theMarked:WardOff"],"picked":"SKIP","floor":18},{"not_picked":["theMarked:MaelstromOfLightning+1","theMarked:MysticalArsenal","theMarked:BanishingStrike"],"picked":"SKIP","floor":20},{"not_picked":["theMarked:WardOff+1","theMarked:ResourceFulStrike","theMarked:Parkour"],"picked":"SKIP","floor":21},{"not_picked":["theMarked:WastefulAttack","theMarked:ReduceFriction+1","theMarked:TurnInvisible"],"picked":"SKIP","floor":24},{"not_picked":["theMarked:MaelstromOfLightning+1","theMarked:Electrocute","theMarked:RepellingDischarge"],"picked":"SKIP","floor":25},{"not_picked":["theMarked:WardOff","theMarked:ChainLightning+1","theMarked:BanishingStrike+1"],"picked":"SKIP","floor":31},{"not_picked":["theMarked:Generate","theMarked:Static"],"picked":"theMarked:StartUp+1","floor":35},{"not_picked":["theMarked:EmpowerWeapon+1","theMarked:SwordAndMagic+1"],"picked":"theMarked:StartUp+1","floor":37},{"not_picked":["theMarked:Electrocute+1","theMarked:Parkour+1"],"picked":"theMarked:TwofoldDefense+1","floor":38},{"not_picked":["theMarked:Electrify","theMarked:Aftermath+1","theMarked:Parry"],"picked":"SKIP","floor":39},{"not_picked":["theMarked:BanishingStrike+1","theMarked:Indomitable","theMarked:SummonStrength"],"picked":"SKIP","floor":42},{"not_picked":["theMarked:Electrocute+1","theMarked:HeightenedSenses","theMarked:WardOff+1"],"picked":"SKIP","floor":44},{"not_picked":["theMarked:WardOff+1","theMarked:WastefulAttack+1"],"picked":"theMarked:HeightenedSenses+1","floor":46},{"not_picked":["theMarked:ReduceFriction+1","theMarked:Frustration+1","theMarked:ResourceFulStrike+1"],"picked":"SKIP","floor":47},{"not_picked":["theMarked:MaelstromOfLightning","theMarked:PowerFlow","theMarked:EnhanceMovement+1"],"picked":"SKIP","floor":48},{"not_picked":["theMarked:ReduceFriction","theMarked:Standoff","theMarked:RepellingDischarge"],"picked":"SKIP","floor":54}],"player_experience":656748,"relics_obtained":[{"floor":7,"key":"StrikeDummy"},{"floor":12,"key":"Meat on the Bone"},{"floor":25,"key":"Oddly Smooth Stone"},{"floor":26,"key":"PreservedInsect"},{"floor":30,"key":"Molten Egg 2"},{"floor":34,"key":"War Paint"},{"floor":34,"key":"Mummified Hand"},{"floor":34,"key":"Ice Cream"},{"floor":42,"key":"Eternal Feather"},{"floor":43,"key":"Calipers"},{"floor":44,"key":"Kunai"},{"floor":47,"key":"Mercury Hourglass"},{"floor":54,"key":"Pantograph"}],"event_choices":[{"damage_healed":0,"gold_gain":175,"player_choice":"AGREE","damage_taken":0,"max_hp_gain":0,"max_hp_loss":0,"event_name":"Liars Game","floor":2,"gold_loss":0,"cards_obtained":["Doubt"]},{"damage_healed":0,"gold_gain":75,"player_choice":"Gather Gold","damage_taken":11,"max_hp_gain":0,"max_hp_loss":0,"event_name":"World of Goop","floor":5,"gold_loss":0},{"damage_healed":0,"gold_gain":0,"player_choice":"Rummage","damage_taken":0,"relics_obtained":["WarpedTongs"],"max_hp_gain":0,"max_hp_loss":0,"event_name":"Accursed Blacksmith","floor":13,"gold_loss":0,"cards_obtained":["Pain"]},{"damage_healed":0,"gold_gain":0,"player_choice":"Trade","damage_taken":0,"relics_obtained":["CultistMask"],"max_hp_gain":0,"max_hp_loss":0,"event_name":"FaceTrader","floor":19,"gold_loss":0},{"damage_healed":0,"gold_gain":0,"player_choice":"Read","damage_taken":0,"max_hp_gain":0,"max_hp_loss":0,"event_name":"The Library","floor":28,"gold_loss":0,"cards_obtained":["theMarked:ParalyzingBlade"]},{"damage_healed":0,"gold_gain":0,"player_choice":"Paid","damage_taken":0,"relics_obtained":["Red Mask"],"max_hp_gain":0,"max_hp_loss":0,"event_name":"Tomb of Lord Red Mask","floor":41,"gold_loss":141}],"is_beta":true,"boss_relics":[{"not_picked":["Snecko Eye","Astrolabe"],"picked":"theMarked:SpiritSword"},{"not_picked":["Cursed Key","theMarked:BronzeBlade"],"picked":"Calling Bell"}],"items_purged_floors":[3,22],"is_endless":false,"potions_floor_spawned":[1,4,7,8,12,18,21,24,25,31,35,38,39,44,54],"killed_by":"The Heart","ascension_level":1}}