{"host":"cv77zuuuekizn3ic","time":1609753063,"event":{"mods":["AchievementEnabler","BaseMod","Marisa£®ÏF”Í°°ƒß¿Ì…≥£©","Minty Spire (QoL Compilation)","StSLib","Waifu the Spire","everything is the same but u backflip on backflip","slay the spire mod where everything is the same but ironclad has a cowboy hat"],"gold_per_floor":[117,134,84,84,84,115,115,115,141,9,59,59,74,92,92,224,224,245,245,170,202,102,150,174,174,174,174,227,245,245,160,160,271,271,284,302,321,371,393,427,527,527,527,537,576,592,614,639,639,639,639],"floor_reached":50,"playtime":3270,"items_purged":["Strike_B","Strike_B"],"score":1041,"play_id":"3383e021-c25c-43dd-af69-2dd69fe63e46","local_time":"20210104173743","is_ascension_mode":true,"campfire_choices":[{"data":"Zap","floor":8.0,"key":"SMITH"},{"data":"Hologram","floor":12.0,"key":"SMITH"},{"data":"Coolheaded","floor":15.0,"key":"SMITH"},{"data":"Scrape","floor":25.0,"key":"SMITH"},{"data":"Go for the Eyes","floor":27.0,"key":"SMITH"},{"data":"Dualcast","floor":32.0,"key":"SMITH"},{"data":"Coolheaded","floor":42.0,"key":"SMITH"},{"floor":49.0,"key":"RECALL"}],"circlet_count":0,"master_deck":["Defend_B","Zap+1","Dualcast+1","Coolheaded+1","Glacier","Streamline","Hologram+1","Meteor Strike","Fission","Scrape+1","Go for the Eyes+1","Redo+1","Steam","Coolheaded+1","Seek+1","Madness+1","Madness+1","BootSequence+1","Steam Power+1","Parasite"],"relics":["Cracked Core","NeowsBlessing","Bloody Idol","Pocketwatch","HornCleat","CeramicFish","Centennial Puzzle","Inserter","DataDisk","The Courier","Singing Bowl","CaptainsWheel","Toxic Egg 2","Nuclear Battery","Calipers","Cables","Smiling Mask","StoneCalendar"],"acts_visited":["Exordium","TheCity","TheBeyond"],"potions_floor_usage":[50],"damage_taken":[{"damage":0.0,"enemies":"2 Louse","floor":1.0,"turns":1.0},{"damage":0.0,"enemies":"Small Slimes","floor":2.0,"turns":1.0},{"damage":0.0,"enemies":"Gremlin Nob","floor":6.0,"turns":1.0},{"damage":4.0,"enemies":"Lagavulin","floor":11.0,"turns":6.0},{"damage":1.0,"enemies":"Jaw Worm","floor":13.0,"turns":3.0},{"damage":0.0,"enemies":"3 Louse","floor":14.0,"turns":3.0},{"damage":30.0,"enemies":"Hexaghost","floor":16.0,"turns":13.0},{"damage":6.0,"enemies":"Spheric Guardian","floor":18.0,"turns":4.0},{"damage":0.0,"enemies":"2 Thieves","floor":21.0,"turns":4.0},{"damage":21.0,"enemies":"Book of Stabbing","floor":23.0,"turns":4.0},{"damage":2.0,"enemies":"Cultist and Chosen","floor":24.0,"turns":6.0},{"damage":0.0,"enemies":"Gremlin Leader","floor":28.0,"turns":7.0},{"damage":4.0,"enemies":"Champ","floor":33.0,"turns":11.0},{"damage":0.0,"enemies":"3 Darklings","floor":35.0,"turns":6.0},{"damage":6.0,"enemies":"3 Shapes","floor":37.0,"turns":2.0},{"damage":0.0,"enemies":"Mind Bloom Boss Battle","floor":38.0,"turns":5.0},{"damage":0.0,"enemies":"Maw","floor":39.0,"turns":8.0},{"damage":24.0,"enemies":"Nemesis","floor":40.0,"turns":7.0},{"damage":0.0,"enemies":"Sphere and 2 Shapes","floor":44.0,"turns":3.0},{"damage":0.0,"enemies":"Reptomancer","floor":45.0,"turns":5.0},{"damage":0.0,"enemies":"4 Shapes","floor":46.0,"turns":3.0},{"damage":0.0,"enemies":"Writhing Mass","floor":47.0,"turns":4.0},{"damage":0.0,"enemies":"Nemesis","floor":48.0,"turns":5.0},{"damage":133,"enemies":"Time Eater","floor":50,"turns":15}],"seed_played":"-3230568140045657567","potions_obtained":[{"floor":11.0,"key":"FearPotion"},{"floor":16.0,"key":"FocusPotion"},{"floor":18.0,"key":"Fire Potion"},{"floor":35.0,"key":"SteroidPotion"},{"floor":39.0,"key":"Strength Potion"}],"is_trial":false,"path_per_floor":["M","M","?","?","?","E","?","R","T","$","E","R","M","M","R","B",null,"M","?","?","M","$","E","M","R","T","R","E","?","?","?","R","B",null,"M","?","M","?","M","E","?","R","T","M","E","M","M","E","R","B"],"character_chosen":"DEFECT","items_purchased":["Streamline","Hologram"],"campfire_rested":0,"item_purchase_floors":[10,10],"current_hp_per_floor":[68,68,68,68,43,43,36,36,36,36,32,32,31,31,31,1,52,46,46,46,46,46,25,23,23,23,23,23,23,23,23,23,29,59,66,67,68,75,75,58,63,63,63,70,79,81,83,85,85,0,0],"gold":639,"neow_bonus":"THREE_ENEMY_KILL","is_daily":false,"chose_seed":false,"campfire_upgraded":7,"win_rate":0.0,"timestamp":1609753063,"path_taken":["M","M","?","?","?","E","?","R","T","$","E","R","M","M","R","BOSS","M","?","?","M","$","E","M","R","T","R","E","?","?","?","R","BOSS","M","?","M","?","M","E","?","R","T","M","E","?","M","E","R","BOSS"],"items_purchased_type":["Card","Card"],"build_version":"2020-12-22","purchased_purges":2,"victory":false,"max_hp_per_floor":[75,75,75,69,69,69,69,69,69,69,69,69,69,69,69,69,69,69,69,69,69,69,69,69,69,69,69,69,69,69,69,69,69,69,71,71,73,75,75,77,77,77,77,79,79,81,83,85,85,85,85],"card_choices":[{"not_picked":["Gash","Capacitor"],"picked":"Coolheaded","floor":1.0},{"not_picked":["Streamline","Stack"],"picked":"Glacier","floor":2.0},{"not_picked":["Gash","Stack","Consume"],"picked":"SKIP","floor":6.0},{"not_picked":["Coolheaded","Redo"],"picked":"Meteor Strike","floor":11.0},{"not_picked":["Chill","Capacitor","Stack"],"picked":"SKIP","floor":13.0},{"not_picked":["Steam","Rebound","Go for the Eyes"],"picked":"SKIP","floor":14.0},{"not_picked":["Thunder Strike","Echo Form"],"picked":"Fission","floor":16.0},{"not_picked":["Leap+1","Conserve Battery","Force Field"],"picked":"SKIP","floor":18.0},{"not_picked":["Streamline","Gash+1"],"picked":"Scrape","floor":21.0},{"not_picked":["Fusion","Streamline"],"picked":"Go for the Eyes","floor":23.0},{"not_picked":["Creative AI","Cold Snap+1","Doom and Gloom"],"picked":"SKIP","floor":24.0},{"not_picked":["Go for the Eyes","Stack"],"picked":"Redo+1","floor":28.0},{"not_picked":["Thunder Strike","Rainbow+1"],"picked":"Seek+1","floor":33.0},{"not_picked":["Rebound","Compile Driver+1","Chaos+1"],"picked":"Singing Bowl","floor":35.0},{"not_picked":["Rip and Tear","Blizzard+1","Ball Lightning+1"],"picked":"Singing Bowl","floor":37.0},{"not_picked":["Steam+1","Compile Driver+1","Gash"],"picked":"Singing Bowl","floor":38.0},{"not_picked":["Redo+1","Tempest+1"],"picked":"BootSequence+1","floor":39.0},{"not_picked":["Barrage+1","Chill+1","Rebound"],"picked":"Singing Bowl","floor":40.0},{"not_picked":["Coolheaded+1","Seek+1","Fusion+1"],"picked":"Singing Bowl","floor":44.0},{"not_picked":["Compile Driver","Force Field+1"],"picked":"Steam Power+1","floor":45.0},{"not_picked":["Reinforced Body+1","Double Energy+1","Cold Snap"],"picked":"Singing Bowl","floor":46.0},{"not_picked":["Blizzard+1","Sweeping Beam+1","Coolheaded+1"],"picked":"Singing Bowl","floor":47.0},{"not_picked":["Rebound+1","Electrodynamics","Sweeping Beam"],"picked":"Singing Bowl","floor":48.0}],"player_experience":709703,"relics_obtained":[{"floor":6.0,"key":"HornCleat"},{"floor":9.0,"key":"CeramicFish"},{"floor":11.0,"key":"Centennial Puzzle"},{"floor":23.0,"key":"The Courier"},{"floor":26.0,"key":"Singing Bowl"},{"floor":28.0,"key":"CaptainsWheel"},{"floor":38.0,"key":"Calipers"},{"floor":40.0,"key":"Cables"},{"floor":45.0,"key":"Smiling Mask"},{"floor":48.0,"key":"StoneCalendar"}],"event_choices":[{"cards_removed":["Strike_B"],"damage_healed":0.0,"max_hp_gain":0.0,"max_hp_loss":0.0,"gold_gain":0.0,"event_name":"The Cleric","player_choice":"Card Removal","floor":3.0,"gold_loss":50.0,"damage_taken":0.0},{"damage_healed":0.0,"max_hp_gain":0.0,"max_hp_loss":6.0,"gold_gain":0.0,"event_name":"Golden Idol","player_choice":"Lose Max HP","floor":4.0,"gold_loss":0.0,"damage_taken":0.0,"relics_obtained":["Golden Idol"]},{"damage_healed":0.0,"max_hp_gain":0.0,"max_hp_loss":0.0,"gold_gain":0.0,"event_name":"Scrap Ooze","player_choice":"Success","floor":5.0,"gold_loss":0.0,"damage_taken":25.0,"relics_obtained":["Pocketwatch"]},{"cards_removed":["Defend_B"],"damage_healed":0.0,"max_hp_gain":0.0,"max_hp_loss":0.0,"gold_gain":0.0,"event_name":"Golden Wing","player_choice":"Card Removal","floor":7.0,"gold_loss":0.0,"damage_taken":7.0},{"damage_healed":0.0,"max_hp_gain":0.0,"max_hp_loss":0.0,"gold_gain":0.0,"event_name":"The Mausoleum","player_choice":"Opened","floor":19.0,"gold_loss":0.0,"damage_taken":0.0,"relics_obtained":["DataDisk"]},{"cards_removed":["Strike_B"],"damage_healed":0.0,"max_hp_gain":0.0,"max_hp_loss":0.0,"gold_gain":0.0,"event_name":"Beggar","player_choice":"Gave Gold","floor":20.0,"gold_loss":75.0,"damage_taken":0.0},{"damage_healed":0.0,"max_hp_gain":0.0,"max_hp_loss":0.0,"gold_gain":0.0,"cards_transformed":["Defend_B","Defend_B"],"event_name":"Drug Dealer","player_choice":"Became Test Subject","floor":29.0,"gold_loss":0.0,"damage_taken":0.0,"cards_obtained":["Steam","Coolheaded"]},{"damage_healed":0.0,"max_hp_gain":0.0,"max_hp_loss":0.0,"gold_gain":0.0,"event_name":"Forgotten Altar","player_choice":"Gave Idol","floor":30.0,"relics_lost":["Golden Idol"],"gold_loss":0.0,"damage_taken":0.0,"relics_obtained":["Bloody Idol"]},{"damage_healed":0.0,"max_hp_gain":0.0,"max_hp_loss":0.0,"gold_gain":0.0,"event_name":"Addict","player_choice":"Obtained Relic","floor":31.0,"gold_loss":85.0,"damage_taken":0.0,"relics_obtained":["Toxic Egg 2"]},{"damage_healed":0.0,"max_hp_gain":0.0,"max_hp_loss":0.0,"gold_gain":0.0,"event_name":"Winding Halls","player_choice":"Embrace Madness","floor":36.0,"gold_loss":0.0,"damage_taken":9.0,"cards_obtained":["Madness","Madness"]},{"damage_healed":0.0,"max_hp_gain":0.0,"max_hp_loss":0.0,"gold_gain":0.0,"event_name":"MindBloom","player_choice":"Fight","floor":38.0,"gold_loss":0.0,"damage_taken":0.0},{"damage_healed":0.0,"max_hp_gain":0.0,"max_hp_loss":0.0,"gold_gain":100.0,"event_name":"Golden Shrine","player_choice":"Pray","floor":41.0,"gold_loss":0.0,"damage_taken":0.0}],"is_beta":false,"boss_relics":[{"not_picked":["SacredBark","Busted Crown"],"picked":"Inserter"},{"not_picked":["Runic Pyramid","Cursed Key"],"picked":"Nuclear Battery"}],"items_purged_floors":[10,22],"is_endless":false,"potions_floor_spawned":[11,16,18,35,39,40,44,47],"killed_by":"Time Eater","ascension_level":9}}