{"host":"ryuep8ewa00k39z9","time":1609776780,"event":{"mods":["AchievementEnabler","BaseMod","Best Route Mod","Colored Map","Colored Powertips","Displayed Cursed Tome","Highlight Path","Minty Spire (QoL Compilation)","Quick Restart","SuperFastMode"],"gold_per_floor":[115,129,129,148,162,190,190,190,217,231,231,231,231,231,231,360,360,380,396,165,178,197,197,210,309,309,309,324,324,324,340,340,460,460,474,488,821,821,85,85,119,119,143,143,157,0,17,36,36,36,36,36,36,36,36],"floor_reached":54,"playtime":42894,"items_purged":["Defend_B","Strike_B"],"score":912,"play_id":"68769c9e-a67b-4ac6-89d9-bbbdcbba8235","local_time":"20210104101300","is_ascension_mode":true,"campfire_choices":[{"floor":8.0,"key":"REST"},{"data":"Biased Cognition","floor":12.0,"key":"SMITH"},{"data":"Gash","floor":15.0,"key":"SMITH"},{"data":"Glacier","floor":23.0,"key":"SMITH"},{"floor":27.0,"key":"REST"},{"floor":29.0,"key":"REST"},{"data":"Echo Form","floor":32.0,"key":"SMITH"},{"floor":40.0,"key":"REST"},{"floor":42.0,"key":"REST"},{"floor":44.0,"key":"RECALL"},{"floor":49,"key":"REST"},{"data":"Amplify","floor":52,"key":"SMITH"}],"circlet_count":0,"master_deck":["Strike_B","Strike_B","Defend_B","Defend_B","Defend_B","Zap","Dualcast","Gash+1","Lockon","Tempest","Gash","Biased Cognition+1","Echo Form+1","Double Energy","Glacier+1","Conserve Battery","Conserve Battery","Creative AI","Amplify+1","Force Field+1","Barrage+1","Storm","Chill","Gash","Tempest+1","Gash+1","Loop","Chaos+1"],"relics":["Philosopher\u0027s Stone","Oddly Smooth Stone","Juzu Bracelet","Pen Nib","Runic Pyramid","Lee\u0027s Waffle","Mercury Hourglass","Inserter","Strawberry","Regal Pillow","Lantern","Dream Catcher","Red Mask"],"acts_visited":["Exordium","TheCity","TheBeyond","TheEnding"],"potions_floor_usage":[48],"damage_taken":[{"damage":9.0,"enemies":"2 Louse","floor":1.0,"turns":3.0},{"damage":0.0,"enemies":"Cultist","floor":2.0,"turns":3.0},{"damage":4.0,"enemies":"Jaw Worm","floor":4.0,"turns":2.0},{"damage":0.0,"enemies":"2 Fungi Beasts","floor":5.0,"turns":1.0},{"damage":44.0,"enemies":"Lagavulin","floor":6.0,"turns":7.0},{"damage":2.0,"enemies":"Blue Slaver","floor":10.0,"turns":3.0},{"damage":27.0,"enemies":"Hexaghost","floor":16.0,"turns":6.0},{"damage":26.0,"enemies":"Shell Parasite","floor":18.0,"turns":5.0},{"damage":34.0,"enemies":"3 Byrds","floor":19.0,"turns":4.0},{"damage":8.0,"enemies":"Snecko","floor":21.0,"turns":4.0},{"damage":18.0,"enemies":"Snake Plant","floor":22.0,"turns":3.0},{"damage":20.0,"enemies":"Chosen and Byrds","floor":24.0,"turns":5.0},{"damage":19.0,"enemies":"Centurion and Healer","floor":28.0,"turns":4.0},{"damage":0.0,"enemies":"Snecko","floor":31.0,"turns":2.0},{"damage":18.0,"enemies":"Collector","floor":33.0,"turns":7.0},{"damage":60.0,"enemies":"3 Darklings","floor":35.0,"turns":6.0},{"damage":5.0,"enemies":"3 Shapes","floor":36.0,"turns":5.0},{"damage":8.0,"enemies":"Nemesis","floor":41.0,"turns":5.0},{"damage":19.0,"enemies":"3 Darklings","floor":45.0,"turns":5.0},{"damage":28.0,"enemies":"Writhing Mass","floor":47.0,"turns":5.0},{"damage":12,"enemies":"Transient","floor":48,"turns":5},{"damage":66,"enemies":"Donu and Deca","floor":50,"turns":7},{"damage":81,"enemies":"Shield and Spear","floor":54,"turns":5}],"seed_played":"-6040323270937624537","potions_obtained":[{"floor":2.0,"key":"EssenceOfSteel"},{"floor":4.0,"key":"PowerPotion"},{"floor":6.0,"key":"Energy Potion"},{"floor":21.0,"key":"ColorlessPotion"},{"floor":24.0,"key":"SteroidPotion"},{"floor":28.0,"key":"GamblersBrew"},{"floor":31.0,"key":"Swift Potion"},{"floor":35.0,"key":"Block Potion"},{"floor":36.0,"key":"SpeedPotion"},{"floor":47.0,"key":"Weak Potion"}],"is_trial":false,"path_per_floor":["M","M","?","M","M","E","?","R","T","M","?","R","T","?","R","B",null,"M","M","$","M","M","R","M","?","T","R","M","R","?","M","R","B",null,"M","M","?","T","$","R","E","R","T","R","M","?","M","M","R","B",null,"R","$","E"],"character_chosen":"DEFECT","items_purchased":["Lee\u0027s Waffle","Fruit Juice","Regal Pillow","Lantern","Storm","Chill","Gash","LiquidMemories"],"campfire_rested":6,"item_purchase_floors":[20,39,39,39,39,39,39,39],"current_hp_per_floor":[59,59,59,55,55,11,11,33,33,31,56,56,56,49,49,22,62,36,2,82,74,56,56,36,36,36,60,41,65,65,65,65,47,73,13,8,8,15,20,63,55,94,94,94,75,75,47,35,78,12,74,74,74,0,0],"gold":36,"neow_bonus":"BOSS_RELIC","is_daily":false,"chose_seed":false,"campfire_upgraded":5,"win_rate":0.0,"timestamp":1609776780,"path_taken":["M","M","?","M","?","E","?","R","T","M","?","R","?","?","R","BOSS","M","M","$","M","M","R","M","?","T","R","M","R","?","M","R","BOSS","M","M","?","?","$","R","E","R","T","R","M","?","M","M","R","BOSS","R","$","E"],"items_purchased_type":["Relic","Potion","Relic","Relic","Card","Card","Card","Potion"],"build_version":"2020-12-22","purchased_purges":2,"victory":false,"max_hp_per_floor":[75,75,75,75,75,75,75,75,75,75,75,75,75,75,75,75,75,75,75,82,82,82,82,82,82,82,82,82,82,82,82,82,82,82,82,82,82,89,94,94,94,94,94,94,94,94,94,94,94,94,94,94,94,94,94],"card_choices":[{"not_picked":["Beam Cell","Hologram"],"picked":"Gash","floor":1.0},{"not_picked":["Redo","Rip and Tear"],"picked":"Lockon","floor":2.0},{"not_picked":["Compile Driver","Coolheaded"],"picked":"Tempest","floor":4.0},{"not_picked":["Barrage","Steam","Gash"],"picked":"SKIP","floor":5.0},{"not_picked":["Go for the Eyes","Streamline"],"picked":"Gash","floor":6.0},{"not_picked":["Compile Driver","Chill"],"picked":"Biased Cognition","floor":10.0},{"not_picked":["Amplify","Reboot"],"picked":"Echo Form","floor":16.0},{"not_picked":["Compile Driver","Streamline+1","Redo"],"picked":"SKIP","floor":18.0},{"not_picked":["Coolheaded","Sweeping Beam","Hello World"],"picked":"SKIP","floor":19.0},{"not_picked":["Barrage","Stack"],"picked":"Double Energy","floor":21.0},{"not_picked":["Genetic Algorithm","Hello World"],"picked":"Glacier","floor":22.0},{"not_picked":["Steam","Scrape"],"picked":"Conserve Battery","floor":24.0},{"not_picked":["Rip and Tear","Stack"],"picked":"Conserve Battery","floor":28.0},{"not_picked":["Cold Snap","Sweeping Beam","BootSequence"],"picked":"SKIP","floor":31.0},{"not_picked":["Buffer","Rainbow"],"picked":"Amplify","floor":33.0},{"not_picked":["Heatsinks+1","Go for the Eyes+1"],"picked":"Force Field+1","floor":35.0},{"not_picked":["Conserve Battery","Streamline"],"picked":"Barrage+1","floor":36.0},{"not_picked":["Sweeping Beam+1","Sunder"],"picked":"Tempest+1","floor":41.0},{"not_picked":["Coolheaded+1","Heatsinks"],"picked":"Gash+1","floor":42.0},{"not_picked":["Cold Snap+1","Rip and Tear","FTL+1"],"picked":"SKIP","floor":45.0},{"not_picked":["Ball Lightning+1","Reinforced Body"],"picked":"Loop","floor":47.0},{"not_picked":["Tempest","Leap"],"picked":"Chaos+1","floor":48}],"player_experience":3847220,"relics_obtained":[{"floor":6.0,"key":"Oddly Smooth Stone"},{"floor":9.0,"key":"Juzu Bracelet"},{"floor":13.0,"key":"Pen Nib"},{"floor":26.0,"key":"Mercury Hourglass"},{"floor":38.0,"key":"Strawberry"},{"floor":41.0,"key":"Dream Catcher"}],"event_choices":[{"cards_removed":["Strike_B"],"damage_healed":0.0,"max_hp_gain":0.0,"max_hp_loss":0.0,"gold_gain":0.0,"event_name":"Purifier","player_choice":"Purged","floor":3.0,"gold_loss":0.0,"damage_taken":0.0},{"damage_healed":0.0,"max_hp_gain":0.0,"max_hp_loss":0.0,"gold_gain":0.0,"event_name":"Golden Idol","player_choice":"Take Wound","floor":7.0,"gold_loss":0.0,"damage_taken":0.0,"relics_obtained":["Golden Idol"],"cards_obtained":["Injury"]},{"damage_healed":25.0,"max_hp_gain":0.0,"max_hp_loss":0.0,"gold_gain":0.0,"event_name":"Big Fish","player_choice":"Banana","floor":11.0,"gold_loss":0.0,"damage_taken":0.0},{"cards_removed":["Injury"],"damage_healed":0.0,"max_hp_gain":0.0,"max_hp_loss":0.0,"gold_gain":0.0,"event_name":"Golden Wing","player_choice":"Card Removal","floor":14.0,"gold_loss":0.0,"damage_taken":7.0},{"damage_healed":0.0,"max_hp_gain":0.0,"max_hp_loss":0.0,"gold_gain":99.0,"event_name":"Nest","player_choice":"Stole From Cult","floor":25.0,"gold_loss":0.0,"damage_taken":0.0},{"damage_healed":0.0,"max_hp_gain":0.0,"max_hp_loss":0.0,"gold_gain":0.0,"event_name":"The Library","player_choice":"Read","floor":30.0,"gold_loss":0.0,"damage_taken":0.0,"cards_obtained":["Creative AI"]},{"damage_healed":0.0,"max_hp_gain":0.0,"max_hp_loss":0.0,"gold_gain":333.0,"event_name":"The Moai Head","player_choice":"Gave Idol","floor":37.0,"relics_lost":["Golden Idol"],"gold_loss":0.0,"damage_taken":0.0},{"damage_healed":0.0,"max_hp_gain":0.0,"max_hp_loss":0.0,"gold_gain":0.0,"event_name":"Tomb of Lord Red Mask","player_choice":"Paid","floor":46.0,"gold_loss":157.0,"damage_taken":0.0,"relics_obtained":["Red Mask"]}],"is_beta":false,"boss_relics":[{"not_picked":["Ectoplasm","Runic Dome"],"picked":"Runic Pyramid"},{"not_picked":["Cursed Key","Coffee Dripper"],"picked":"Inserter"}],"items_purged_floors":[20,39],"is_endless":false,"potions_floor_spawned":[2,4,6,21,24,28,31,35,36,47],"killed_by":"Shield and Spear","ascension_level":6}}