{"host":"sav7uxregyirlf69","time":1609728467,"event":{"mods":["AchievementEnabler","BaseMod","Colored Map","DeckTracker","Keyboard Shortcuts","Minty Spire (QoL Compilation)","READ ME - Guardian Mod","StSLib","SuperFastMode"],"gold_per_floor":[114,127,127,127,173,173,202,221,247,261,276,276,307,61,61,140,140,154,183,116,128,128,128,157,157,225,240,165,165,100,141,141,228,228,242,266,266,282,504,535,553,553,577,361,418,93,128,143,143,143,143,143,143,9,40,40],"floor_reached":57,"playtime":1939,"items_purged":["Strike_R","Perfected Strike","Strike_R"],"score":2858,"play_id":"b00f37cb-2de8-40ef-81a6-ed9db20490d0","local_time":"20210104114747","is_ascension_mode":true,"campfire_choices":[{"data":"Bash","floor":6.0,"key":"SMITH"},{"data":"True Grit","floor":12.0,"key":"SMITH"},{"data":"Havoc","floor":15.0,"key":"SMITH"},{"data":"Armaments","floor":23.0,"key":"SMITH"},{"data":"Feel No Pain","floor":25.0,"key":"SMITH"},{"data":"Battle Trance","floor":32.0,"key":"SMITH"},{"data":"Heavy Blade","floor":42.0,"key":"SMITH"},{"floor":49.0,"key":"RECALL"},{"data":"Fire Breathing","floor":53.0,"key":"SMITH"}],"circlet_count":0,"master_deck":["AscendersBane","Strike_R","Defend_R","Defend_R","Defend_R","Defend_R","Bash+1","Headbutt","Rampage+1","Havoc+1","Shrug It Off","True Grit+1","Reaper","Feel No Pain+1","Battle Trance+1","Barricade","Carnage","Armaments+1","Second Wind","Corruption","Blood for Blood","Dark Embrace","Flame Barrier","Spot Weakness+1","Exhume","Heavy Blade+1","Finesse","Jack Of All Trades","Shrug It Off","Carnage","Armaments","Burning Pact","Blood for Blood","Fire Breathing+1","Demon Form","Heavy Blade","Havoc"],"relics":["Burning Blood","NeowsBlessing","Ancient Tea Set","Centennial Puzzle","Akabeko","Boot","Membership Card","Snecko Eye","Red Mask","PreservedInsect","Ornamental Fan","CeramicFish","Busted Crown","Smiling Mask","Bag of Marbles","Magic Flower","Medical Kit","Lantern","Lizard Tail","Bronze Scales"],"acts_visited":["Exordium","TheCity","TheBeyond","TheEnding"],"potions_floor_usage":[56,56],"damage_taken":[{"damage":0.0,"enemies":"Small Slimes","floor":1.0,"turns":1.0},{"damage":0.0,"enemies":"Jaw Worm","floor":2.0,"turns":1.0},{"damage":0.0,"enemies":"Lagavulin","floor":7.0,"turns":1.0},{"damage":1.0,"enemies":"Cultist","floor":8.0,"turns":3.0},{"damage":9.0,"enemies":"Red Slaver","floor":10.0,"turns":4.0},{"damage":6.0,"enemies":"Looter","floor":11.0,"turns":2.0},{"damage":50.0,"enemies":"3 Sentries","floor":13.0,"turns":11.0},{"damage":13.0,"enemies":"The Guardian","floor":16.0,"turns":9.0},{"damage":8.0,"enemies":"2 Thieves","floor":18.0,"turns":3.0},{"damage":48.0,"enemies":"Masked Bandits","floor":19.0,"turns":5.0},{"damage":15.0,"enemies":"3 Byrds","floor":21.0,"turns":3.0},{"damage":23.0,"enemies":"Gremlin Leader","floor":24.0,"turns":10.0},{"damage":15.0,"enemies":"Snake Plant","floor":27.0,"turns":5.0},{"damage":5.0,"enemies":"Book of Stabbing","floor":31.0,"turns":3.0},{"damage":11.0,"enemies":"Automaton","floor":33.0,"turns":8.0},{"damage":17.0,"enemies":"3 Shapes","floor":35.0,"turns":7.0},{"damage":15.0,"enemies":"3 Darklings","floor":36.0,"turns":6.0},{"damage":0.0,"enemies":"Maw","floor":38.0,"turns":7.0},{"damage":0.0,"enemies":"Giant Head","floor":40.0,"turns":5.0},{"damage":0.0,"enemies":"2 Orb Walkers","floor":45.0,"turns":5.0},{"damage":37.0,"enemies":"Reptomancer","floor":47.0,"turns":4.0},{"damage":2.0,"enemies":"Transient","floor":48.0,"turns":6.0},{"damage":38.0,"enemies":"Time Eater","floor":50.0,"turns":9.0},{"damage":24.0,"enemies":"Donu and Deca","floor":51.0,"turns":8.0},{"damage":41.0,"enemies":"Shield and Spear","floor":55.0,"turns":4.0},{"damage":71,"enemies":"The Heart","floor":56,"turns":7}],"seed_played":"-1691381548806240389","potions_obtained":[{"floor":2.0,"key":"LiquidBronze"},{"floor":8.0,"key":"Fire Potion"},{"floor":19.0,"key":"SmokeBomb"},{"floor":21.0,"key":"Weak Potion"},{"floor":27.0,"key":"EntropicBrew"},{"floor":35.0,"key":"GamblersBrew"},{"floor":40.0,"key":"Dexterity Potion"}],"is_trial":false,"path_per_floor":["M","M","?","?","T","R","E","M","T","M","M","R","E","$","R","B",null,"M","?","$","M","?","R","E","R","T","M","?","?","$","E","R","B",null,"M","M","?","M","?","E","?","R","T","$","?","$","E","M","R","B","B",null,"R","$","E","B",null],"character_chosen":"IRONCLAD","items_purchased":["Membership Card","Battle Trance","Carnage","Armaments","Dark Embrace","Flame Barrier","Shrug It Off","Bag of Marbles","Carnage","Block Potion","Armaments","Medical Kit","Lantern","Blood for Blood","Fire Breathing","Regen Potion","Demon Form","Heavy Blade","SkillPotion","Havoc"],"campfire_rested":0,"item_purchase_floors":[14,14,20,20,30,30,44,44,44,44,44,46,46,46,46,46,54,54,54,54],"current_hp_per_floor":[74,75,75,75,75,75,75,75,75,72,72,72,36,36,36,41,67,73,36,36,45,45,45,33,33,33,36,36,36,36,43,43,62,72,64,75,75,75,75,75,65,65,65,65,75,75,74,75,75,75,75,75,75,75,73,43],"gold":40,"neow_bonus":"THREE_ENEMY_KILL","is_daily":false,"chose_seed":false,"campfire_upgraded":8,"win_rate":0.0,"timestamp":1609728467,"path_taken":["M","M","?","?","?","R","E","M","T","M","?","R","E","?","R","BOSS","M","?","$","M","?","R","E","R","T","M","?","?","$","E","R","BOSS","M","M","?","M","?","E","?","R","T","$","?","$","E","M","R","BOSS","BOSS","R","$","E","BOSS"],"items_purchased_type":["Relic","Card","Card","Card","Card","Card","Card","Relic","Card","Potion","Card","Relic","Relic","Card","Card","Potion","Card","Card","Potion","Card"],"build_version":"2020-12-22","purchased_purges":3,"victory":true,"max_hp_per_floor":[75,75,75,75,75,75,75,75,75,75,75,75,75,75,75,75,75,75,75,75,75,75,75,75,75,75,75,75,75,75,75,75,75,75,75,75,75,75,75,75,75,75,75,75,75,75,75,75,75,75,75,75,75,75,75,75],"card_choices":[{"not_picked":["Heavy Blade","Clothesline"],"picked":"Headbutt","floor":1.0},{"not_picked":["Inflame","Heavy Blade"],"picked":"Rampage","floor":2.0},{"not_picked":["Heavy Blade","Clash"],"picked":"Havoc","floor":7.0},{"not_picked":["Warcry","Power Through"],"picked":"Shrug It Off","floor":8.0},{"not_picked":["Rage","Reckless Charge"],"picked":"True Grit","floor":10.0},{"not_picked":["Reckless Charge","Anger"],"picked":"Reaper","floor":11.0},{"not_picked":["Twin Strike","Entrench"],"picked":"Feel No Pain","floor":13.0},{"not_picked":["Demon Form","Bludgeon"],"picked":"Barricade","floor":16.0},{"not_picked":["Iron Wave+1","Bloodletting+1"],"picked":"Perfected Strike","floor":18.0},{"not_picked":["Combust","Sword Boomerang","Clothesline"],"picked":"SKIP","floor":21.0},{"not_picked":["Heavy Blade","Anger"],"picked":"Corruption","floor":24.0},{"not_picked":["True Grit","Dual Wield"],"picked":"Blood for Blood","floor":27.0},{"not_picked":["True Grit","Seeing Red"],"picked":"Spot Weakness+1","floor":31.0},{"not_picked":["Feed","Brutality"],"picked":"Exhume","floor":33.0},{"not_picked":["Thunderclap"],"picked":"SKIP","floor":35.0},{"not_picked":[],"picked":"Heavy Blade","floor":36.0},{"not_picked":["Twin Strike"],"picked":"SKIP","floor":38.0},{"not_picked":["Dropkick"],"picked":"SKIP","floor":40.0},{"not_picked":[],"picked":"Finesse","floor":41.0},{"not_picked":[],"picked":"Jack Of All Trades","floor":41.0},{"not_picked":[],"picked":"Burning Pact","floor":45.0},{"not_picked":["Clothesline"],"picked":"SKIP","floor":47.0},{"not_picked":["Hemokinesis"],"picked":"SKIP","floor":48.0},{"not_picked":["Clash"],"picked":"SKIP","floor":55.0}],"player_experience":1128565,"relics_obtained":[{"floor":5.0,"key":"Ancient Tea Set"},{"floor":7.0,"key":"Centennial Puzzle"},{"floor":9.0,"key":"Akabeko"},{"floor":13.0,"key":"Boot"},{"floor":19.0,"key":"Red Mask"},{"floor":24.0,"key":"PreservedInsect"},{"floor":26.0,"key":"Ornamental Fan"},{"floor":31.0,"key":"CeramicFish"},{"floor":40.0,"key":"Smiling Mask"},{"floor":45.0,"key":"Magic Flower"},{"floor":47.0,"key":"Lizard Tail"},{"floor":55.0,"key":"Bronze Scales"}],"event_choices":[{"damage_healed":0.0,"max_hp_gain":0.0,"max_hp_loss":0.0,"gold_gain":0.0,"event_name":"Liars Game","player_choice":"Ignored","floor":3.0,"gold_loss":0.0,"damage_taken":0.0},{"damage_healed":0.0,"max_hp_gain":0.0,"max_hp_loss":0.0,"gold_gain":0.0,"event_name":"Living Wall","player_choice":"Grow","floor":4.0,"gold_loss":0.0,"damage_taken":0.0,"cards_upgraded":["Rampage"]},{"damage_healed":0.0,"max_hp_gain":0.0,"max_hp_loss":0.0,"gold_gain":0.0,"event_name":"Masked Bandits","player_choice":"Fought Bandits","floor":19.0,"gold_loss":0.0,"damage_taken":0.0},{"damage_healed":0.0,"max_hp_gain":0.0,"max_hp_loss":0.0,"gold_gain":0.0,"event_name":"The Library","player_choice":"Read","floor":22.0,"gold_loss":0.0,"damage_taken":0.0,"cards_obtained":["Second Wind"]},{"cards_removed":["Strike_R"],"damage_healed":0.0,"max_hp_gain":0.0,"max_hp_loss":0.0,"gold_gain":0.0,"event_name":"Beggar","player_choice":"Gave Gold","floor":28.0,"gold_loss":75.0,"damage_taken":0.0},{"damage_healed":0.0,"max_hp_gain":0.0,"max_hp_loss":0.0,"gold_gain":0.0,"event_name":"The Mausoleum","player_choice":"Ignored","floor":29.0,"gold_loss":0.0,"damage_taken":0.0},{"cards_removed":["Strike_R"],"damage_healed":0.0,"max_hp_gain":0.0,"max_hp_loss":0.0,"gold_gain":0.0,"event_name":"Falling","player_choice":"Removed Attack","floor":37.0,"gold_loss":0.0,"damage_taken":0.0},{"damage_healed":0.0,"max_hp_gain":0.0,"max_hp_loss":0.0,"gold_gain":222.0,"event_name":"Tomb of Lord Red Mask","player_choice":"Wore Mask","floor":39.0,"gold_loss":0.0,"damage_taken":0.0},{"damage_healed":0.0,"max_hp_gain":0.0,"max_hp_loss":0.0,"gold_gain":0.0,"event_name":"SensoryStone","player_choice":"Memory 3","floor":41.0,"gold_loss":0.0,"damage_taken":10.0},{"damage_healed":0.0,"max_hp_gain":0.0,"max_hp_loss":0.0,"gold_gain":0.0,"event_name":"Mysterious Sphere","player_choice":"Fight","floor":45.0,"gold_loss":0.0,"damage_taken":0.0}],"is_beta":false,"boss_relics":[{"not_picked":["Velvet Choker","Empty Cage"],"picked":"Snecko Eye"},{"not_picked":["Runic Cube","Runic Pyramid"],"picked":"Busted Crown"}],"items_purged_floors":[14,44,46],"is_endless":false,"potions_floor_spawned":[2,8,10,19,21,27,35,40,47],"ascension_level":20}}