{"host":"Ceyx","time":1609751906,"event":{"mods":["BaseMod","Beaked The Cultist","BetterRewards","Conspire","Downfall","Hubris","Minty Spire (QoL Compilation)","StSLib","The Jungle"],"gold_per_floor":[99,112,124,124,136,171,171,33,47,61,72,72,172,172,186,289,289,289,300,400,414,430,279,304,304,334,334,242,260,260,260,272,373,373,373,392,409,428,428,455,455,455,455],"floor_reached":42,"playtime":3958,"items_purged":[],"score":600,"play_id":"21c3165d-7b1a-453c-a548-9e11db8ad966","local_time":"20210104161826","is_ascension_mode":false,"campfire_choices":[{"data":"sneckomod:SnekBite","floor":1,"key":"SMITH"},{"data":"sneckomod:CheapStock","floor":18,"key":"SMITH"},{"data":"sneckomod:UnlimitedRolls","floor":25,"key":"SMITH"},{"floor":30,"key":"REST"},{"data":"sneckomod:MorePower","floor":35,"key":"SMITH"}],"circlet_count":0,"master_deck":["sneckomod:Strike","sneckomod:Strike","sneckomod:Strike","sneckomod:Defend","sneckomod:Defend","sneckomod:Defend","sneckomod:TailWhip","sneckomod:SnekBite+1","sneckomod:Unknown","sneckomod:Unknown","sneckomod:WideSting","sneckomod:UnknownBlock","Pain","sneckomod:QuickMove","sneckomod:MorePower","sneckomod:UnknownColorless+1","sneckomod:UnknownCommonSkill","sneckomod:UnknownCommonAttack","sneckomod:CheapStock+1","sneckomod:UnknownRarePower+1","sneckomod:UnknownExhaust","sneckomod:DiceCrush","sneckomod:UnknownExhaust+1","sneckomod:UnknownUncommonPower","sneckomod:UnknownEthereal+1","sneckomod:DiceCrush","sneckomod:Unknown1Cost+1","sneckomod:UnknownRareSkill","sneckomod:UnknownRareSkill+1","sneckomod:UnknownBlock+1","sneckomod:SoulExchange","sneckomod:SnekBeam","sneckomod:WideSting","conspire:Blindness","Slimebound:RollThrough","Flash of Steel","sneckomod:MasterEye","sneckomod:UnknownUncommonPower","sneckomod:Unknown+1","sneckomod:WideSting+1","sneckomod:UnknownRarePower+1","sneckomod:Unknown0Cost","sneckomod:UnlimitedRolls+1","sneckomod:DiceBlock","sneckomod:UnknownStrength+1","sneckomod:ImprovisedGuard","sneckomod:CheapStock","sneckomod:UnknownEthereal+1","sneckomod:UnknownCommonAttack","sneckomod:UnknownStrength+1","sneckomod:Unknown1Cost","sneckomod:UnknownClassGUARDIAN+1","sneckomod:MorePower+1","sneckomod:UnknownEthereal+1","sneckomod:UnknownClassTHE_CHAMP_GRAY+1","sneckomod:UnknownColorless+1","sneckomod:UnknownClassGUARDIAN+1","sneckomod:UnknownExhaust+1","expansioncontent:CaCaw","expansioncontent:Collect","expansioncontent:Chronoboost","sneckomod:UnknownRareAttack+1","sneckomod:UnknownWeak+1","sneckomod:UnknownRareSkill","hubris:Despair"],"relics":["sneckomod:SneckoSoul","WarpedTongs","Letter Opener","Happy Flower","Thread and Needle","conspire:RunicOctahedron","downfall:GremlinSack","hubris:SlimyHat","hubris:Spice","hubris:Towel","Cursed Key","Du-Vu Doll","Pantograph"],"acts_visited":["Exordium","TheCity","TheBeyond"],"potions_floor_usage":[19,20,23,23,28,38,42,42],"damage_taken":[{"damage":6,"enemies":"Jaw Worm","floor":2,"turns":4},{"damage":6,"enemies":"Cultist","floor":3,"turns":3},{"damage":0,"enemies":"2 Louse","floor":5,"turns":1},{"damage":6,"enemies":"Gremlin Nob","floor":6,"turns":3},{"damage":5,"enemies":"downfall:FleeingMerchant","floor":8,"turns":5},{"damage":6,"enemies":"Exordium Wildlife","floor":9,"turns":4},{"damage":9,"enemies":"Red Slaver","floor":10,"turns":3},{"damage":17,"enemies":"2 Fungi Beasts","floor":11,"turns":2},{"damage":2,"enemies":"Blue Slaver","floor":15,"turns":3},{"damage":30,"enemies":"downfall:Watcher","floor":16,"turns":8},{"damage":33,"enemies":"3 Byrds","floor":19,"turns":4},{"damage":29,"enemies":"3 Byrds","floor":20,"turns":5},{"damage":22,"enemies":"3 Cultists","floor":21,"turns":3},{"damage":0,"enemies":"Snake Plant","floor":22,"turns":3},{"damage":7,"enemies":"downfall:FleeingMerchant","floor":23,"turns":4},{"damage":26,"enemies":"conspire:SneckoGhost","floor":26,"turns":6},{"damage":7,"enemies":"downfall:FleeingMerchant","floor":28,"turns":4},{"damage":6,"enemies":"conspire:HollyBat","floor":29,"turns":8},{"damage":4,"enemies":"3 Cultists","floor":32,"turns":3},{"damage":28,"enemies":"downfall:Silent","floor":33,"turns":4},{"damage":14,"enemies":"3 Shapes","floor":36,"turns":4},{"damage":12,"enemies":"Orb Walker","floor":37,"turns":3},{"damage":0,"enemies":"Sphere and 2 Shapes","floor":38,"turns":3},{"damage":11,"enemies":"Giant Head","floor":40,"turns":5},{"damage":111,"enemies":"2 Orb Walkers","floor":42,"turns":4}],"seed_played":"-4784619679762651607","potions_obtained":[{"floor":6,"key":"FearPotion"},{"floor":10,"key":"DuplicationPotion"},{"floor":11,"key":"GamblersBrew"},{"floor":20,"key":"sneckomod:DiceRollPotion"},{"floor":21,"key":"Fire Potion"},{"floor":26,"key":"LiquidMemories"},{"floor":33,"key":"Strength Potion"},{"floor":37,"key":"LiquidMemories"}],"is_trial":false,"path_per_floor":["R","M","M","?","M","E","T","$","M","M","M","T","?","?","M","B",null,"R","M","?","M","M","$","T","R","E","?","$","M","R","?","M","B",null,"R","M","M","M","?","E","T","?"],"character_chosen":"THE_SNECKO","items_purchased":["sneckomod:UnknownCommonAttack","sneckomod:CheapStock","sneckomod:UnlimitedRolls","sneckomod:CheapStock"],"campfire_rested":1,"item_purchase_floors":[8,8,23,28],"current_hp_per_floor":[99,93,88,88,88,86,86,84,82,73,58,58,58,58,57,29,114,114,94,65,114,121,120,120,120,102,102,101,98,136,136,134,107,139,139,127,117,118,108,104,104,0,0],"gold":455,"neow_bonus":"TEN_PERCENT_HP_BONUS","is_daily":false,"chose_seed":false,"campfire_upgraded":4,"win_rate":0.0,"timestamp":1609751906,"path_taken":["R","M","M","?","?","E","T","$","M","M","M","?","?","?","M","BOSS","R","M","?","?","M","$","T","R","E","?","$","M","R","?","M","BOSS","R","M","M","M","?","E","T","?"],"items_purchased_type":["Card","Card","Card","Card"],"build_version":"2020-12-18","purchased_purges":0,"victory":false,"max_hp_per_floor":[99,99,100,100,100,104,104,107,109,109,111,111,111,111,112,114,114,114,120,120,121,122,124,124,124,132,132,133,136,136,136,138,139,139,139,141,143,144,144,147,147,147,147],"card_choices":[{"not_picked":["sneckomod:ImprovisedGuard","sneckomod:UnknownCommonAttack"],"picked":"sneckomod:WideSting","floor":2},{"not_picked":["sneckomod:DefensiveFlair","sneckomod:SoulDraw"],"picked":"sneckomod:UnknownBlock","floor":3},{"not_picked":["sneckomod:UnknownClassPURPLE","sneckomod:IronFang"],"picked":"sneckomod:QuickMove","floor":5},{"not_picked":["sneckomod:UnknownWeak","sneckomod:SoulRoll"],"picked":"sneckomod:MorePower","floor":6},{"not_picked":["sneckomod:Unknown0Cost+1","sneckomod:UnknownDexterity+1"],"picked":"sneckomod:UnknownColorless+1","floor":8},{"not_picked":["sneckomod:ImprovisedAttack","sneckomod:RainOfDice"],"picked":"sneckomod:UnknownCommonSkill","floor":8},{"not_picked":["sneckomod:UnknownStrike+1","sneckomod:UnknownClassTHE_CHAMP_GRAY+1"],"picked":"sneckomod:UnknownRarePower+1","floor":9},{"not_picked":["sneckomod:Nope","sneckomod:WideSting"],"picked":"sneckomod:UnknownExhaust","floor":9},{"not_picked":["sneckomod:UnknownClassHEXA_GHOST_PURPLE","sneckomod:SoulCleanse"],"picked":"sneckomod:DiceCrush","floor":10},{"not_picked":["sneckomod:UnknownWeak+1","sneckomod:UnknownCommonSkill+1"],"picked":"sneckomod:UnknownExhaust+1","floor":11},{"not_picked":["sneckomod:WideSting","sneckomod:QuickBite"],"picked":"sneckomod:UnknownUncommonPower","floor":11},{"not_picked":["sneckomod:Unknown+1","sneckomod:UnknownCommonSkill+1"],"picked":"sneckomod:UnknownEthereal+1","floor":15},{"not_picked":["sneckomod:IronFang","sneckomod:UnknownClassPURPLE"],"picked":"sneckomod:DiceCrush","floor":15},{"not_picked":["sneckomod:Unknown0Cost+1","sneckomod:Unknown2Cost+1"],"picked":"sneckomod:Unknown1Cost+1","floor":16},{"not_picked":["sneckomod:SerpentMind","sneckomod:Mudshield"],"picked":"sneckomod:UnknownRareSkill","floor":16},{"not_picked":["sneckomod:UnknownStrike+1","sneckomod:UnknownClassPURPLE+1"],"picked":"sneckomod:UnknownRareSkill+1","floor":19},{"not_picked":["sneckomod:UnknownClassGUARDIAN","sneckomod:UnknownExhaust"],"picked":"sneckomod:UnknownBlock+1","floor":19},{"not_picked":["sneckomod:SoulRoll","sneckomod:QuickMove"],"picked":"sneckomod:MasterEye","floor":20},{"not_picked":["sneckomod:UnknownCommonSkill","sneckomod:RainOfDice"],"picked":"sneckomod:UnknownUncommonPower","floor":21},{"not_picked":["sneckomod:UnknownClassGREEN+1","sneckomod:UnknownStrike+1"],"picked":"sneckomod:Unknown+1","floor":22},{"not_picked":["sneckomod:SoulDraw+1","sneckomod:UnknownCommonAttack"],"picked":"sneckomod:WideSting+1","floor":22},{"not_picked":["sneckomod:Unknown1Cost+1","sneckomod:UnknownCommonAttack+1"],"picked":"sneckomod:UnknownRarePower+1","floor":23},{"not_picked":["sneckomod:UnknownCommonAttack","sneckomod:SerpentIdol"],"picked":"sneckomod:Unknown0Cost","floor":23},{"not_picked":["sneckomod:Unknown2Cost","sneckomod:SnekBeam"],"picked":"sneckomod:DiceBlock","floor":26},{"not_picked":["sneckomod:UnknownClassSLIMEBOUND+1","sneckomod:UnknownUncommonSkill+1"],"picked":"sneckomod:UnknownStrength+1","floor":28},{"not_picked":["sneckomod:WideSting+1","sneckomod:SoulDraw"],"picked":"sneckomod:ImprovisedGuard","floor":28},{"not_picked":["sneckomod:UnknownDexterity+1","sneckomod:Unknown1Cost+1"],"picked":"sneckomod:UnknownEthereal+1","floor":29},{"not_picked":["sneckomod:WideSting","sneckomod:SoulDraw+1"],"picked":"sneckomod:UnknownCommonAttack","floor":29},{"not_picked":["sneckomod:UnknownCommonAttack+1","sneckomod:UnknownClassSLIMEBOUND+1"],"picked":"sneckomod:UnknownStrength+1","floor":32},{"not_picked":["sneckomod:UnknownStrike+1","sneckomod:IronFang+1"],"picked":"sneckomod:Unknown1Cost","floor":32},{"not_picked":["sneckomod:UnknownClassPURPLE+1","sneckomod:Unknown1Cost+1"],"picked":"sneckomod:UnknownClassGUARDIAN+1","floor":33},{"not_picked":["sneckomod:SerpentMind","sneckomod:Restock"],"picked":"sneckomod:MorePower","floor":33},{"not_picked":["sneckomod:UnknownStrike+1","sneckomod:UnknownClassPURPLE+1"],"picked":"sneckomod:UnknownEthereal+1","floor":36},{"not_picked":["sneckomod:UnknownCommonAttack+1","sneckomod:Unknown1Cost+1"],"picked":"sneckomod:UnknownClassTHE_CHAMP_GRAY+1","floor":36},{"not_picked":["sneckomod:UnknownEthereal+1","sneckomod:UnknownClassTHE_CHAMP_GRAY+1"],"picked":"sneckomod:UnknownColorless+1","floor":37},{"not_picked":["sneckomod:WideSting","sneckomod:UnknownClassHEXA_GHOST_PURPLE"],"picked":"sneckomod:UnknownClassGUARDIAN+1","floor":37},{"not_picked":["sneckomod:Nope","sneckomod:UnknownWeak"],"picked":"sneckomod:UnknownExhaust+1","floor":38},{"not_picked":["expansioncontent:DarkVoid","expansioncontent:HyperBeam"],"picked":"expansioncontent:CaCaw","floor":39},{"not_picked":["expansioncontent:Flail","expansioncontent:FaceSlap"],"picked":"expansioncontent:Collect","floor":39},{"not_picked":["expansioncontent:Hexaburn","expansioncontent:DefensiveStance"],"picked":"expansioncontent:Chronoboost","floor":39},{"not_picked":["sneckomod:UnknownClassGUARDIAN+1","sneckomod:UnknownDexterity+1"],"picked":"sneckomod:UnknownRareAttack+1","floor":40},{"not_picked":["sneckomod:UnknownClassBLUE+1","sneckomod:UnknownClassSLIMEBOUND+1"],"picked":"sneckomod:UnknownWeak+1","floor":40},{"not_picked":["sneckomod:UnknownWeak","sneckomod:UnknownExhaust"],"picked":"sneckomod:UnknownRareSkill","floor":40}],"player_experience":496893,"relics_obtained":[{"floor":6,"key":"Letter Opener"},{"floor":7,"key":"Happy Flower"},{"floor":12,"key":"Thread and Needle"},{"floor":20,"key":"downfall:GremlinSack"},{"floor":24,"key":"hubris:SlimyHat"},{"floor":26,"key":"hubris:Spice"},{"floor":40,"key":"Du-Vu Doll"},{"floor":41,"key":"Pantograph"}],"event_choices":[{"damage_healed":0,"gold_gain":0,"player_choice":"Rummage","damage_taken":0,"relics_obtained":["WarpedTongs"],"max_hp_gain":0,"max_hp_loss":0,"event_name":"Accursed Blacksmith","floor":4,"gold_loss":0,"cards_obtained":["Pain"]},{"damage_healed":0,"gold_gain":0,"player_choice":"Ignored","damage_taken":0,"max_hp_gain":0,"max_hp_loss":0,"event_name":"Ghosts","floor":27,"gold_loss":0},{"damage_healed":0,"gold_gain":0,"player_choice":"Fight","damage_taken":0,"max_hp_gain":0,"max_hp_loss":0,"event_name":"Mysterious Sphere","floor":42,"gold_loss":0}],"is_beta":true,"boss_relics":[{"not_picked":["Tiny House","Runic Pyramid"],"picked":"conspire:RunicOctahedron"},{"not_picked":["sneckomod:SuperSneckoSoul","Busted Crown"],"picked":"Cursed Key"}],"items_purged_floors":[],"is_endless":false,"potions_floor_spawned":[6,10,11,16,20,21,26,33,37],"killed_by":"2 Orb Walkers","ascension_level":0}}