{"host":"e52c7hvho6xny3hd","time":1609740744,"event":{"mods":["AchievementEnabler","BaseMod","Colored Map","DeckTracker","Minty Spire (QoL Compilation)","Permanent Neow","StSLib"],"gold_per_floor":[118,118,29,104,34,64,64,99,174,206,226,226,254,270,270,375,375,389,56,68,84,94,94,121,121,145,145,75,0,0,20,20,118,118,134,151,166,166,17,48,48,81,131,131,6,6,6,22,22,22],"floor_reached":51,"playtime":2813,"items_purged":["Strike_B","Fission","Recycle"],"score":1214,"play_id":"ac472eaf-1d6f-4088-9a51-20e419e20923","local_time":"20210104151224","is_ascension_mode":true,"campfire_choices":[{"data":"Chill","floor":7.0,"key":"SMITH"},{"data":"Beam Cell","floor":12.0,"key":"SMITH"},{"data":"Go for the Eyes","floor":15.0,"key":"SMITH"},{"data":"FTL","floor":23.0,"key":"SMITH"},{"data":"Zap","floor":25,"key":"SMITH"},{"data":"Dualcast","floor":27,"key":"SMITH"},{"data":"Hologram","floor":32,"key":"SMITH"},{"data":"Coolheaded","floor":41,"key":"SMITH"},{"data":"Reprogram","floor":44,"key":"SMITH"},{"data":"Skim","floor":47,"key":"SMITH"},{"data":"Biased Cognition","floor":49,"key":"SMITH"}],"circlet_count":0,"master_deck":["Zap+1","Dualcast+1","Gash","Gash","Chill+1","FTL+1","Beam Cell+1","Gash","All For One","Go for the Eyes+1","Leap","Leap","Skim+1","Ghostly","Ghostly","Ghostly","Ghostly","Ghostly","Hologram+1","Defragment","Defragment","Core Surge","Biased Cognition+1","Reprogram+1","Coolheaded+1","Gash","Gash+1"],"relics":["Cracked Core","NeowsBlessing","Incense Burner","Blue Candle","Strawberry","Odd Mushroom","Runic Pyramid","Kunai","Red Mask","DataDisk","Pandora\u0027s Box","Question Card","Meat on the Bone","Potion Belt","Centennial Puzzle"],"acts_visited":["Exordium","TheCity","TheBeyond"],"potions_floor_usage":[31,50,50],"damage_taken":[{"damage":0.0,"enemies":"Small Slimes","floor":1.0,"turns":1.0},{"damage":0.0,"enemies":"Lagavulin","floor":6.0,"turns":1.0},{"damage":0.0,"enemies":"3 Sentries","floor":8.0,"turns":1.0},{"damage":26.0,"enemies":"Lagavulin","floor":10.0,"turns":4.0},{"damage":0.0,"enemies":"Jaw Worm","floor":11.0,"turns":3.0},{"damage":1.0,"enemies":"The Mushroom Lair","floor":13.0,"turns":4.0},{"damage":0.0,"enemies":"2 Louse","floor":14.0,"turns":2.0},{"damage":6.0,"enemies":"Slime Boss","floor":16.0,"turns":10.0},{"damage":0.0,"enemies":"Spheric Guardian","floor":18.0,"turns":3.0},{"damage":0.0,"enemies":"Chosen","floor":20.0,"turns":3.0},{"damage":0.0,"enemies":"Centurion and Healer","floor":21.0,"turns":4.0},{"damage":29.0,"enemies":"Snake Plant","floor":22.0,"turns":5.0},{"damage":0,"enemies":"Masked Bandits","floor":24,"turns":5},{"damage":0,"enemies":"3 Cultists","floor":31,"turns":5},{"damage":0,"enemies":"Champ","floor":33,"turns":9},{"damage":0,"enemies":"Orb Walker","floor":35,"turns":4},{"damage":0,"enemies":"3 Shapes","floor":36,"turns":4},{"damage":0,"enemies":"Writhing Mass","floor":37,"turns":7},{"damage":1,"enemies":"Nemesis","floor":40,"turns":7},{"damage":0,"enemies":"Giant Head","floor":42,"turns":7},{"damage":0,"enemies":"3 Darklings","floor":48,"turns":6},{"damage":0,"enemies":"Donu and Deca","floor":50,"turns":6}],"seed_played":"-6845311075732747828","potions_obtained":[{"floor":6.0,"key":"SkillPotion"},{"floor":8.0,"key":"Strength Potion"},{"floor":10.0,"key":"FearPotion"},{"floor":31,"key":"Fruit Juice"},{"floor":33,"key":"ColorlessPotion"},{"floor":42,"key":"Strength Potion"}],"is_trial":false,"path_per_floor":["M","?","$","?","$","E","R","E","T","E","M","R","?","M","R","B",null,"M","$","M","M","M","R","?","R","T","R","$","?","?","M","R","B",null,"M","M","M","?","$","E","R","E","T","R","$","?","R","M","R","B",null],"character_chosen":"DEFECT","items_purchased":["Gash","Chill","FTL","Kunai","Skim","Gash"],"campfire_rested":0,"item_purchase_floors":[3,3,5,19,28,39],"current_hp_per_floor":[68,73,73,62,62,62,62,62,62,43,43,43,42,42,42,36,74,74,74,74,74,45,45,45,45,45,45,45,45,43,48,48,48,48,48,48,48,48,48,47,47,47,47,47,47,47,47,47,47,47],"gold":22,"neow_bonus":"THREE_ENEMY_KILL","is_daily":false,"chose_seed":false,"campfire_upgraded":11,"win_rate":0.0,"timestamp":1609740744,"path_taken":["M","?","$","?","?","E","R","E","T","E","M","R","?","M","R","BOSS","M","$","M","M","M","R","?","R","T","R","$","?","?","M","R","BOSS","M","M","M","?","$","E","R","E","T","R","$","?","R","?","R","BOSS"],"items_purchased_type":["Card","Card","Card","Relic","Card","Card"],"build_version":"2020-12-22","purchased_purges":3,"victory":true,"max_hp_per_floor":[75,80,80,80,80,80,80,80,80,87,87,87,87,87,87,87,87,87,87,87,87,87,87,87,87,87,87,87,87,43,48,48,48,48,48,48,48,48,48,48,48,48,48,48,48,48,48,48,48,48],"card_choices":[{"not_picked":["Go for the Eyes","BootSequence"],"picked":"Gash","floor":1.0},{"not_picked":["Steam Power","Chaos"],"picked":"Beam Cell","floor":6.0},{"not_picked":["Steam","Glacier"],"picked":"Gash","floor":8.0},{"not_picked":["Storm","Lockon"],"picked":"All For One","floor":10.0},{"not_picked":["Loop","Compile Driver"],"picked":"Go for the Eyes","floor":11.0},{"not_picked":["Cold Snap","Stack"],"picked":"Leap","floor":13.0},{"not_picked":["Go for the Eyes","Blizzard"],"picked":"Leap","floor":14.0},{"not_picked":["Go for the Eyes","Tempest","Ball Lightning"],"picked":"SKIP","floor":18.0},{"not_picked":["Cold Snap","Hello World+1","Sweeping Beam"],"picked":"SKIP","floor":20.0},{"not_picked":["Streamline","Defragment","Steam"],"picked":"SKIP","floor":21.0},{"not_picked":["Barrage","Hyperbeam","Beam Cell"],"picked":"SKIP","floor":22.0},{"not_picked":["Skim","Cold Snap"],"picked":"Hologram","floor":31},{"not_picked":["Beam Cell","Chill"],"picked":"Recycle","floor":35},{"not_picked":["Beam Cell","Recycle"],"picked":"Coolheaded","floor":36},{"not_picked":["Steam","Beam Cell","Rebound"],"picked":"SKIP","floor":37},{"not_picked":["Storm+1","Beam Cell","Genetic Algorithm+1"],"picked":"SKIP","floor":40},{"not_picked":["Ball Lightning+1","Streamline","Auto Shields+1"],"picked":"Gash+1","floor":42},{"not_picked":["Barrage+1","Glacier","Aggregate+1","Coolheaded+1"],"picked":"SKIP","floor":48}],"player_experience":614010,"relics_obtained":[{"floor":6.0,"key":"Incense Burner"},{"floor":8.0,"key":"Blue Candle"},{"floor":10.0,"key":"Strawberry"},{"floor":13.0,"key":"Odd Mushroom"},{"floor":24,"key":"Red Mask"},{"floor":26,"key":"DataDisk"},{"floor":40,"key":"Question Card"},{"floor":42,"key":"Meat on the Bone"},{"floor":43,"key":"Potion Belt"},{"floor":46,"key":"Centennial Puzzle"}],"event_choices":[{"damage_healed":0.0,"max_hp_gain":5.0,"max_hp_loss":0.0,"gold_gain":0.0,"event_name":"Big Fish","player_choice":"Donut","floor":2.0,"gold_loss":0.0,"damage_taken":0.0},{"damage_healed":0.0,"max_hp_gain":0.0,"max_hp_loss":0.0,"gold_gain":75.0,"event_name":"World of Goop","player_choice":"Gather Gold","floor":4.0,"gold_loss":0.0,"damage_taken":11.0},{"damage_healed":0.0,"max_hp_gain":0.0,"max_hp_loss":0.0,"gold_gain":0.0,"event_name":"Mushrooms","player_choice":"Fought Mushrooms","floor":13.0,"gold_loss":0.0,"damage_taken":0.0},{"damage_healed":0,"gold_gain":0,"player_choice":"Fought Bandits","damage_taken":0,"max_hp_gain":0,"max_hp_loss":0,"event_name":"Masked Bandits","floor":24,"gold_loss":0},{"cards_removed":["Strike_B"],"damage_healed":0,"gold_gain":0,"player_choice":"Gave Gold","damage_taken":0,"max_hp_gain":0,"max_hp_loss":0,"event_name":"Beggar","floor":29,"gold_loss":75},{"damage_healed":0,"gold_gain":0,"player_choice":"Became a Ghost","damage_taken":0,"max_hp_gain":0,"max_hp_loss":44,"event_name":"Ghosts","floor":30,"gold_loss":0,"cards_obtained":["Ghostly","Ghostly","Ghostly","Ghostly","Ghostly"]},{"damage_healed":0,"gold_gain":0,"player_choice":"Memory 1","damage_taken":0,"max_hp_gain":0,"max_hp_loss":0,"event_name":"SensoryStone","floor":38,"gold_loss":0},{"damage_healed":0,"gold_gain":0,"player_choice":"Relic","damage_taken":0,"max_hp_gain":0,"max_hp_loss":0,"event_name":"Wheel of Change","floor":46,"gold_loss":0}],"is_beta":false,"boss_relics":[{"not_picked":["Tiny House","Velvet Choker"],"picked":"Runic Pyramid"},{"not_picked":["Cursed Key","SlaversCollar"],"picked":"Pandora\u0027s Box"}],"items_purged_floors":[19,39,45],"is_endless":false,"potions_floor_spawned":[6,8,10,21,31,33,36,42],"ascension_level":7}}