{"host":"2pt9f5ojqg0apn28","time":1609737295,"event":{"mods":["AchievementEnabler","BaseMod","Better Altar","Better Match","Better Note","Better Sensory Stone","Better Skull","Better Third Choice","Colored Map","Colored Powertips","Hubris","Infinite Spire","Lobotomy","LobotomyExtend","Minty Spire (QoL Compilation)","Replay The Spire","StSLib"],"gold_per_floor":[109,109,109,121,136,136,159,159,159,159,172,156,149,163,163,191,191,191,233,233,150,118,67,67],"floor_reached":23,"playtime":1892,"items_purged":["Strike_R"],"score":274,"play_id":"cb0c1637-8a79-4564-a58b-d5d528ef83b6","local_time":"20210104121455","is_ascension_mode":false,"campfire_choices":[{"floor":6,"key":"REST"},{"floor":8,"key":"REST"},{"data":"Infernal Blade","floor":15,"key":"SMITH"}],"circlet_count":0,"master_deck":["Strike_R","Strike_R","Strike_R","Defend_R","Defend_R","Defend_R","Bash","Thunderclap","ReplayTheSpireMod:Muscle Training","LongBird","Freischutz","MeatLantern","Infernal Blade+1","OldLady","Flex","UniverseFragment","BigBird","Feed","Doubt","HeroicMonk","Blood for Blood+1","Rupture+1"],"relics":["Burning Blood","CogitoBucket","LetterFromLob","hubris:EvacipatedBox","infinitespire:Lucky Rock","Replay:Ringing Soul","Odd Mushroom","Quantum Egg","FossilizedHelix","BackwardClock","Strawberry","Kintsugi","ReplayTheSpireMod:Shallot","Theresia"],"acts_visited":["Exordium","TheCity"],"potions_floor_usage":[21,23,23],"damage_taken":[{"damage":2,"enemies":"2 Louse","floor":1,"turns":4},{"damage":12,"enemies":"Cultist","floor":4,"turns":5},{"damage":27,"enemies":"infinitespire:Voidling","floor":5,"turns":4},{"damage":26,"enemies":"The Mushroom Lair","floor":7,"turns":4},{"damage":27,"enemies":"Lagavulin","floor":11,"turns":7},{"damage":0,"enemies":"Exordium Thugs","floor":12,"turns":4},{"damage":0,"enemies":"3 Sentries","floor":13,"turns":4},{"damage":0,"enemies":"2 Fungi Beasts","floor":14,"turns":3},{"damage":55,"enemies":"Slime Boss","floor":16,"turns":4},{"damage":13,"enemies":"2 Thieves","floor":21,"turns":4},{"damage":27,"enemies":"Spheric Guardian","floor":22,"turns":7},{"damage":65,"enemies":"Slavers","floor":23,"turns":5}],"seed_played":"7095796459598802985","potions_obtained":[{"floor":4,"key":"ColorlessPotion"},{"floor":7,"key":"BlessingOfTheForge"},{"floor":11,"key":"ColorlessPotion"},{"floor":22,"key":"DuplicationPotion"}],"is_trial":false,"path_per_floor":["M","?","$","M","M","R","?","R","T","?","E","M","E","M","R","B",null,"M","?","?","M","M","E"],"character_chosen":"IRONCLAD","items_purchased":["hubris:EvacipatedBox","infinitespire:Lucky Rock","Replay:Ringing Soul"],"campfire_rested":2,"item_purchase_floors":[3,3,3],"current_hp_per_floor":[80,80,30,33,21,46,47,73,73,73,61,88,105,108,108,74,114,114,86,75,71,53,0,0],"gold":67,"neow_bonus":"","is_daily":false,"chose_seed":false,"campfire_upgraded":1,"win_rate":0.0,"timestamp":1609737295,"path_taken":["M","?","?","?","M","R","?","R","T","?","E","M","E","M","R","BOSS","M","?","?","?","M","E"],"items_purchased_type":["Relic","Relic","Relic"],"build_version":"2020-12-22","purchased_purges":1,"victory":false,"max_hp_per_floor":[80,80,80,83,86,86,89,89,89,89,92,95,105,108,108,111,114,114,114,114,117,120,123,123],"card_choices":[{"not_picked":["SpiderBud","Variant"],"picked":"Woodsman","floor":1},{"not_picked":["Replay:Undeath\u0027s Touch","Dark Embrace"],"picked":"Thunderclap","floor":1},{"not_picked":["Murderer","CrumblingArmor"],"picked":"WallGazer","floor":4},{"not_picked":["ReplayTheSpireMod:Strike From Hell","Rampage"],"picked":"ReplayTheSpireMod:Muscle Training","floor":4},{"not_picked":["LittlePrince","SpiderBud"],"picked":"LongBird","floor":5},{"not_picked":["Clash","hubris:ReadiedAction","Heavy Blade"],"picked":"SKIP","floor":5},{"not_picked":["HappyTeddy","UniverseFragment"],"picked":"Freischutz","floor":7},{"not_picked":["BeautyBeast","SpiderBud"],"picked":"MeatLantern","floor":11},{"not_picked":["Iron Wave","Searing Blow"],"picked":"Infernal Blade","floor":11},{"not_picked":["WallGazer","CherryBlossoms","CrumblingArmor"],"picked":"Singing Bowl","floor":12},{"not_picked":["Bloodbath","PunishingBird"],"picked":"OldLady","floor":12},{"not_picked":["Cleave","Sword Boomerang"],"picked":"Feel No Pain","floor":12},{"not_picked":["CrumblingArmor","VoidDream"],"picked":"BeautyBeast","floor":13},{"not_picked":["Replay:Undeath\u0027s Touch","Hemokinesis"],"picked":"Flex","floor":13},{"not_picked":["FairyFestival","VoidDream","BigBadWolf"],"picked":"Singing Bowl","floor":14},{"not_picked":["OSAHOGD","Scorched"],"picked":"UniverseFragment","floor":14},{"not_picked":["Dual Wield","Run Through","Perfected Strike"],"picked":"SKIP","floor":14},{"not_picked":["Dual Wield","Run Through","Perfected Strike"],"picked":"SKIP","floor":14},{"not_picked":["CrumblingArmor","SpiderBud","BigBadWolf"],"picked":"Singing Bowl","floor":16},{"not_picked":["CrumblingArmor","Scorched"],"picked":"BigBird","floor":16},{"not_picked":["Corruption","Impervious"],"picked":"Feed","floor":16},{"not_picked":["DreamingCurrent","Mercenary"],"picked":"HeroicMonk","floor":21},{"not_picked":["Shockwave+1","Pummel"],"picked":"Blood for Blood+1","floor":21},{"not_picked":["True Grit","Replay:Undeath\u0027s Touch"],"picked":"Rupture+1","floor":22}],"player_experience":41323,"relics_obtained":[{"floor":1,"key":"LetterFromLob"},{"floor":7,"key":"Odd Mushroom"},{"floor":9,"key":"Quantum Egg"},{"floor":11,"key":"FossilizedHelix"},{"floor":13,"key":"Strawberry"},{"floor":19,"key":"ReplayTheSpireMod:Shallot"}],"event_choices":[{"damage_healed":0,"gold_gain":0,"player_choice":"Ignored","damage_taken":0,"max_hp_gain":0,"max_hp_loss":0,"event_name":"betterNote:BetterNote","floor":2,"gold_loss":0,"cards_obtained":["Strike_R"]},{"damage_healed":0,"gold_gain":0,"player_choice":"Fought Mushrooms","damage_taken":0,"max_hp_gain":0,"max_hp_loss":0,"event_name":"Mushrooms","floor":7,"gold_loss":0},{"cards_removed":["WallGazer"],"damage_healed":0,"gold_gain":0,"player_choice":"Purged","damage_taken":0,"max_hp_gain":0,"max_hp_loss":0,"event_name":"Purifier","floor":10,"gold_loss":0},{"damage_healed":0,"gold_gain":0,"player_choice":"Damaged","damage_taken":11,"max_hp_gain":0,"max_hp_loss":0,"event_name":"Wheel of Change","floor":20,"gold_loss":0}],"is_beta":false,"boss_relics":[{"not_picked":["Runic Dome","Replay:Drink Me","Velvet Choker"],"picked":"Kintsugi"}],"items_purged_floors":[3],"is_endless":false,"potions_floor_spawned":[4,7,11,13,22],"killed_by":"Slavers","ascension_level":0}}