{"host":"61xbmbtf5zrn7rzc","time":1609720300,"event":{"mods":["BaseMod","Challenge The Spire","Downfall","Hubris","Minty Spire (QoL Compilation)","READ ME - Guardian Mod","Replay The Spire","StSLib","SuperFastMode","The Disciple","The Jungle","The Marked","The Runesmith"],"gold_per_floor":[99,114,124,201,211,211,238,256,276,286,7,20,20,37,50,147,147,147,162,162,176,190,223,223,223,108,128,161,176,176,190,204,300,300,150,161,171,181,41,41,41,41,41,41,51,86,11,61,76,76,76,76,76,76],"floor_reached":52,"playtime":3225,"items_purged":["Slimebound:Strike_Slimebound","Writhe","Slimebound:Strike_Slimebound","Slimebound:Defend_Slimebound"],"score":747,"play_id":"b9c7d3fa-0782-45f3-b3aa-9dab8e98f23d","local_time":"20210103193140","is_ascension_mode":false,"campfire_choices":[{"floor":1,"key":"DIG"},{"data":"Slimebound:FirmFortitude","floor":6,"key":"SMITH"},{"data":"Slimebound:ForwardTackle","floor":13,"key":"SMITH"},{"data":"Slimebound:OozeBath","floor":18,"key":"SMITH"},{"data":"Slimebound:GrowthPunch","floor":25,"key":"SMITH"},{"floor":35,"key":"RECALL"},{"data":"Slimebound:LeechEnergy","floor":40,"key":"SMITH"},{"data":"Slimebound:Darklings","floor":47,"key":"SMITH"}],"circlet_count":0,"master_deck":["Slimebound:Tackle","Slimebound:Defend_Slimebound+1","Slimebound:Defend_Slimebound","Slimebound:Defend_Slimebound","Slimebound:Split+1","Slimebound:CorrosiveSpit","Slimebound:Repurpose+1","Slimebound:SamplingLick","Slimebound:SplitLeeching","Slimebound:ForwardTackle+1","Slimebound:FirmFortitude+1","Slimebound:FinishingTackle","Slimebound:LevelUp","Slimebound:FinishingTackle","Slimebound:LivingWall","Slimebound:OozeBath+1","Slimebound:MinionMaster","Slimebound:GrowthPunch+1","Slimebound:FlameTackle+1","Slimebound:Equalize+1","Slimebound:LeechingTouch","Slimebound:BestDefense","Slimebound:LeechEnergy+1","Slimebound:MassFeed","Slimebound:SplitAcid","Slimebound:LevelUp","Slimebound:Darklings+1","Slimebound:GrowthPunch+1"],"relics":["Slimebound:AbsorbEndCombat","hubris:64BitClover","Anchor","ReplayTheSpireMod:TigerMarble","Medical Kit","Garlic","Black Star","Mango","hubris:BottledRain","Orichalcum","Replay:Mystery Machine","Torii","CaptainsWheel","hubris:RunicObelisk","downfall:HeartBlessingBlue","downfall:HeartBlessingGreen","Bag of Marbles","Chameleon Ring","Blue Doll","Pondfish Scales","downfall:HeartBlessingRed","War Paint"],"acts_visited":["Exordium","TheCity","TheBeyond","TheEnding"],"potions_floor_usage":[23,23,28,33,33,38,50,52],"damage_taken":[{"damage":10,"enemies":"2 Louse","floor":2,"turns":3},{"damage":14,"enemies":"Jaw Worm","floor":3,"turns":3},{"damage":20,"enemies":"Cultist","floor":5,"turns":4},{"damage":8,"enemies":"Exordium Thugs","floor":8,"turns":2},{"damage":19,"enemies":"Large Slime","floor":9,"turns":4},{"damage":12,"enemies":"2 Fungi Beasts","floor":10,"turns":3},{"damage":12,"enemies":"downfall:FleeingMerchant","floor":11,"turns":4},{"damage":8,"enemies":"3 Louse","floor":12,"turns":1},{"damage":0,"enemies":"Red Slaver","floor":14,"turns":2},{"damage":11,"enemies":"2 Fungi Beasts","floor":15,"turns":3},{"damage":30,"enemies":"downfall:Watcher","floor":16,"turns":7},{"damage":16,"enemies":"Chosen","floor":19,"turns":5},{"damage":18,"enemies":"3 Byrds","floor":21,"turns":4},{"damage":12,"enemies":"Snecko","floor":22,"turns":5},{"damage":39,"enemies":"Replay:Snechameleon","floor":23,"turns":5},{"damage":8,"enemies":"downfall:FleeingMerchant","floor":26,"turns":4},{"damage":22,"enemies":"Sentry and Sphere","floor":27,"turns":4},{"damage":43,"enemies":"Book of Stabbing","floor":28,"turns":6},{"damage":22,"enemies":"Centurion and Healer","floor":29,"turns":7},{"damage":7,"enemies":"Shelled Parasite and Fungi","floor":31,"turns":5},{"damage":25,"enemies":"Chosen and Byrds","floor":32,"turns":5},{"damage":64,"enemies":"downfall:Silent","floor":33,"turns":9},{"damage":13,"enemies":"3 Shapes","floor":36,"turns":5},{"damage":19,"enemies":"3 Darklings","floor":37,"turns":7},{"damage":16,"enemies":"Writhing Mass","floor":38,"turns":6},{"damage":10,"enemies":"downfall:FleeingMerchant","floor":39,"turns":4},{"damage":19,"enemies":"Transient","floor":45,"turns":5},{"damage":38,"enemies":"R_Hoarder","floor":46,"turns":6},{"damage":6,"enemies":"downfall:FleeingMerchant","floor":48,"turns":3},{"damage":34,"enemies":"Jaw Worm Horde","floor":49,"turns":5},{"damage":43,"enemies":"downfall:Ironclad","floor":50,"turns":9},{"damage":168,"enemies":"downfall:CharBossMerchant","floor":52,"turns":7}],"seed_played":"8167502962517692528","potions_obtained":[{"floor":2,"key":"Adrenaline Potion"},{"floor":3,"key":"BlessingOfTheForge"},{"floor":4,"key":"Venom Potion"},{"floor":9,"key":"hexamod:EctoCoolerPotion"},{"floor":16,"key":"AttackPotion"},{"floor":27,"key":"Reflective Coating"},{"floor":28,"key":"Fruit Juice"},{"floor":29,"key":"Dexterity Potion"},{"floor":33,"key":"LifebloodPotion"},{"floor":36,"key":"Reflective Coating"},{"floor":38,"key":"SkillPotion"},{"floor":45,"key":"CultistPotion"}],"is_trial":false,"path_per_floor":["R","M","M","?","M","R","T","M","M","M","$","M","R","M","M","B",null,"R","M","?","M","M","E","T","R","$","M","E","M","?","M","M","B",null,"R","M","M","M","$","R","T","?","?","?","M","E","R","$","M","B",null,"E"],"character_chosen":"SLIMEBOUND","items_purchased":["Medical Kit","Slimebound:LevelUp","War Paint"],"campfire_rested":0,"item_purchase_floors":[11,11,48],"current_hp_per_floor":[60,60,60,60,56,56,56,60,59,60,59,59,59,60,60,54,60,60,56,70,64,74,53,53,53,74,72,51,79,79,79,62,44,79,89,87,89,88,92,92,92,92,92,92,88,77,77,91,93,95,95,0,0,0],"gold":76,"neow_bonus":"UPGRADE_CARD","is_daily":false,"chose_seed":false,"campfire_upgraded":6,"win_rate":0.0,"timestamp":1609720300,"path_taken":["R","M","M","?","M","R","T","M","?","M","$","M","R","M","M","BOSS","R","M","?","M","M","E","T","R","$","M","E","M","?","M","M","BOSS","R","M","M","M","$","R","T","?","?","?","?","E","R","?","M","BOSS","E"],"items_purchased_type":["Relic","Card","Relic"],"build_version":"2020-12-22","purchased_purges":4,"victory":false,"max_hp_per_floor":[60,60,60,60,60,60,60,60,60,60,60,60,60,60,60,60,60,60,60,74,74,74,74,74,74,74,74,79,79,79,79,79,79,79,89,89,89,92,92,92,92,92,92,92,92,92,92,92,95,95,95,95,95,95],"card_choices":[{"not_picked":["Slimebound:GoopTackle","Slimebound:ComboTackle"],"picked":"Slimebound:Repurpose","floor":2},{"not_picked":["Slimebound:LeechingTouch","Slimebound:GoopSpray"],"picked":"Slimebound:SamplingLick","floor":3},{"not_picked":["Slimebound:SplitAcid","Slimebound:Schlurp"],"picked":"Slimebound:SplitLeeching","floor":4},{"not_picked":["Slimebound:SplitBruiser","Slimebound:RollThrough"],"picked":"Slimebound:ForwardTackle","floor":4},{"not_picked":["Slimebound:GoopTackle","Slimebound:ItLooksTasty"],"picked":"Slimebound:FirmFortitude","floor":5},{"not_picked":["Slimebound:RollThrough","Slimebound:Schlurp","Slimebound:SplitAcid"],"picked":"SKIP","floor":8},{"not_picked":["Slimebound:FormOfPuddle","Slimebound:SplitAcid"],"picked":"Slimebound:FinishingTackle","floor":9},{"not_picked":["Slimebound:PressTheAttack","Slimebound:DouseInSlime","Slimebound:SlimeBrawl"],"picked":"SKIP","floor":10},{"not_picked":["Slimebound:RainOfGoop","Slimebound:PressTheAttack","Slimebound:SplitLeeching"],"picked":"SKIP","floor":11},{"not_picked":["Slimebound:SplitAcid","Slimebound:SplitMire"],"picked":"Slimebound:FinishingTackle","floor":12},{"not_picked":["Slimebound:Schlurp","Slimebound:RollThrough"],"picked":"Slimebound:LivingWall","floor":14},{"not_picked":["Slimebound:PressTheAttack","Slimebound:ComboTackle"],"picked":"Slimebound:OozeBath","floor":15},{"not_picked":["Slimebound:LeechLife","Slimebound:MassRepurpose"],"picked":"Slimebound:MinionMaster","floor":16},{"not_picked":["Slimebound:ViciousTackle+1","Slimebound:RollThrough"],"picked":"Slimebound:GrowthPunch","floor":19},{"not_picked":["Slimebound:LeechingTouch","Slimebound:AcidTongue+1","Slimebound:SplitLeeching"],"picked":"SKIP","floor":21},{"not_picked":["Slimebound:PressTheAttack","Slimebound:SplitBruiser+1"],"picked":"Slimebound:FlameTackle+1","floor":22},{"not_picked":["Slimebound:SamplingLick","Slimebound:MegaLick"],"picked":"Slimebound:Equalize+1","floor":23},{"not_picked":["Slimebound:HauntingLick+1","Slimebound:Chomp"],"picked":"Slimebound:LeechingTouch","floor":26},{"not_picked":["Slimebound:SlimeSpikes","Slimebound:Dissolve"],"picked":"Slimebound:BestDefense","floor":27},{"not_picked":["Slimebound:Equalize","Slimebound:TongueLash","Slimebound:RollThrough+1"],"picked":"SKIP","floor":28},{"not_picked":["Slimebound:SplitAcid","Slimebound:SlimeTap"],"picked":"Slimebound:LeechEnergy","floor":29},{"not_picked":["Slimebound:LivingWall","Slimebound:GoopSpray","Slimebound:LevelUp"],"picked":"SKIP","floor":31},{"not_picked":["Slimebound:SlimeTap","Slimebound:RainOfGoop+1","Slimebound:Schlurp+1"],"picked":"SKIP","floor":32},{"not_picked":["Slimebound:Overexert","Slimebound:PrepareCrush"],"picked":"Slimebound:MassFeed","floor":33},{"not_picked":["Slimebound:SamplingLick+1","Slimebound:RollThrough+1"],"picked":"Slimebound:SplitAcid","floor":36},{"not_picked":["Slimebound:SlimeBarrage+1","Slimebound:ProtectTheBoss+1","Slimebound:GoopSpray"],"picked":"SKIP","floor":37},{"not_picked":["Slimebound:RollThrough","Slimebound:SplitBruiser"],"picked":"Slimebound:LevelUp","floor":38},{"not_picked":["Slimebound:Overexert","Slimebound:MegaLick","Slimebound:SplitAcid"],"picked":"SKIP","floor":39},{"not_picked":["Slimebound:SlimeBrawl","Slimebound:ComboTackle+1","Slimebound:SlimeSpikes"],"picked":"SKIP","floor":45},{"not_picked":["Slimebound:ComboTackle","Slimebound:Nibble+1","Slimebound:HauntingLick"],"picked":"SKIP","floor":46},{"not_picked":["Slimebound:Grow","Slimebound:ComboTackle","Slimebound:FinishingTackle"],"picked":"SKIP","floor":48},{"not_picked":["Slimebound:LeechEnergy+1","Slimebound:Gluttony+1"],"picked":"Slimebound:GrowthPunch+1","floor":49}],"player_experience":122757,"relics_obtained":[{"floor":1,"key":"hubris:64BitClover"},{"floor":4,"key":"Anchor"},{"floor":7,"key":"ReplayTheSpireMod:TigerMarble"},{"floor":12,"key":"Garlic"},{"floor":23,"key":"hubris:BottledRain"},{"floor":23,"key":"Orichalcum"},{"floor":27,"key":"Replay:Mystery Machine"},{"floor":28,"key":"Torii"},{"floor":28,"key":"CaptainsWheel"},{"floor":38,"key":"Bag of Marbles"},{"floor":41,"key":"Chameleon Ring"},{"floor":46,"key":"Blue Doll"},{"floor":46,"key":"Pondfish Scales"}],"event_choices":[{"damage_healed":0,"gold_gain":0,"player_choice":"Ignored","damage_taken":0,"max_hp_gain":0,"max_hp_loss":0,"event_name":"Ghosts","floor":30,"gold_loss":0},{"cards_removed":["Slimebound:Strike_Slimebound"],"damage_healed":0,"gold_gain":0,"player_choice":"Removed Attack","damage_taken":0,"max_hp_gain":0,"max_hp_loss":0,"event_name":"Falling","floor":43,"gold_loss":0},{"damage_healed":0,"gold_gain":0,"player_choice":"Ignored","damage_taken":0,"max_hp_gain":0,"max_hp_loss":0,"event_name":"NoteForYourself","floor":44,"gold_loss":0}],"is_beta":false,"boss_relics":[{"not_picked":["hubris:TerracottaHorce","hubris:GrandSneckoEye"],"picked":"Black Star"},{"not_picked":["ReplayTheSpireMod:DimensionalGlitch","Replay:Fungal Core"],"picked":"hubris:RunicObelisk"}],"items_purged_floors":[11,26,39,48],"is_endless":false,"potions_floor_spawned":[2,3,9,12,16,27,28,29,33,36,38,45,46],"killed_by":"downfall:CharBossMerchant","ascension_level":0}}