{"host":"7c402rm0fqc13zvz","time":1609783302,"event":{"mods":["BaseMod","Hermit","Minty Spire (QoL Compilation)","StSLib","[功能]功能增强和修复MOD"],"gold_per_floor":[114,132,132,132,92,92,103,132,132,132,132,132,155,214,214,311,311,324,324,324,340,325,325,359,359,433,633,650,650,661,661,661,762,762,774,774,0,14,14,44,59,59,86,86,141,141,166,185,185,185],"floor_reached":51,"playtime":1138,"items_purged":["Strike_B","Strike_B","Defend_B","Defend_B","Defend_B","Defend_B","Strike_B+1","Strike_B+1","Writhe","Ball Lightning","Go for the Eyes"],"score":1062,"play_id":"ff9b7b29-99ef-4fc1-a481-7fa9139cea32","local_time":"20210105020142","is_ascension_mode":false,"campfire_choices":[{"data":"Defragment","floor":6,"key":"SMITH"},{"data":"Redo","floor":10,"key":"SMITH"},{"data":"Double Energy","floor":12,"key":"SMITH"},{"data":"White Noise","floor":15,"key":"SMITH"},{"data":"Scrape","floor":23,"key":"SMITH"},{"data":"Master of Strategy","floor":25,"key":"SMITH"},{"data":"Storm","floor":32,"key":"SMITH"},{"data":"All For One","floor":42,"key":"SMITH"},{"data":"Loop","floor":46,"key":"SMITH"},{"data":"Thunder Strike","floor":49,"key":"SMITH"}],"circlet_count":0,"master_deck":["Zap+1","Dualcast+1","Defragment+1","Scrape+1","Redo+1","BootSequence","Double Energy+1","Master of Strategy+1","White Noise+1","Electrodynamics+1","Gash+1","White Noise+1","Gash","Skim+1","Gash","Storm+1","Reboot+1","Redo+1","Scrape+1","Loop+1","All For One+1","Multi-Cast+1","Thunder Strike+1","Redo+1","White Noise+1"],"relics":["Cracked Core","Juzu Bracelet","Shuriken","StoneCalendar","Dream Catcher","Chemical X","Letter Opener","Ancient Tea Set","Odd Mushroom","Boot","Empty Cage","PreservedInsect","Toxic Egg 2","Ornamental Fan","MealTicket","Question Card","Nilry\u0027s Codex","Nuclear Battery","Ginger","DollysMirror","Red Mask","Lizard Tail","TheAbacus","Strawberry","Smiling Mask","Orichalcum","Meat on the Bone","Mango","Omamori"],"acts_visited":["Exordium","TheCity","TheBeyond"],"potions_floor_usage":[8,13,16,16,24,28,33,33,35,40,50,50,50],"damage_taken":[{"damage":6,"enemies":"Jaw Worm","floor":1,"turns":3},{"damage":0,"enemies":"Small Slimes","floor":2,"turns":2},{"damage":0,"enemies":"2 Louse","floor":7,"turns":1},{"damage":0,"enemies":"Lagavulin","floor":8,"turns":2},{"damage":0,"enemies":"The Mushroom Lair","floor":13,"turns":1},{"damage":0,"enemies":"Gremlin Nob","floor":14,"turns":2},{"damage":0,"enemies":"Slime Boss","floor":16,"turns":5},{"damage":0,"enemies":"3 Byrds","floor":18,"turns":1},{"damage":0,"enemies":"2 Thieves","floor":21,"turns":2},{"damage":0,"enemies":"Gremlin Leader","floor":24,"turns":2},{"damage":0,"enemies":"Snake Plant","floor":28,"turns":1},{"damage":0,"enemies":"Shelled Parasite and Fungi","floor":30,"turns":2},{"damage":0,"enemies":"Automaton","floor":33,"turns":2},{"damage":0,"enemies":"3 Shapes","floor":35,"turns":1},{"damage":0,"enemies":"3 Darklings","floor":38,"turns":2},{"damage":0,"enemies":"Reptomancer","floor":40,"turns":2},{"damage":0,"enemies":"Writhing Mass","floor":41,"turns":2},{"damage":8,"enemies":"2 Orb Walkers","floor":45,"turns":2},{"damage":0,"enemies":"Spire Growth","floor":48,"turns":2},{"damage":0,"enemies":"Donu and Deca","floor":50,"turns":1}],"seed_played":"-3379069265230934459","potions_obtained":[{"floor":1,"key":"AttackPotion"},{"floor":2,"key":"SkillPotion"},{"floor":7,"key":"FocusPotion"},{"floor":13,"key":"Swift Potion"},{"floor":14,"key":"EssenceOfSteel"},{"floor":16,"key":"SkillPotion"},{"floor":18,"key":"CultistPotion"},{"floor":30,"key":"FocusPotion"},{"floor":30,"key":"LiquidBronze"},{"floor":33,"key":"FearPotion"},{"floor":35,"key":"SteroidPotion"},{"floor":38,"key":"EssenceOfSteel"},{"floor":40,"key":"Dexterity Potion"}],"is_trial":false,"path_per_floor":["M","M","?","?","$","R","M","E","T","R","$","R","?","?","R","B",null,"M","?","?","M","$","R","E","R","T","?","M","?","M","?","R","B",null,"M","$","?","M","$","E","M","R","T","$","?","R","T","M","R","B",null],"character_chosen":"DEFECT","items_purchased":["Scrape","Redo","BootSequence","Juzu Bracelet","Shuriken","Chemical X","Master of Strategy","Letter Opener","Ancient Tea Set","Go for the Eyes","Steam","Toxic Egg 2","Gash","Ornamental Fan","Ginger","Redo+1","DollysMirror","Loop","Lizard Tail","TheAbacus","All For One","Orichalcum","Meat on the Bone","Thunder Strike","Redo+1"],"campfire_rested":0,"item_purchase_floors":[5,5,5,5,5,11,11,11,11,11,11,22,22,22,36,36,36,36,39,39,39,44,44,44,44],"current_hp_per_floor":[69,69,69,54,54,54,54,54,54,54,54,54,54,54,54,54,75,75,75,75,75,75,75,75,75,75,75,75,75,75,59,59,59,75,75,75,75,75,75,82,82,82,82,82,88,88,88,88,88,88],"gold":185,"neow_bonus":"UPGRADE_CARD","is_daily":false,"chose_seed":false,"campfire_upgraded":10,"win_rate":0.0,"timestamp":1609783302,"path_taken":["M","M","?","?","$","R","M","E","T","R","$","R","?","?","R","BOSS","M","?","?","M","$","R","E","R","T","?","M","?","M","?","R","BOSS","M","$","?","M","$","E","M","R","T","$","?","R","?","M","R","BOSS"],"items_purchased_type":["Card","Card","Card","Relic","Relic","Relic","Card","Relic","Relic","Card","Card","Relic","Card","Relic","Relic","Card","Relic","Card","Relic","Relic","Card","Relic","Relic","Card","Card"],"build_version":"2020-12-22","purchased_purges":11,"victory":true,"max_hp_per_floor":[75,75,75,75,75,75,75,75,75,75,75,75,75,75,75,75,75,75,75,75,75,75,75,75,75,75,75,75,75,75,75,75,75,75,75,75,75,75,75,82,82,82,82,82,96,96,96,96,96,96],"card_choices":[{"not_picked":["Leap","Sweeping Beam"],"picked":"Ball Lightning","floor":1},{"not_picked":["Redo","Chaos"],"picked":"Defragment","floor":2},{"not_picked":["Sweeping Beam","Cold Snap","Compile Driver"],"picked":"SKIP","floor":7},{"not_picked":["Redo","Tempest"],"picked":"Double Energy","floor":8},{"not_picked":["Cold Snap","Go for the Eyes"],"picked":"White Noise","floor":13},{"not_picked":["Coolheaded","Static Discharge"],"picked":"Leap","floor":14},{"not_picked":["Buffer","Fission"],"picked":"Electrodynamics","floor":16},{"not_picked":["Double Energy+1","Hologram"],"picked":"Gash+1","floor":18},{"not_picked":["Coolheaded","Stack"],"picked":"White Noise+1","floor":21},{"not_picked":["Reinforced Body+1","Cold Snap","Compile Driver"],"picked":"SKIP","floor":24},{"not_picked":["Stack+1","Genetic Algorithm+1","Leap+1"],"picked":"Skim+1","floor":28},{"not_picked":["Hologram+1","Capacitor+1","Sweeping Beam"],"picked":"Storm","floor":30},{"not_picked":["Electrodynamics","Rainbow+1","Biased Cognition"],"picked":"Reboot+1","floor":33},{"not_picked":["Coolheaded+1","Barrage+1","Compile Driver+1","Stack+1"],"picked":"SKIP","floor":35},{"not_picked":["Go for the Eyes","Cold Snap","Fusion+1","Streamline"],"picked":"SKIP","floor":38},{"not_picked":["Hologram+1","Leap+1","Static Discharge+1"],"picked":"Multi-Cast+1","floor":40},{"not_picked":["Leap+1","Stack+1","Self Repair+1","Static Discharge"],"picked":"SKIP","floor":41},{"not_picked":["Go for the Eyes","Defragment+1","Compile Driver+1"],"picked":"White Noise+1","floor":48}],"player_experience":20465,"relics_obtained":[{"floor":8,"key":"StoneCalendar"},{"floor":9,"key":"Dream Catcher"},{"floor":13,"key":"Odd Mushroom"},{"floor":24,"key":"MealTicket"},{"floor":26,"key":"Question Card"},{"floor":31,"key":"Nilry\u0027s Codex"},{"floor":40,"key":"Strawberry"},{"floor":43,"key":"Smiling Mask"},{"floor":45,"key":"Mango"},{"floor":47,"key":"Omamori"}],"event_choices":[{"damage_healed":0,"gold_gain":0,"player_choice":"Grow","damage_taken":0,"max_hp_gain":0,"max_hp_loss":0,"event_name":"Living Wall","floor":3,"gold_loss":0,"cards_upgraded":["Dualcast"]},{"damage_healed":0,"gold_gain":0,"player_choice":"Entered Light","damage_taken":15,"max_hp_gain":0,"max_hp_loss":0,"event_name":"Shining Light","floor":4,"gold_loss":0,"cards_upgraded":["Strike_B","Strike_B"]},{"damage_healed":0,"gold_gain":0,"player_choice":"Fought Mushrooms","damage_taken":0,"max_hp_gain":0,"max_hp_loss":0,"event_name":"Mushrooms","floor":13,"gold_loss":0},{"damage_healed":0,"gold_gain":0,"player_choice":"Searched \u00272\u0027 times","damage_taken":0,"relics_obtained":["Boot"],"max_hp_gain":0,"max_hp_loss":0,"event_name":"Dead Adventurer","floor":14,"gold_loss":0},{"damage_healed":0,"gold_gain":0,"player_choice":"Upgraded","damage_taken":0,"max_hp_gain":0,"max_hp_loss":0,"event_name":"Upgrade Shrine","floor":19,"gold_loss":0,"cards_upgraded":["Electrodynamics"]},{"damage_healed":0,"gold_gain":0,"player_choice":"Opened","damage_taken":0,"relics_obtained":["PreservedInsect"],"max_hp_gain":0,"max_hp_loss":0,"event_name":"The Mausoleum","floor":20,"gold_loss":0,"cards_obtained":["Writhe"]},{"damage_healed":0,"gold_gain":200,"player_choice":"Gold","damage_taken":0,"max_hp_gain":0,"max_hp_loss":0,"event_name":"Wheel of Change","floor":27,"gold_loss":0},{"damage_healed":0,"gold_gain":0,"player_choice":"Read","damage_taken":0,"max_hp_gain":0,"max_hp_loss":0,"event_name":"The Library","floor":29,"gold_loss":0,"cards_obtained":["Gash"]},{"damage_healed":0,"gold_gain":0,"player_choice":"Obtained Book","damage_taken":16,"max_hp_gain":0,"max_hp_loss":0,"event_name":"Cursed Tome","floor":31,"gold_loss":0},{"damage_healed":0,"gold_gain":0,"player_choice":"Paid","damage_taken":0,"relics_obtained":["Red Mask"],"max_hp_gain":0,"max_hp_loss":0,"event_name":"Tomb of Lord Red Mask","floor":37,"gold_loss":774},{"damage_healed":0,"gold_gain":0,"player_choice":"Fight","damage_taken":0,"max_hp_gain":0,"max_hp_loss":0,"event_name":"Mysterious Sphere","floor":45,"gold_loss":0}],"is_beta":false,"boss_relics":[{"not_picked":["Runic Dome","Astrolabe"],"picked":"Empty Cage"},{"not_picked":["Black Star","Philosopher\u0027s Stone"],"picked":"Nuclear Battery"}],"items_purged_floors":[5,5,5,5,5,5,5,5,22,22,22],"is_endless":false,"potions_floor_spawned":[1,2,7,13,14,16,18,21,21,30,30,33,35,38,40,41,48],"ascension_level":0}}