{"host":"8lvnnmfamkc2d31d","time":1609726275,"event":{"mods":["2.2 Compatiblity","Act Like it!","Arknights The Spire","BaseMod","Colored Map","Minty Spire (QoL Compilation)","Relic Stats","StSLib"],"gold_per_floor":[110,124,137,15,28,63,63,63,63,63,63],"floor_reached":10,"playtime":771,"items_purged":[],"score":68,"play_id":"5fe88b76-0086-4978-b916-116e01806b98","local_time":"20210103201115","is_ascension_mode":false,"campfire_choices":[{"data":"ats:Revitalization","floor":8,"key":"SMITH"}],"circlet_count":0,"master_deck":["ats:Strike C","ats:Strike G","ats:Strike S","ats:Strike V","ats:Armor Crushing Shot","ats:Defend","ats:Defend","ats:Defend","ats:Defend","ats:Emotion Absorption","ats:Revitalization+1","ats:Apocalypse","ats:Leaping Hammer","ats:Hammer On","ats:Rapid Magazine","ats:Composite Medical Shells","ats:Automatic Cover"],"relics":["ats:Sanity","NeowsBlessing","ats:Originium","Bottled Lightning","Golden Idol","StrikeDummy"],"acts_visited":["Exordium"],"potions_floor_usage":[6,10],"damage_taken":[{"damage":0,"enemies":"Small Slimes","floor":1,"turns":1},{"damage":0,"enemies":"2 Louse","floor":2,"turns":1},{"damage":0,"enemies":"Cultist","floor":3,"turns":1},{"damage":23,"enemies":"Red Slaver","floor":5,"turns":4},{"damage":51,"enemies":"3 Sentries","floor":6,"turns":11},{"damage":51,"enemies":"Gremlin Nob","floor":10,"turns":4}],"seed_played":"-8442605220027203630","potions_obtained":[{"floor":2,"key":"Energy Potion"},{"floor":6,"key":"AttackPotion"}],"is_trial":false,"path_per_floor":["M","M","M","$","M","E","?","R","T","E"],"character_chosen":"DOCTOR_CLASS","items_purchased":["ats:Hammer On","ats:Rapid Magazine"],"campfire_rested":0,"item_purchase_floors":[4,4],"current_hp_per_floor":[72,72,72,72,56,23,23,23,23,0,0],"gold":63,"neow_bonus":"THREE_ENEMY_KILL","is_daily":false,"chose_seed":false,"campfire_upgraded":1,"win_rate":0.0,"timestamp":1609726275,"path_taken":["M","M","M","$","M","E","?","R","T","E"],"items_purchased_type":["Card","Card"],"build_version":"2020-12-22","purchased_purges":0,"victory":false,"max_hp_per_floor":[72,72,72,72,72,72,67,67,67,67,67],"relic_stats":{"counters":[6,22],"Golden Idol":0,"obtain_stats":[{"NeowsBlessing":0,"ats:Originium":6,"Golden Idol":7,"ats:Sanity":0,"Bottled Lightning":6,"StrikeDummy":9},{"NeowsBlessing":0,"ats:Originium":5,"Golden Idol":5,"ats:Sanity":0,"Bottled Lightning":5,"StrikeDummy":5},{"NeowsBlessing":0,"ats:Originium":18,"Golden Idol":18,"ats:Sanity":0,"Bottled Lightning":18,"StrikeDummy":18}]},"card_choices":[{"not_picked":["ats:Defend Order","ats:Curse Doll"],"picked":"ats:Revitalization","floor":1},{"not_picked":["ats:Support Order","ats:Cat Scratch"],"picked":"ats:Apocalypse","floor":2},{"not_picked":["ats:Guardian Obelisk","ats:Very Hot Blade"],"picked":"ats:Leaping Hammer","floor":3},{"not_picked":["ats:Hammer On","ats:Ignite"],"picked":"ats:Composite Medical Shells","floor":5},{"not_picked":["ats:Powerful Strike","ats:True Silver Slash"],"picked":"ats:Automatic Cover","floor":6}],"player_experience":431837,"relics_obtained":[{"floor":6,"key":"ats:Originium"},{"floor":6,"key":"Bottled Lightning"},{"floor":9,"key":"StrikeDummy"}],"event_choices":[{"damage_healed":0,"gold_gain":0,"player_choice":"Lose Max HP","damage_taken":0,"relics_obtained":["Golden Idol"],"max_hp_gain":0,"max_hp_loss":5,"event_name":"Golden Idol","floor":7,"gold_loss":0}],"is_beta":false,"boss_relics":[],"items_purged_floors":[],"is_endless":false,"potions_floor_spawned":[2,6],"killed_by":"Gremlin Nob","ascension_level":0}}