{"host":"9d9dhukr2jywmy0f","time":1609772004,"event":{"mods":["2.2 Compatiblity","Alarm Clock","BaseMod","Bestiary","Block Reminder","Colored Map","Colored Powertips","Curses Come First","DeckTracker","Highlight Path","Infinite Spire","Key Reminder","Keyboard Shortcuts","Minty Spire (QoL Compilation)","MonsterHotkey","Quick Restart","Rare Cards Sparkle","Relic Sorter","Relic Stats","Spire Birthday Party","StSLib","SuperFastMode","Synergy Search","Unceasing Turn Reminder","Unknown Chances"],"gold_per_floor":[116,41,41,57,132,132,165,179,203,228,228,228,228,23,23,97,97,109,109,80,98,115,115,115,130,130,130,163,163,180,189,189,272,272,299,199,199,34,57,66,101,119,119,119,144,144,144,164,164,164,164,164,173,48,87,87,87],"floor_reached":56,"playtime":2255,"items_purged":["Strike_R","Strike_R","Strike_R","Strike_R+1","Strike_R+1"],"score":2052,"play_id":"af5a5917-d4cc-409b-bb6a-1109c72114ef","local_time":"20210104225324","is_ascension_mode":true,"campfire_choices":[{"data":"infinitespire:Collect","floor":6.0,"key":"SMITH"},{"floor":11.0,"key":"RECALL"},{"floor":15.0,"key":"REST"},{"floor":23.0,"key":"REST"},{"floor":27.0,"key":"REST"},{"floor":29.0,"key":"REST"},{"floor":32.0,"key":"REST"},{"floor":40.0,"key":"REST"},{"floor":44.0,"key":"REST"},{"floor":46.0,"key":"REST"},{"floor":49.0,"key":"REST"},{"floor":53.0,"key":"REST"}],"circlet_count":0,"master_deck":["AscendersBane","Defend_R+1","Defend_R","Defend_R","Defend_R+1","infinitespire:Collect+1","The Bomb","Offering","Reaper+1","Shockwave+1","Shrug It Off","infinitespire:Collect+1","Burning Pact","infinitespire:Punishment+1","Barricade+1","Body Slam+1","Dual Wield+1","Entrench","Madness","Madness","True Grit","Havoc+1","Burning Pact+1"],"relics":["infinitespire:DarkRift","NeowsBlessing","War Paint","Dream Catcher","infinitespire:Cubic Diamond","SacredBark","Frozen Egg 2","CeramicFish","Fusion Hammer","Medical Kit","infinitespire:Lucky Rock","Omamori","Whetstone","Pen Nib"],"acts_visited":["Exordium","TheCity","TheBeyond","TheEnding"],"potions_floor_usage":[56],"damage_taken":[{"damage":0.0,"enemies":"Small Slimes","floor":1.0,"turns":1.0},{"damage":0.0,"enemies":"Cultist","floor":4.0,"turns":1.0},{"damage":0.0,"enemies":"Gremlin Nob","floor":7.0,"turns":1.0},{"damage":0.0,"enemies":"Jaw Worm","floor":8.0,"turns":3.0},{"damage":19.0,"enemies":"Lagavulin","floor":10.0,"turns":8.0},{"damage":38.0,"enemies":"Hexaghost","floor":16.0,"turns":7.0},{"damage":22.0,"enemies":"Shell Parasite","floor":18.0,"turns":8.0},{"damage":9.0,"enemies":"2 Thieves","floor":20.0,"turns":2.0},{"damage":20.0,"enemies":"Snake Plant","floor":21.0,"turns":7.0},{"damage":18.0,"enemies":"Snecko","floor":22.0,"turns":7.0},{"damage":7.0,"enemies":"Cultist and Chosen","floor":25.0,"turns":6.0},{"damage":6.0,"enemies":"Slavers","floor":28.0,"turns":1.0},{"damage":27.0,"enemies":"Shelled Parasite and Fungi","floor":30.0,"turns":9.0},{"damage":34.0,"enemies":"Automaton","floor":33.0,"turns":8.0},{"damage":13.0,"enemies":"Orb Walker","floor":35.0,"turns":3.0},{"damage":0.0,"enemies":"3 Shapes","floor":39.0,"turns":3.0},{"damage":6.0,"enemies":"Nemesis","floor":41.0,"turns":1.0},{"damage":0.0,"enemies":"Maw","floor":45.0,"turns":7.0},{"damage":31.0,"enemies":"3 Darklings","floor":48.0,"turns":3.0},{"damage":6.0,"enemies":"Time Eater","floor":50.0,"turns":8.0},{"damage":28.0,"enemies":"infinitespire:MassOfShapes","floor":51.0,"turns":5.0},{"damage":15.0,"enemies":"Shield and Spear","floor":55.0,"turns":3.0},{"damage":94,"enemies":"The Heart","floor":56,"turns":4}],"seed_played":"7646519626712538914","potions_obtained":[{"floor":7.0,"key":"infinitespire:BlackPotion"},{"floor":16.0,"key":"FearPotion"},{"floor":18.0,"key":"BloodPotion"},{"floor":25.0,"key":"DistilledChaos"},{"floor":28.0,"key":"Explosive Potion"},{"floor":45.0,"key":"SmokeBomb"},{"floor":55.0,"key":"BloodPotion"}],"is_trial":false,"path_per_floor":["M","$","?","M","?","R","E","M","T","E","R","?","?","$","R","B",null,"M","?","M","M","M","R","?","M","T","R","E","R","M","AVR","R","B",null,"M","$","?","$","M","R","E","?","T","R","M","R","AVR","M","R","B","B",null,"R","$","E","B"],"character_chosen":"IRONCLAD","items_purchased":["The Bomb","Medical Kit"],"campfire_rested":10,"item_purchase_floors":[14,38],"current_hp_per_floor":[74,74,56,62,51,51,57,63,63,50,50,27,27,27,49,11,59,37,37,58,45,33,55,55,62,62,75,69,75,48,48,70,36,65,59,59,59,59,59,75,69,55,55,75,75,75,75,44,66,60,32,64,75,75,60,1,1],"gold":87,"neow_bonus":"THREE_ENEMY_KILL","is_daily":false,"chose_seed":false,"campfire_upgraded":1,"win_rate":0.0,"timestamp":1609772004,"path_taken":["M","$","?","M","?","R","E","M","T","E","R","?","?","$","R","BOSS","M","?","M","?","M","R","?","M","T","R","E","R","M","AVR","R","BOSS","M","$","?","$","M","R","E","?","T","R","M","R","AVR","M","R","BOSS","BOSS","R","$","E","BOSS"],"items_purchased_type":["Card","Relic"],"build_version":"2020-11-30","purchased_purges":5,"victory":false,"max_hp_per_floor":[75,75,75,75,75,75,75,75,75,75,75,75,75,75,75,75,75,75,75,75,75,75,75,75,75,75,75,75,75,75,75,75,75,75,75,75,75,75,75,75,75,75,75,75,75,75,75,75,75,75,75,75,75,75,75,75,75],"relic_stats":{"Dream Catcher":10,"counters":[23,106],"CeramicFish":90,"Pen Nib":[0],"Whetstone":["infinitespire:Punishment","Reaper"],"War Paint":["Defend_R","Defend_R"],"Medical Kit":[5],"obtain_stats":[{"NeowsBlessing":0,"SacredBark":17,"CeramicFish":28,"infinitespire:Cubic Diamond":13,"Pen Nib":55,"Omamori":43,"infinitespire:Lucky Rock":41,"Whetstone":47,"War Paint":7,"Frozen Egg 2":26,"Medical Kit":38,"Burning Blood":0,"keyreminder:keyreminder":9,"Dream Catcher":10,"infinitespire:DarkRift":13,"Fusion Hammer":34},{"NeowsBlessing":0,"SacredBark":6,"CeramicFish":12,"infinitespire:Cubic Diamond":5,"Pen Nib":22,"Omamori":17,"infinitespire:Lucky Rock":17,"Whetstone":18,"War Paint":3,"Frozen Egg 2":11,"Medical Kit":15,"Burning Blood":0,"keyreminder:keyreminder":4,"Dream Catcher":5,"infinitespire:DarkRift":5,"Fusion Hammer":14},{"NeowsBlessing":0,"SacredBark":21,"CeramicFish":52,"infinitespire:Cubic Diamond":14,"Pen Nib":102,"Omamori":76,"infinitespire:Lucky Rock":76,"Whetstone":83,"War Paint":3,"Frozen Egg 2":51,"Medical Kit":72,"Burning Blood":0,"keyreminder:keyreminder":6,"Dream Catcher":14,"infinitespire:DarkRift":14,"Fusion Hammer":69}]},"card_choices":[{"not_picked":["Wild Strike","Twin Strike","Uppercut"],"picked":"SKIP","floor":1.0},{"not_picked":["infinitespire:Menacing","infinitespire:SealOfDarkness+"],"picked":"infinitespire:Collect","floor":3.0},{"not_picked":["Intimidate","Heavy Blade","Iron Wave"],"picked":"SKIP","floor":4.0},{"not_picked":["Havoc","Bloodletting","Flex"],"picked":"SKIP","floor":7.0},{"not_picked":["Perfected Strike","Thunderclap","Headbutt"],"picked":"SKIP","floor":8.0},{"not_picked":["Rupture","Rage","Clash"],"picked":"SKIP","floor":10.0},{"not_picked":["Rupture","Rage","Clash"],"picked":"SKIP","floor":10.0},{"not_picked":["Searing Blow","Perfected Strike"],"picked":"Offering","floor":15.0},{"not_picked":["Juggernaut","Berserk"],"picked":"Reaper","floor":16.0},{"not_picked":["Spot Weakness","Carnage"],"picked":"Shockwave+1","floor":18.0},{"not_picked":["Flame Barrier","Twin Strike"],"picked":"Shrug It Off","floor":20.0},{"not_picked":["Wild Strike","Bloodletting","Armaments+1"],"picked":"SKIP","floor":21.0},{"not_picked":["Sword Boomerang","Double Tap","Blood for Blood"],"picked":"SKIP","floor":22.0},{"not_picked":["Sentinel","Pommel Strike"],"picked":"Burning Pact","floor":25.0},{"not_picked":["Headbutt","Bloodletting","Blood for Blood"],"picked":"SKIP","floor":28.0},{"not_picked":["Rage","Brutality+1","Dropkick"],"picked":"SKIP","floor":30.0},{"not_picked":["Brutality+1","Immolate"],"picked":"Barricade+1","floor":33.0},{"not_picked":["Shrug It Off","Iron Wave"],"picked":"Body Slam+1","floor":35.0},{"not_picked":["Anger","Evolve+1"],"picked":"Dual Wield+1","floor":39.0},{"not_picked":["Armaments+1","Havoc+1"],"picked":"Entrench","floor":40.0},{"not_picked":["Bludgeon","Cleave","Shrug It Off"],"picked":"SKIP","floor":41.0},{"not_picked":["Flex+1","Armaments"],"picked":"True Grit","floor":45.0},{"not_picked":["Limit Break","Clothesline","Pommel Strike"],"picked":"SKIP","floor":48.0},{"not_picked":["Body Slam","Wild Strike"],"picked":"Havoc+1","floor":53.0},{"not_picked":["Sentinel+1","Shockwave"],"picked":"Burning Pact+1","floor":55.0}],"player_experience":768717,"relics_obtained":[{"floor":7.0,"key":"War Paint"},{"floor":10.0,"key":"Dream Catcher"},{"floor":26.0,"key":"Frozen Egg 2"},{"floor":28.0,"key":"CeramicFish"},{"floor":41.0,"key":"infinitespire:Lucky Rock"},{"floor":43.0,"key":"Omamori"},{"floor":55.0,"key":"Pen Nib"}],"event_choices":[{"damage_healed":0.0,"max_hp_gain":0.0,"max_hp_loss":0.0,"gold_gain":75.0,"event_name":"World of Goop","player_choice":"Gather Gold","floor":5.0,"gold_loss":0.0,"damage_taken":11.0},{"damage_healed":0.0,"max_hp_gain":0.0,"max_hp_loss":0.0,"gold_gain":0.0,"event_name":"Shining Light","player_choice":"Entered Light","floor":12.0,"gold_loss":0.0,"damage_taken":23.0,"cards_upgraded":["Strike_R","Strike_R"]},{"cards_removed":["Bash"],"damage_healed":0.0,"max_hp_gain":0.0,"max_hp_loss":0.0,"gold_gain":0.0,"event_name":"Purifier","player_choice":"Purged","floor":19.0,"gold_loss":0.0,"damage_taken":0.0},{"damage_healed":0.0,"max_hp_gain":0.0,"max_hp_loss":0.0,"gold_gain":0.0,"event_name":"Duplicator","player_choice":"Copied","floor":24.0,"gold_loss":0.0,"damage_taken":0.0,"cards_obtained":["infinitespire:Collect"]},{"damage_healed":0.0,"max_hp_gain":0.0,"max_hp_loss":0.0,"gold_gain":0.0,"event_name":"Winding Halls","player_choice":"Embrace Madness","floor":42.0,"gold_loss":0.0,"damage_taken":14.0,"cards_obtained":["Madness","Madness"]}],"is_beta":false,"boss_relics":[{"not_picked":["Velvet Choker","Black Star"],"picked":"SacredBark"},{"not_picked":["Runic Cube","Calling Bell"],"picked":"Fusion Hammer"}],"items_purged_floors":[2,31,36,47,54],"is_endless":false,"potions_floor_spawned":[7,16,18,25,28,33,35,45,55],"killed_by":"The Heart","ascension_level":20}}