{"host":"so437kwitdq4epbi","time":1609752084,"event":{"mods":["AchievementEnabler","BaseMod","Decade(王小明)","Friendly Minions","Gremlin Mod","KinomotoSakuraMod(木之本樱)","Koishi","KomeijiMod","LagranYue(拉格朗・月)","Lobotomy","LobotomyExtend","Marisa（F雨　魔理沙）","Minty Spire (QoL Compilation)","Quick Restart","READ ME - Snecko Mod","Replay The Spire","Shop Mod","StSLib","The Alterego","The Bladedancer","The Bug Knight","The Construct","The Hierophant","The Mystic","The Poker Player","The Runesmith","Yuyuko","[IsaacMod]以撒尖塔","vexMod"],"gold_per_floor":[117,49,49,66,85,85,110,110,110,110,110,127,147,164,164,261,261,274,290,303,303,315,347,347,349,349],"floor_reached":25,"playtime":1923,"items_purged":[],"score":252,"play_id":"4a7a4fe4-8229-48c7-b71d-57f1d17f210c","local_time":"20210104172124","daily_mods":["Heirloom","DeadlyEvents"],"is_ascension_mode":false,"campfire_choices":[{"data":"1","floor":6.0,"key":"LIFT"},{"data":"2","floor":8.0,"key":"LIFT"},{"data":"3","floor":10.0,"key":"LIFT"},{"floor":15.0,"key":"REST"}],"circlet_count":0,"master_deck":["Runesmith:Strike_RS","Runesmith:Strike_RS","Runesmith:Strike_RS","Runesmith:Strike_RS","Runesmith:Defend_RS","Runesmith:Defend_RS","Runesmith:Defend_RS","Runesmith:Defend_RS","Runesmith:CraftFirestone","Runesmith:Fortify","BettingIsNotGood","Runesmith:EarthShield","Runesmith:Firestorm","Runesmith:CraftMagma","Runesmith:Empowerment","Runesmith:CraftSpiculum","Runesmith:GoWithTheFlow","Runesmith:HeatExchange","Runesmith:ElementalConversion","Runesmith:Duplicate","CurseOfTheBell","Runesmith:Reinforce","Runesmith:HammerThrow+1","Runesmith:Refine","Runesmith:ShiftingStrike+1","Runesmith:EnergizedChisel"],"relics":["Runesmith:BrokenRuby","replay:Trail_Library","mysticmod:CrystalBall","HushsDoor","MoneyPower","Girya","LetterFromLob","vexMod:Dragonfruit","Onion Ring","Replay:Bottled Snecko","Calling Bell","Oddly Smooth Stone","Pear","Du-Vu Doll","Replay:Bandana"],"acts_visited":["Exordium","TheCity"],"potions_floor_usage":[24],"damage_taken":[{"damage":3.0,"enemies":"Cultist","floor":1.0,"turns":4.0},{"damage":5.0,"enemies":"Jaw Worm","floor":4.0,"turns":5.0},{"damage":1.0,"enemies":"2 Louse","floor":5.0,"turns":3.0},{"damage":3.0,"enemies":"3 Sentries","floor":7.0,"turns":2.0},{"damage":14.0,"enemies":"Large Slime","floor":12.0,"turns":5.0},{"damage":17.0,"enemies":"Gremlin Gang","floor":13.0,"turns":5.0},{"damage":0.0,"enemies":"Lots of Slimes","floor":14.0,"turns":1.0},{"damage":20.0,"enemies":"Fading Forest","floor":16.0,"turns":11.0},{"damage":15,"enemies":"Spheric Guardian","floor":18,"turns":4},{"damage":0,"enemies":"2 Thieves","floor":19,"turns":2},{"damage":32,"enemies":"Centurion and Healer","floor":20,"turns":8},{"damage":23,"enemies":"Snake Plant","floor":22,"turns":4},{"damage":27,"enemies":"Book of Stabbing","floor":23,"turns":5},{"damage":0,"enemies":"Snecko","floor":24,"turns":1},{"damage":0,"enemies":"Gremlin Leader","floor":25,"turns":1}],"seed_played":"5852886688770175077","potions_obtained":[{"floor":5.0,"key":"FearPotion"},{"floor":13.0,"key":"Doom Potion"},{"floor":14.0,"key":"CalmPotion"},{"floor":16.0,"key":"Dexterity Potion"},{"floor":22,"key":"SmokeBomb"}],"is_trial":true,"path_per_floor":["M","$","T","M","M","R","E","R","T","R","M","M","M","M","R","B",null,"M","M","M","?","M","E","M","E"],"character_chosen":"RUNESMITH_CLASS","items_purchased":["Runesmith:Firestorm"],"campfire_rested":1,"item_purchase_floors":[2],"current_hp_per_floor":[67,67,72,67,66,66,63,63,63,63,63,49,32,32,54,44,85,70,75,48,56,33,11,11,11,11],"gold":349,"neow_bonus":"","is_daily":false,"chose_seed":false,"campfire_upgraded":0,"win_rate":0.0,"timestamp":1609752084,"path_taken":["M","$","?","M","M","R","E","R","T","R","?","M","M","M","R","BOSS","M","M","M","?","M","E","M","?"],"items_purchased_type":["Card"],"build_version":"2020-12-22","purchased_purges":0,"victory":false,"max_hp_per_floor":[70,70,75,75,75,75,75,75,75,75,75,75,75,75,75,75,85,85,85,85,85,85,85,85,85,85],"card_choices":[{"not_picked":[],"picked":"BettingIsNotGood","floor":0.0},{"not_picked":["Runesmith:HammerAndChisel","Runesmith:HeatExchange"],"picked":"Runesmith:EarthShield","floor":1.0},{"not_picked":["Runesmith:HammerThrow","Runesmith:Repurpose"],"picked":"Runesmith:CraftMagma","floor":4.0},{"not_picked":["Runesmith:HammerThrow","Runesmith:ChiselStab"],"picked":"Bomb","floor":5.0},{"not_picked":["Runesmith:UnstableHammer","Runesmith:Permafrost"],"picked":"Runesmith:CraftSpiculum","floor":7.0},{"not_picked":["Runesmith:UnstableHammer","Runesmith:BackupBattery"],"picked":"Runesmith:GoWithTheFlow","floor":12.0},{"not_picked":["Runesmith:HeatedChisel","Runesmith:StaticCage"],"picked":"Runesmith:HeatExchange","floor":13.0},{"not_picked":["Runesmith:MakeshiftArmor","Runesmith:BackupBattery"],"picked":"Runesmith:ElementalConversion","floor":14.0},{"not_picked":["Runesmith:Supernova","Runesmith:LastStand"],"picked":"Runesmith:Duplicate","floor":16.0},{"not_picked":["Runesmith:Overpower","Runesmith:StaticCage+1"],"picked":"Runesmith:Reinforce","floor":18},{"not_picked":["Runesmith:GenerateForcefield","Runesmith:StaticCage"],"picked":"Runesmith:HammerThrow+1","floor":19},{"not_picked":["Runesmith:PerfectChisel","Runesmith:Overpower"],"picked":"Runesmith:Refine","floor":20},{"not_picked":["Runesmith:EnergizedChisel","Runesmith:HeatExchange"],"picked":"Runesmith:ShiftingStrike+1","floor":22},{"not_picked":["Runesmith:ElementalConversion","Runesmith:UnstableHammer"],"picked":"Runesmith:EnergizedChisel","floor":23}],"player_experience":165316,"relics_obtained":[{"floor":1.0,"key":"LetterFromLob"},{"floor":3.0,"key":"vexMod:Dragonfruit"},{"floor":7.0,"key":"Onion Ring"},{"floor":9.0,"key":"Replay:Bottled Snecko"},{"floor":17.0,"key":"Oddly Smooth Stone"},{"floor":17.0,"key":"Pear"},{"floor":17.0,"key":"Du-Vu Doll"},{"floor":23,"key":"Replay:Bandana"}],"event_choices":[],"is_beta":false,"boss_relics":[{"not_picked":["vexMod:EndlessSickness","Philosopher\u0027s Stone"],"picked":"Calling Bell"},{"not_picked":[]}],"items_purged_floors":[],"is_endless":true,"potions_floor_spawned":[5,13,14,16,18,22],"killed_by":"Gremlin Leader","ascension_level":0}}