{"host":"40f49r155zsx8eqk","time":1609723897,"event":{"mods":["AchievementEnabler","Aspiration","BaseMod","Curses Come First","Dota2Spire","Evolution","Googly Eyes","Minty Spire (QoL Compilation)","Relic Sorter","Replay The Spire","StSLib","The Gatherer"],"gold_per_floor":[119,119,135,16,16,49,49,78,78,91,110,110,110,128,128,227,227,246,345,109,126,139,139,139,139,139],"floor_reached":25,"playtime":729,"items_purged":["Strike_B"],"score":260,"play_id":"7af4fb95-6071-4deb-8de5-1824795dc5c3","local_time":"20210104043137","is_ascension_mode":true,"campfire_choices":[{"data":"Dualcast","floor":7,"key":"SMITH"},{"floor":13,"key":"REST"},{"floor":15,"key":"REST"},{"data":"Discovery","floor":23,"key":"SMITH"}],"circlet_count":0,"master_deck":["Strike_B","Strike_B","Strike_B","Defend_B","Defend_B","Defend_B","Defend_B","Zap+1","Dualcast+1","Sweeping Beam","Hello World","Coolheaded","Reboot","Machine Learning","Hello World","Echo Form","Ball Lightning","Discovery+1","aspiration:Polymerization+1","White Noise"],"relics":["Cracked Core","EVO:Axolotl","NeowsBlessing","Ginger","Oddly Smooth Stone","Replay:Bottled Steam","Dota2Spire:Bloodstone","Membership Card"],"acts_visited":["Exordium","TheCity"],"potions_floor_usage":[11,16,16,16,21],"damage_taken":[{"damage":0,"enemies":"Small Slimes","floor":1,"turns":1},{"damage":0,"enemies":"Cultist","floor":3,"turns":1},{"damage":0,"enemies":"Lagavulin","floor":6,"turns":1},{"damage":24,"enemies":"Gremlin Nob","floor":8,"turns":4},{"damage":13,"enemies":"Jaw Worm","floor":10,"turns":3},{"damage":16,"enemies":"Exordium Wildlife","floor":11,"turns":3},{"damage":12,"enemies":"Lots of Slimes","floor":14,"turns":2},{"damage":24,"enemies":"Hexaghost","floor":16,"turns":9},{"damage":12,"enemies":"Spheric Guardian","floor":18,"turns":4},{"damage":0,"enemies":"3 Byrds","floor":21,"turns":3},{"damage":34,"enemies":"Shelled Parasite and Fungi","floor":22,"turns":5},{"damage":28,"enemies":"3 Cultists","floor":25,"turns":3}],"seed_played":"-1252312876744750592","potions_obtained":[{"floor":8,"key":"ColorlessPotion"},{"floor":11,"key":"Dota2Spire:Clarity"},{"floor":12,"key":"DistilledChaos"},{"floor":12,"key":"Ancient Potion"},{"floor":14,"key":"BlessingOfTheForge"},{"floor":18,"key":"Fire Potion"},{"floor":22,"key":"SteroidPotion"}],"is_trial":false,"path_per_floor":["M","?","M","$","$","E","R","E","T","M","M","?","R","M","R","B",null,"M","?","$","M","M","R","?","M"],"character_chosen":"DEFECT","items_purchased":["Hello World","Coolheaded","Membership Card","Discovery"],"campfire_rested":2,"item_purchase_floors":[4,4,20,20],"current_hp_per_floor":[75,75,75,75,75,75,75,51,51,38,22,22,44,32,54,30,75,63,63,63,63,29,29,23,0,0],"gold":139,"neow_bonus":"THREE_ENEMY_KILL","is_daily":false,"chose_seed":false,"campfire_upgraded":2,"win_rate":0.0,"timestamp":1609723897,"path_taken":["M","?","M","?","$","E","R","E","T","M","M","?","R","?","R","BOSS","M","?","$","M","M","R","?","?"],"items_purchased_type":["Card","Card","Relic","Card"],"build_version":"2020-12-22","purchased_purges":1,"victory":false,"max_hp_per_floor":[75,75,75,75,75,75,75,75,75,75,75,75,75,75,75,75,75,75,75,75,75,75,75,75,75,75],"card_choices":[{"not_picked":["Steam","Barrage","Rebound"],"picked":"SKIP","floor":1},{"not_picked":["Turbo","Redo"],"picked":"Sweeping Beam","floor":3},{"not_picked":["Panic Button","Hologram"],"picked":"Reboot","floor":6},{"not_picked":["Reprogram","Storm"],"picked":"Machine Learning","floor":8},{"not_picked":["Turbo","Rebound"],"picked":"Hello World","floor":10},{"not_picked":["Reinforced Body","BasicCrystalCard","Turbo"],"picked":"SKIP","floor":11},{"not_picked":["Conserve Battery","Turbo","BasicCrystalCard"],"picked":"SKIP","floor":14},{"not_picked":["Seek","ReplayTheSpireMod:Omega Cannon"],"picked":"Echo Form","floor":16},{"not_picked":["Beam Cell","Barrage"],"picked":"Ball Lightning","floor":18},{"not_picked":["Compile Driver","Genetic Algorithm"],"picked":"aspiration:Polymerization+1","floor":21},{"not_picked":["ReplayTheSpireMod:Calculation Training","Gash"],"picked":"White Noise","floor":22}],"player_experience":139108,"relics_obtained":[{"floor":6,"key":"Ginger"},{"floor":8,"key":"Oddly Smooth Stone"},{"floor":9,"key":"Replay:Bottled Steam"}],"event_choices":[{"damage_healed":0,"gold_gain":0,"player_choice":"Upgraded","damage_taken":0,"max_hp_gain":0,"max_hp_loss":0,"event_name":"Upgrade Shrine","floor":2,"gold_loss":0,"cards_upgraded":["Zap"]},{"damage_healed":0,"gold_gain":0,"player_choice":"Got Potions","damage_taken":0,"max_hp_gain":0,"max_hp_loss":0,"event_name":"Lab","floor":12,"gold_loss":0},{"damage_healed":0,"gold_gain":99,"player_choice":"Stole From Cult","damage_taken":0,"max_hp_gain":0,"max_hp_loss":0,"event_name":"Nest","floor":19,"gold_loss":0},{"damage_healed":0,"gold_gain":0,"player_choice":"","damage_taken":6,"max_hp_gain":0,"max_hp_loss":0,"event_name":"Knowing Skull","floor":24,"potions_obtained":[],"gold_loss":0,"cards_obtained":[]}],"is_beta":false,"boss_relics":[{"not_picked":["Cursed Key","Abe\u0027s Treasure"],"picked":"Dota2Spire:Bloodstone"}],"items_purged_floors":[20],"is_endless":false,"potions_floor_spawned":[8,11,14,18,22],"killed_by":"3 Cultists","ascension_level":2}}