{"host":"0jile2yd1dg679g0","time":1609723751,"event":{"mods":["AchievementEnabler","Act Like it!","BaseMod","Better Third Choice","Colored Map","Colored Powertips","Gensokyo","Hermit","Luminous","Marisa????????","Minty Spire (QoL Compilation)","Random Character Button","Spicy Shops","StSLib","The Servant 0.9.4","Transform Curses","Waifu the Spire"],"gold_per_floor":[19,19,19,19,38,38,66,66,93,93,122,175,184,209,218,322,385,413,447,447,18,18,53,53,81,81,81,100,134,163,188,188,296,296,322,96,1113,1113,1122,1122,1141,1141,1141,81,8,8,37,60,69,69],"floor_reached":51,"playtime":3913,"items_purged":[],"score":963,"play_id":"3a83126d-5cb3-4230-bedb-dc652b9e8fcc","local_time":"20210103202911","is_ascension_mode":true,"campfire_choices":[{"data":"Anger","floor":6.0,"key":"SMITH"},{"data":"Thunderclap","floor":8.0,"key":"SMITH"},{"floor":13.0,"key":"REST"},{"floor":15.0,"key":"REST"},{"data":"Apotheosis","floor":24.0,"key":"SMITH"},{"floor":32.0,"key":"REST"},{"data":"Limit Break","floor":40,"key":"SMITH"},{"data":"Reaper","floor":42,"key":"SMITH"},{"data":"Dual Wield","floor":46,"key":"SMITH"},{"floor":49,"key":"REST"}],"circlet_count":0,"master_deck":["Bash","Anger+1","Dropkick","Thunderclap+1","Clash","Spot Weakness+1","Anger","Flex","Inflame+1","Limit Break+1","Flex","Pummel","True Grit","Sword Boomerang","Pommel Strike","Heavy Blade","Anger+1","Ghostly Armor+1","Apotheosis+1","Inflame+1","Dual Wield+1","Ghostly Armor","Metallicize+1","Seeing Red","Headbutt+1","Iron Wave+1","Reaper+1","True Grit+1","Shockwave","Normality","Normality","Panache+1","Metallicize+1","Battle Trance","Rage+1","Anger"],"relics":["Burning Blood","Calipers","Frozen Egg 2","MealTicket","Dream Catcher","Strawberry","CeramicFish","Pandora\u0027s Box","Red Mask","Luminous:MirrorRelic","Regal Pillow","Ginger","Question Card","Bottled Lightning","SlaversCollar","Ice Cream","Toolbox","Nunchaku","Pear","Self Forming Clay","ClockworkSouvenir","Bronze Scales","War Paint"],"acts_visited":["Exordium","TheCity","TheBeyond"],"potions_floor_usage":[33,35],"damage_taken":[{"damage":5.0,"enemies":"Small Slimes","floor":1.0,"turns":4.0},{"damage":2.0,"enemies":"Jaw Worm","floor":5.0,"turns":2.0},{"damage":29.0,"enemies":"Gremlin Nob","floor":7.0,"turns":4.0},{"damage":20.0,"enemies":"3 Sentries","floor":11.0,"turns":6.0},{"damage":10.0,"enemies":"2 Louse","floor":14.0,"turns":2.0},{"damage":61.0,"enemies":"Hexaghost","floor":16.0,"turns":6.0},{"damage":26.0,"enemies":"3 Byrds","floor":18.0,"turns":3.0},{"damage":25.0,"enemies":"Masked Bandits","floor":19.0,"turns":4.0},{"damage":5.0,"enemies":"Gremlin Leader","floor":23.0,"turns":4.0},{"damage":11.0,"enemies":"Spheric Guardian","floor":25.0,"turns":3.0},{"damage":30.0,"enemies":"Shelled Parasite and Fungi","floor":28.0,"turns":5.0},{"damage":47.0,"enemies":"Book of Stabbing","floor":29.0,"turns":4.0},{"damage":6.0,"enemies":"Centurion and Healer","floor":30.0,"turns":4.0},{"damage":11.0,"enemies":"Snake Plant","floor":31.0,"turns":3.0},{"damage":43,"enemies":"Automaton","floor":33,"turns":6},{"damage":44,"enemies":"3 Darklings","floor":35,"turns":5},{"damage":30,"enemies":"3 Shapes","floor":41,"turns":4},{"damage":45,"enemies":"Jaw Worm Horde","floor":47,"turns":4},{"damage":27,"enemies":"Sphere and 2 Shapes","floor":48,"turns":5},{"damage":43,"enemies":"Donu and Deca","floor":50,"turns":5}],"seed_played":"-4925562566941156375","potions_obtained":[{"floor":7.0,"key":"LiquidBronze"},{"floor":11.0,"key":"BloodPotion"},{"floor":14.0,"key":"Dexterity Potion"},{"floor":23.0,"key":"SteroidPotion"},{"floor":25.0,"key":"SkillPotion"},{"floor":31.0,"key":"BloodPotion"},{"floor":48,"key":"Regen Potion"}],"is_trial":false,"path_per_floor":["M","?","$","?","M","R","E","R","T","T","E","T","R","M","R","B",null,"M","?","?","$","?","E","R","M","T","$","M","E","M","M","R","B",null,"M","$","?","?","?","R","M","R","T","$","$","R","M","M","R","B",null],"character_chosen":"IRONCLAD","items_purchased":["Regal Pillow","Ghostly Armor","Apotheosis","Inflame+1","Ice Cream","Toolbox","Shockwave","Pear","Self Forming Clay","ClockworkSouvenir","Bronze Scales","War Paint","ColorlessPotion","Regen Potion"],"campfire_rested":4,"item_purchase_floors":[21,21,21,21,36,36,36,44,44,44,44,44,44,45],"current_hp_per_floor":[73,73,73,66,70,70,47,47,47,47,40,40,66,62,87,32,73,53,51,51,66,66,67,67,62,62,77,53,12,12,7,48,28,72,52,67,67,67,67,67,66,66,66,91,97,97,58,55,97,60],"gold":69,"neow_bonus":"ONE_RARE_RELIC","is_daily":false,"chose_seed":false,"campfire_upgraded":6,"win_rate":0.0,"timestamp":1609723751,"path_taken":["M","?","$","?","M","R","E","R","T","?","E","?","R","?","R","BOSS","M","?","?","$","?","E","R","?","T","$","M","E","M","M","R","BOSS","M","$","?","?","?","R","M","R","T","?","$","R","M","M","R","BOSS"],"items_purchased_type":["Relic","Card","Card","Card","Relic","Relic","Card","Relic","Relic","Relic","Relic","Relic","Potion","Potion"],"build_version":"2020-12-22","purchased_purges":0,"victory":true,"max_hp_per_floor":[80,80,80,80,80,80,80,80,80,80,87,87,87,87,87,87,87,87,87,87,87,87,87,87,87,87,87,87,87,87,87,87,87,87,87,87,87,87,87,87,87,87,87,97,97,97,97,97,97,97],"card_choices":[{"not_picked":["Seeing Red","Sever Soul"],"picked":"Anger","floor":1.0},{"not_picked":["Reckless Charge","Wild Strike"],"picked":"Thunderclap","floor":5.0},{"not_picked":["Havoc","Pommel Strike"],"picked":"Clash","floor":7.0},{"not_picked":["Wild Strike","Pummel"],"picked":"Spot Weakness","floor":11.0},{"not_picked":["Barricade+1","Rupture+1"],"picked":"Anger","floor":13.0},{"not_picked":["Warcry","Uppercut"],"picked":"Flex","floor":14.0},{"not_picked":["Dual Wield","Shrug It Off"],"picked":"Inflame+1","floor":15.0},{"not_picked":["Offering","Barricade+1"],"picked":"Limit Break","floor":16.0},{"not_picked":["Anger","Armaments"],"picked":"Heavy Blade","floor":18.0},{"not_picked":["Clothesline","Sword Boomerang"],"picked":"Anger+1","floor":19.0},{"not_picked":["Reckless Charge","Rupture+1"],"picked":"Dual Wield","floor":23.0},{"not_picked":["Havoc+1","Wild Strike"],"picked":"Ghostly Armor","floor":25.0},{"not_picked":["Shrug It Off+1","Armaments","Demon Form+1"],"picked":"Metallicize+1","floor":28.0},{"not_picked":["Rage","Shrug It Off","Feel No Pain+1"],"picked":"Seeing Red","floor":29.0},{"not_picked":["Dark Embrace+1","Body Slam","Havoc"],"picked":"Headbutt+1","floor":30.0},{"not_picked":["Second Wind","Shrug It Off","Combust+1"],"picked":"Iron Wave+1","floor":31.0},{"not_picked":["Immolate","Impervious","Corruption+1"],"picked":"Reaper","floor":33},{"not_picked":["Second Wind+1","Havoc+1","Thunderclap+1"],"picked":"True Grit+1","floor":35},{"not_picked":["Purity","Finesse","Enlightenment"],"picked":"Panache+1","floor":39},{"not_picked":["Spot Weakness+1","Clash+1","Sever Soul+1"],"picked":"Metallicize+1","floor":41},{"not_picked":["Body Slam","Infernal Blade+1","Sword Boomerang"],"picked":"Battle Trance","floor":47},{"not_picked":["Entrench","Warcry","Twin Strike"],"picked":"Rage+1","floor":48},{"not_picked":["Thunderclap+1","Sword Boomerang+1","Havoc"],"picked":"Anger","floor":49}],"player_experience":232222,"relics_obtained":[{"floor":7.0,"key":"Frozen Egg 2"},{"floor":9.0,"key":"MealTicket"},{"floor":10.0,"key":"Dream Catcher"},{"floor":11.0,"key":"Strawberry"},{"floor":12.0,"key":"CeramicFish"},{"floor":19.0,"key":"Red Mask"},{"floor":23.0,"key":"Ginger"},{"floor":26.0,"key":"Question Card"},{"floor":29.0,"key":"Bottled Lightning"},{"floor":43,"key":"Nunchaku"}],"event_choices":[{"damage_healed":0.0,"max_hp_gain":0.0,"max_hp_loss":0.0,"gold_gain":0.0,"cards_transformed":["Strike_R"],"event_name":"Living Wall","player_choice":"Change","floor":2.0,"gold_loss":0.0,"damage_taken":0.0,"cards_obtained":["Dropkick"]},{"cards_removed":["Strike_R"],"damage_healed":0.0,"max_hp_gain":0.0,"max_hp_loss":0.0,"gold_gain":0.0,"event_name":"Golden Wing","player_choice":"Card Removal","floor":4.0,"gold_loss":0.0,"damage_taken":7.0},{"damage_healed":0.0,"max_hp_gain":0.0,"max_hp_loss":0.0,"gold_gain":0.0,"event_name":"Masked Bandits","player_choice":"Fought Bandits","floor":19.0,"gold_loss":0.0,"damage_taken":0.0},{"cards_removed":["Juggernaut"],"damage_healed":0.0,"max_hp_gain":0.0,"max_hp_loss":0.0,"gold_gain":0.0,"event_name":"Wheel of Change","player_choice":"Card Removal","floor":22.0,"gold_loss":0.0,"damage_taken":0.0},{"damage_healed":0,"gold_gain":999,"player_choice":"Gold","damage_taken":0,"max_hp_gain":0,"max_hp_loss":0,"event_name":"MindBloom","floor":37,"gold_loss":0,"cards_obtained":["Normality","Normality"]},{"cards_removed":["Sentinel"],"damage_healed":0,"gold_gain":0,"player_choice":"Removed Skill","damage_taken":0,"max_hp_gain":0,"max_hp_loss":0,"event_name":"Falling","floor":38,"gold_loss":0},{"damage_healed":0,"gold_gain":0,"player_choice":"Memory 1","damage_taken":0,"max_hp_gain":0,"max_hp_loss":0,"event_name":"SensoryStone","floor":39,"gold_loss":0}],"is_beta":false,"boss_relics":[{"not_picked":["SacredBark","Black Star"],"picked":"Pandora\u0027s Box"},{"not_picked":["Tiny House","Snecko Eye"],"picked":"SlaversCollar"}],"items_purged_floors":[],"is_endless":false,"potions_floor_spawned":[7,11,14,23,25,31,48],"ascension_level":6}}