{"host":"x1qj4d8ympd5jdqh","time":1609746240,"event":{"mods":["AchievementEnabler","AlwaysNeverKeys","BaseMod","Colored Map","Custom Start","DeckTracker","Highlight Path","Minty Spire (QoL Compilation)","StSLib","SuperFastMode"],"gold_per_floor":[13,24,39,49,64,89,89,14,14,14,114,114,143,162,162,239,239,252,5,5,21,36,36,64,84,84,84,123,146,246,264,264,264,264],"floor_reached":33,"playtime":824,"items_purged":["Strike_R"],"score":698,"play_id":"cc40954b-55e1-4bae-88ec-3df26ab13b4c","local_time":"20210104164400","is_ascension_mode":true,"campfire_choices":[{"data":"Whirlwind","floor":7.0,"key":"SMITH"},{"data":"Battle Trance","floor":10.0,"key":"SMITH"},{"data":"Bash","floor":12.0,"key":"SMITH"},{"data":"Hemokinesis","floor":15.0,"key":"SMITH"},{"data":"Immolate","floor":23.0,"key":"SMITH"},{"data":"Shockwave","floor":27.0,"key":"SMITH"},{"data":"Demon Form","floor":32.0,"key":"SMITH"}],"circlet_count":0,"master_deck":["AscendersBane","Strike_R","Strike_R","Strike_R","Strike_R","Defend_R","Defend_R","Defend_R","Defend_R","Bash+1","Whirlwind+1","Shrug It Off","Battle Trance+1","Shockwave+1","Headbutt","Hemokinesis+1","Immolate+1","Apotheosis+1","Intimidate","Pommel Strike","Demon Form+1"],"relics":["Burning Blood","Incense Burner","Bronze Scales","Eternal Feather","White Beast Statue","Coffee Dripper","CeramicFish","Bottled Flame","Lantern","Dead Branch","Darkstone Periapt"],"acts_visited":["Exordium","TheCity"],"potions_floor_usage":[33],"damage_taken":[{"damage":7.0,"enemies":"Cultist","floor":1.0,"turns":4.0},{"damage":4.0,"enemies":"2 Louse","floor":2.0,"turns":4.0},{"damage":17.0,"enemies":"Small Slimes","floor":3.0,"turns":4.0},{"damage":9.0,"enemies":"Gremlin Gang","floor":4.0,"turns":3.0},{"damage":12.0,"enemies":"3 Louse","floor":5.0,"turns":3.0},{"damage":24.0,"enemies":"Gremlin Nob","floor":6.0,"turns":4.0},{"damage":2.0,"enemies":"3 Sentries","floor":13.0,"turns":4.0},{"damage":10.0,"enemies":"Looter","floor":14.0,"turns":2.0},{"damage":4.0,"enemies":"Slime Boss","floor":16.0,"turns":7.0},{"damage":5.0,"enemies":"3 Byrds","floor":18.0,"turns":3.0},{"damage":13.0,"enemies":"Spheric Guardian","floor":21.0,"turns":3.0},{"damage":14.0,"enemies":"Snake Plant","floor":22.0,"turns":3.0},{"damage":20.0,"enemies":"Book of Stabbing","floor":24.0,"turns":6.0},{"damage":34.0,"enemies":"Shelled Parasite and Fungi","floor":25.0,"turns":3.0},{"damage":32.0,"enemies":"Gremlin Leader","floor":28.0,"turns":4.0},{"damage":1.0,"enemies":"Centurion and Healer","floor":29.0,"turns":4.0},{"damage":0.0,"enemies":"Colosseum Slavers","floor":30.0,"turns":1.0},{"damage":15.0,"enemies":"Colosseum Nobs","floor":30.0,"turns":3.0},{"damage":22.0,"enemies":"Snecko","floor":31.0,"turns":4.0},{"damage":13,"enemies":"Automaton","floor":33,"turns":4}],"seed_played":"-4310191524951090583","potions_obtained":[{"floor":1.0,"key":"SteroidPotion"},{"floor":3.0,"key":"SpeedPotion"},{"floor":5.0,"key":"DistilledChaos"},{"floor":6.0,"key":"Energy Potion"},{"floor":16.0,"key":"Block Potion"},{"floor":18.0,"key":"BloodPotion"},{"floor":24.0,"key":"SneckoOil"},{"floor":25.0,"key":"Explosive Potion"},{"floor":28.0,"key":"BlessingOfTheForge"},{"floor":29.0,"key":"SpeedPotion"},{"floor":30.0,"key":"LiquidBronze"},{"floor":31.0,"key":"BloodPotion"}],"is_trial":false,"path_per_floor":["M","M","M","M","M","E","R","$","T","R","?","R","E","M","R","B",null,"M","$","?","M","M","R","E","M","T","R","E","M","?","M","R","B"],"character_chosen":"IRONCLAD","items_purchased":["Apotheosis","Intimidate"],"campfire_rested":0,"item_purchase_floors":[19,19],"current_hp_per_floor":[67,69,58,55,49,31,31,31,31,40,40,49,53,49,58,60,71,72,72,72,65,57,66,52,39,39,48,22,27,24,8,20,22,22],"gold":264,"neow_bonus":"ONE_RARE_RELIC","is_daily":false,"chose_seed":false,"campfire_upgraded":7,"win_rate":0.0,"timestamp":1609746240,"path_taken":["M","M","M","?","M","E","R","?","T","R","?","R","E","?","R","BOSS","M","$","?","?","M","R","E","M","T","R","E","M","?","M","R","BOSS"],"items_purchased_type":["Card","Card"],"build_version":"2020-12-22","purchased_purges":1,"victory":false,"max_hp_per_floor":[75,75,75,75,75,75,75,75,75,75,75,75,75,75,75,75,75,75,75,75,75,75,75,75,75,75,75,75,75,75,75,75,75,75],"card_choices":[{"not_picked":["Pommel Strike","Sever Soul"],"picked":"Whirlwind","floor":1.0},{"not_picked":["Power Through","Perfected Strike"],"picked":"Shrug It Off","floor":2.0},{"not_picked":["Pommel Strike","Warcry"],"picked":"Battle Trance","floor":3.0},{"not_picked":["True Grit","Uppercut"],"picked":"Shockwave","floor":4.0},{"not_picked":["Iron Wave","Warcry"],"picked":"Headbutt","floor":5.0},{"not_picked":["Searing Blow","Twin Strike","Iron Wave"],"picked":"SKIP","floor":6.0},{"not_picked":["Disarm","Flex"],"picked":"Hemokinesis","floor":13.0},{"not_picked":["Combust","Warcry","Thunderclap"],"picked":"SKIP","floor":14.0},{"not_picked":["Exhume","Feed"],"picked":"Immolate","floor":16.0},{"not_picked":["Headbutt","Body Slam","Cleave"],"picked":"SKIP","floor":18.0},{"not_picked":["Blood for Blood","Ghostly Armor","Anger"],"picked":"SKIP","floor":21.0},{"not_picked":["Cleave","Thunderclap","Havoc"],"picked":"SKIP","floor":22.0},{"not_picked":["Cleave","Hemokinesis","Armaments+1"],"picked":"SKIP","floor":24.0},{"not_picked":["Cleave","Carnage","Wild Strike"],"picked":"SKIP","floor":25.0},{"not_picked":["Wild Strike+1","Reckless Charge"],"picked":"Pommel Strike","floor":28.0},{"not_picked":["Disarm","Thunderclap"],"picked":"Demon Form","floor":29.0},{"not_picked":["Combust+1","Cleave","Twin Strike"],"picked":"SKIP","floor":31.0}],"player_experience":1315130,"relics_obtained":[{"floor":6.0,"key":"Bronze Scales"},{"floor":9.0,"key":"Eternal Feather"},{"floor":13.0,"key":"White Beast Statue"},{"floor":24.0,"key":"CeramicFish"},{"floor":26.0,"key":"Bottled Flame"},{"floor":28.0,"key":"Lantern"},{"floor":30.0,"key":"Dead Branch"},{"floor":30.0,"key":"Darkstone Periapt"}],"event_choices":[{"damage_healed":0.0,"max_hp_gain":0.0,"max_hp_loss":0.0,"gold_gain":100.0,"event_name":"Wheel of Change","player_choice":"Gold","floor":11.0,"gold_loss":0.0,"damage_taken":0.0},{"damage_healed":0.0,"max_hp_gain":0.0,"max_hp_loss":0.0,"gold_gain":0.0,"event_name":"Upgrade Shrine","player_choice":"Upgraded","floor":20.0,"gold_loss":0.0,"damage_taken":0.0,"cards_upgraded":["Apotheosis"]},{"damage_healed":0.0,"max_hp_gain":0.0,"max_hp_loss":0.0,"gold_gain":0.0,"event_name":"Colosseum","player_choice":"Fight","floor":30.0,"gold_loss":0.0,"damage_taken":0.0},{"damage_healed":0.0,"max_hp_gain":0.0,"max_hp_loss":0.0,"gold_gain":0.0,"event_name":"Colosseum","player_choice":"Fought Nobs","floor":30.0,"gold_loss":0.0,"damage_taken":0.0}],"is_beta":false,"boss_relics":[{"not_picked":["Ectoplasm","Empty Cage"],"picked":"Coffee Dripper"}],"items_purged_floors":[8],"is_endless":false,"potions_floor_spawned":[1,3,5,6,14,16,18,21,22,24,25,28,29,30,30,31],"killed_by":"Automaton","ascension_level":20}}