{"host":"61r95uy0hn86b9iu","time":1609739700,"event":{"mods":["AchievementEnabler","BaseMod","Better Vampires","BetterRewards","Colored Powertips","Hubris","Minty Spire (QoL Compilation)","Shop Mod","StSLib"],"gold_per_floor":[109,120,136,211,228,228,240,240,240,259,434,449,21,21,21,121,121,133,82,100,100,100,100,133,133,182,182,182,182,8,24,24,123,123,136,147,147,197,197,197,197,197],"floor_reached":41,"playtime":1199,"items_purged":["Doubt","Strike_R"],"score":851,"play_id":"17a32ec9-9e0a-4317-a309-17d55eaeee8c","local_time":"20210103235500","is_ascension_mode":true,"campfire_choices":[{"floor":6.0,"key":"REST"},{"data":"Flex","floor":8.0,"key":"SMITH"},{"floor":15.0,"key":"REST"},{"data":"Searing Blow","floor":23.0,"key":"SMITH"},{"data":"Limit Break","floor":25.0,"key":"SMITH"},{"floor":27.0,"key":"REST"},{"data":"Searing Blow+1","floor":29.0,"key":"SMITH"},{"data":"Spot Weakness","floor":32.0,"key":"SMITH"},{"data":"Reaper","floor":40.0,"key":"SMITH"}],"circlet_count":0,"master_deck":["AscendersBane","Strike_R","Strike_R","Defend_R","Defend_R","Defend_R","Bash","Flash of Steel","Twin Strike","Shrug It Off","Searing Blow+2","Flex+1","Limit Break+1","Reaper+1","Disarm","Spot Weakness+1","Berserk","Twin Strike+1","Pommel Strike+1","Heavy Blade+1","Cleave+1"],"relics":["Burning Blood","Red Skull","Darkstone Periapt","hubris:IronBody","Bottled Lightning","hubris:ScarierMask","Akabeko","hubris:SlimyHat","Astrolabe","Magic Flower"],"acts_visited":["Exordium","TheCity","TheBeyond"],"potions_floor_usage":[],"damage_taken":[{"damage":5.0,"enemies":"Cultist","floor":1.0,"turns":4.0},{"damage":0.0,"enemies":"Small Slimes","floor":2.0,"turns":2.0},{"damage":2.0,"enemies":"Jaw Worm","floor":3.0,"turns":3.0},{"damage":37.0,"enemies":"Lots of Slimes","floor":5.0,"turns":4.0},{"damage":11.0,"enemies":"3 Louse","floor":7.0,"turns":4.0},{"damage":8.0,"enemies":"Blue Slaver","floor":10.0,"turns":2.0},{"damage":22.0,"enemies":"Exordium Wildlife","floor":12.0,"turns":5.0},{"damage":29.0,"enemies":"The Guardian","floor":16.0,"turns":12.0},{"damage":43.0,"enemies":"Spheric Guardian","floor":18.0,"turns":6.0},{"damage":10.0,"enemies":"Chosen","floor":20.0,"turns":5.0},{"damage":7.0,"enemies":"Slavers","floor":24.0,"turns":3.0},{"damage":6.0,"enemies":"Centurion and Healer","floor":31.0,"turns":4.0},{"damage":19.0,"enemies":"Champ","floor":33.0,"turns":9.0},{"damage":7.0,"enemies":"3 Shapes","floor":35.0,"turns":3.0},{"damage":24.0,"enemies":"3 Darklings","floor":36.0,"turns":5.0},{"damage":23.0,"enemies":"2 Orb Walkers","floor":38.0,"turns":3.0},{"damage":98,"enemies":"Transient","floor":41,"turns":4}],"seed_played":"-6333507953340231595","potions_obtained":[{"floor":5.0,"key":"Regen Potion"},{"floor":7.0,"key":"LiquidMemories"},{"floor":12.0,"key":"LiquidMemories"},{"floor":16.0,"key":"PowerPotion"},{"floor":24.0,"key":"CultistPotion"},{"floor":35.0,"key":"AttackPotion"}],"is_trial":false,"path_per_floor":["M","M","M","?","M","R","M","R","T","M","?","M","$","T","R","B",null,"M","$","M","$","?","R","E","R","T","R","?","R","$","M","R","B",null,"M","M","$","?","?","R","M"],"character_chosen":"IRONCLAD","items_purchased":["Red Skull","Flash of Steel","Shrug It Off","ElixirPotion","Fruit Juice","hubris:IronBody","PowerPotion","Ancient Potion"],"campfire_rested":3,"item_purchase_floors":[0,0,0,0,13,13,19,30],"current_hp_per_floor":[57,63,67,56,25,49,44,44,44,42,48,46,51,51,78,55,82,45,45,51,51,51,51,50,50,50,77,77,77,77,91,91,91,91,90,80,80,63,63,63,0,0],"gold":197,"neow_bonus":"","is_daily":false,"chose_seed":false,"campfire_upgraded":6,"win_rate":0.0,"timestamp":1609739700,"path_taken":["M","M","?","?","M","R","M","R","T","M","?","M","$","?","R","BOSS","M","$","M","?","?","R","E","R","T","R","?","R","$","?","R","BOSS","M","M","$","?","?","R","M"],"items_purchased_type":["Relic","Card","Card","Potion","Potion","Relic","Potion","Potion"],"build_version":"2020-12-22","purchased_purges":2,"victory":false,"max_hp_per_floor":[80,80,80,80,80,80,80,80,80,80,86,86,91,91,91,91,91,91,91,91,91,91,91,91,91,91,91,91,91,91,91,91,91,91,91,91,91,91,86,86,86,86],"card_choices":[{"not_picked":["True Grit","Armaments","Anger"],"picked":"SKIP","floor":1.0},{"not_picked":["Warcry","Clothesline"],"picked":"Searing Blow","floor":2.0},{"not_picked":["Burning Pact","Cleave","True Grit"],"picked":"SKIP","floor":3.0},{"not_picked":["Body Slam","Perfected Strike"],"picked":"Flex","floor":5.0},{"not_picked":["Flex","Combust","hubris:CleavingFinish"],"picked":"SKIP","floor":7.0},{"not_picked":["Headbutt","Evolve","Uppercut"],"picked":"SKIP","floor":10.0},{"not_picked":["Clothesline","Clash"],"picked":"Limit Break","floor":12.0},{"not_picked":["Bludgeon","hubris:StunningStrike"],"picked":"Reaper","floor":16.0},{"not_picked":["Havoc","Sword Boomerang"],"picked":"Disarm","floor":18.0},{"not_picked":["hubris:ReadiedAction","Anger+1","Havoc"],"picked":"SKIP","floor":20.0},{"not_picked":["Iron Wave","hubris:CleavingFinish","Headbutt"],"picked":"SKIP","floor":24.0},{"not_picked":["Iron Wave","Pommel Strike","Headbutt"],"picked":"SKIP","floor":31.0},{"not_picked":["hubris:StunningStrike","Corruption"],"picked":"Berserk","floor":33.0},{"not_picked":["Dual Wield+1","Havoc+1","True Grit+1"],"picked":"SKIP","floor":35.0},{"not_picked":["Headbutt","hubris:ReadiedAction"],"picked":"Cleave+1","floor":36.0}],"player_experience":3223756,"relics_obtained":[{"floor":9.0,"key":"Darkstone Periapt"},{"floor":14.0,"key":"Bottled Lightning"},{"floor":24.0,"key":"Akabeko"},{"floor":26.0,"key":"hubris:SlimyHat"},{"floor":38.0,"key":"Magic Flower"}],"event_choices":[{"damage_healed":0.0,"max_hp_gain":0.0,"max_hp_loss":0.0,"gold_gain":75.0,"event_name":"World of Goop","player_choice":"Gather Gold","floor":4.0,"gold_loss":0.0,"damage_taken":11.0},{"damage_healed":0.0,"max_hp_gain":0.0,"max_hp_loss":0.0,"gold_gain":175.0,"event_name":"Liars Game","player_choice":"AGREE","floor":11.0,"gold_loss":0.0,"damage_taken":0.0,"cards_obtained":["Doubt"]},{"damage_healed":0.0,"max_hp_gain":0.0,"max_hp_loss":0.0,"gold_gain":0.0,"event_name":"The Library","player_choice":"Read","floor":22.0,"gold_loss":0.0,"damage_taken":0.0,"cards_obtained":["Spot Weakness"]},{"damage_healed":0.0,"max_hp_gain":0.0,"max_hp_loss":0.0,"gold_gain":0.0,"event_name":"Vampires","player_choice":"Ignored","floor":28.0,"gold_loss":0.0,"damage_taken":0.0},{"damage_healed":0.0,"max_hp_gain":0.0,"max_hp_loss":0.0,"gold_gain":0.0,"event_name":"Mysterious Sphere","player_choice":"Fight","floor":38.0,"gold_loss":0.0,"damage_taken":0.0},{"damage_healed":0.0,"max_hp_gain":0.0,"max_hp_loss":5.0,"gold_gain":0.0,"event_name":"Winding Halls","player_choice":"Max HP","floor":39.0,"gold_loss":0.0,"damage_taken":0.0}],"is_beta":false,"boss_relics":[{"not_picked":["SacredBark","Cursed Key"],"picked":"hubris:ScarierMask"},{"not_picked":["hubris:CrackedHourglass","hubris:Stopwatch"],"picked":"Astrolabe"}],"items_purged_floors":[13,30],"is_endless":false,"potions_floor_spawned":[5,7,12,16,24,31,35],"killed_by":"Transient","ascension_level":11}}