{"host":"gsmj583br51y3r1c","time":1609783753,"event":{"mods":["AchievementEnabler","BaseMod","Better Note","Colored Map","Dio Mod","Downfall","Hermit","Highlight Path","Hubris","Infinite Spire","Marisa????????","Minty Spire (QoL Compilation)","Permanent Neow","Quick Restart","StSLib","The Bug Knight","The Cursed","The Disciple","The Elementalist","The Marked","The Mystic","The Runesmith","The Servant 0.9.4","Unceasing Turn Reminder","everything is the same but u backflip on backflip"],"gold_per_floor":[365,290,290,290,313,313,347,39,39,54,54,66,66,82,82,186,186,200,200,200,200,475,475,475,475],"floor_reached":24,"playtime":1617,"items_purged":["Strike_MRS","Strike_MRS"],"score":190,"play_id":"1108693c-28dd-44d6-9d6c-8c1bcd2baf67","local_time":"20210104200913","is_ascension_mode":false,"campfire_choices":[{"data":"MasterSpark","floor":6,"key":"SMITH"},{"floor":15,"key":"RECALL"},{"data":"Regret","floor":23,"key":"PURGE"}],"circlet_count":0,"master_deck":["Defend_MRS","Defend_MRS","Defend_MRS","Defend_MRS","MasterSpark+1","UpSweep","EnergyFlow+1","OpenUniverse","AsteroidBelt+1","EnergyFlow","StarBarrage","ChargeUpSpray","ManaRampage","SprinkleStarSeal","MillisecondPulsars","hubris:Insight"],"relics":["MiniHakkero","Juzu Bracelet","MealTicket","Peace Pipe","hubris:Towel","hubris:TerracottaHorce","Incense Burner","hubris:Backtick","Unceasing Top"],"acts_visited":["Exordium","TheCity"],"potions_floor_usage":[7,16],"damage_taken":[{"damage":1,"enemies":"Jaw Worm","floor":1,"turns":3},{"damage":11,"enemies":"Gremlin Nob","floor":7,"turns":3},{"damage":7,"enemies":"2 Louse","floor":10,"turns":3},{"damage":0,"enemies":"Cultist","floor":12,"turns":2},{"damage":5,"enemies":"Looter","floor":14,"turns":2},{"damage":21,"enemies":"The Guardian","floor":16,"turns":8},{"damage":1,"enemies":"Chosen","floor":18,"turns":3},{"damage":19,"enemies":"Book of Stabbing","floor":24,"turns":2}],"seed_played":"7893526552240365328","potions_obtained":[{"floor":1,"key":"BottledSpark"},{"floor":12,"key":"Fire Potion"},{"floor":16,"key":"Explosive Potion"}],"is_trial":false,"path_per_floor":["M","$","?","?","T","R","E","$","T","M","?","M","?","M","R","B",null,"M","AVR","?","?","?","R","E"],"character_chosen":"MARISA","items_purchased":["Peace Pipe"],"campfire_rested":0,"item_purchase_floors":[8],"current_hp_per_floor":[67,67,67,60,60,60,49,64,64,57,57,57,57,52,52,31,59,58,58,58,58,58,58,39,39],"gold":475,"neow_bonus":"TWO_FIFTY_GOLD","is_daily":false,"chose_seed":false,"campfire_upgraded":1,"win_rate":0.0,"timestamp":1609783753,"path_taken":["M","$","?","?","?","R","E","$","T","M","?","M","?","M","R","BOSS","M","AVR","?","?","?","R","E"],"items_purchased_type":["Relic"],"build_version":"2020-12-22","purchased_purges":2,"victory":false,"max_hp_per_floor":[68,68,68,68,68,68,68,68,68,68,68,68,68,68,68,68,68,68,68,68,68,68,68,68,68],"card_choices":[{"not_picked":["SporeBomb","WitchLeyline"],"picked":"EnergyFlow","floor":1},{"not_picked":["Acceleration","AbsoluteMagnitude"],"picked":"AsteroidBelt","floor":7},{"not_picked":["MysteriousBeam","DC"],"picked":"EnergyFlow","floor":10},{"not_picked":["Acceleration","BlazeAway"],"picked":"StarBarrage","floor":12},{"not_picked":["UnstableBomb","MilkyWay"],"picked":"ChargeUpSpray","floor":14},{"not_picked":["StarDustReverie","SatelliteIllusion"],"picked":"ManaRampage","floor":16},{"not_picked":["ShootingEcho","Robbery"],"picked":"SprinkleStarSeal","floor":18}],"player_experience":317707,"relics_obtained":[{"floor":5,"key":"Juzu Bracelet"},{"floor":7,"key":"MealTicket"}],"event_choices":[{"damage_healed":0,"gold_gain":0,"cards_transformed":["Strike_MRS"],"player_choice":"Change","damage_taken":0,"max_hp_gain":0,"max_hp_loss":0,"event_name":"Living Wall","floor":3,"gold_loss":0,"cards_obtained":["OpenUniverse"]},{"cards_removed":["Strike_MRS"],"damage_healed":0,"gold_gain":0,"player_choice":"Card Removal","damage_taken":7,"max_hp_gain":0,"max_hp_loss":0,"event_name":"Golden Wing","floor":4,"gold_loss":0},{"damage_healed":0,"gold_gain":0,"player_choice":"2 cards matched","damage_taken":0,"max_hp_gain":0,"max_hp_loss":0,"event_name":"Match and Keep!","floor":20,"gold_loss":0,"cards_obtained":["MillisecondPulsars","hubris:Insight"]},{"damage_healed":0,"gold_gain":0,"player_choice":"Forge","damage_taken":0,"max_hp_gain":0,"max_hp_loss":0,"event_name":"Accursed Blacksmith","floor":21,"gold_loss":0,"cards_upgraded":["EnergyFlow"]},{"damage_healed":0,"gold_gain":275,"player_choice":"Desecrate","damage_taken":0,"max_hp_gain":0,"max_hp_loss":0,"event_name":"Golden Shrine","floor":22,"gold_loss":0,"cards_obtained":["Regret"]}],"is_beta":false,"boss_relics":[{"not_picked":["hubris:ScarierMask","Runesmith:UraniumAnvil"],"picked":"hubris:TerracottaHorce"}],"items_purged_floors":[2,19],"is_endless":false,"potions_floor_spawned":[1,12,16],"killed_by":"Book of Stabbing","ascension_level":0}}