{"host":"b995t17pt6d05w8c","time":1609788860,"event":{"mods":["AchievementEnabler","BaseMod","Colored Map","Minty Spire (QoL Compilation)","SuperFastMode"],"gold_per_floor":[110,60,72,72,87,87,97,111,138,163,176,176,187,202,202,297,297,310,310,164,164,164,164,181,81,81,180,200,213,228,247,247,344,344,363,376,376,86,86,86,105,124,148,179,179,179,196,208,208,208],"floor_reached":51,"playtime":1799,"items_purged":["Strike_G","Corpse Explosion","Defend_G"],"score":836,"play_id":"8c024658-e4c1-4f51-88a1-2961b410dc04","local_time":"20210105043420","is_ascension_mode":true,"campfire_choices":[{"data":"Deadly Poison","floor":6.0,"key":"SMITH"},{"data":"Deadly Poison","floor":15.0,"key":"SMITH"},{"data":"Tactician","floor":23.0,"key":"SMITH"},{"data":"Footwork","floor":32.0,"key":"SMITH"},{"data":"Venomology","floor":40.0,"key":"SMITH"},{"data":"Madness","floor":45.0,"key":"SMITH"},{"data":"Reflex","floor":49.0,"key":"SMITH"}],"circlet_count":0,"master_deck":["Survivor","Neutralize+1","Escape Plan","Footwork+1","Acrobatics","Crippling Poison","Deadly Poison+1","Corpse Explosion","Tactician+1","Backflip","Acrobatics","Venomology+1","Blur","Reflex+1","Madness+1","Noxious Fumes+1","Calculated Gamble+1"],"relics":["Ring of the Snake","Blood Vial","Strawberry","HoveringKite","Mercury Hourglass","Empty Cage","Membership Card","Bag of Marbles","Whetstone"],"acts_visited":["Exordium","TheCity","TheBeyond"],"potions_floor_usage":[50,50,50,50,50,50],"damage_taken":[{"damage":0.0,"enemies":"Small Slimes","floor":1.0,"turns":4.0},{"damage":0.0,"enemies":"2 Louse","floor":3.0,"turns":4.0},{"damage":6.0,"enemies":"Cultist","floor":5.0,"turns":4.0},{"damage":0.0,"enemies":"Exordium Thugs","floor":7.0,"turns":4.0},{"damage":2.0,"enemies":"2 Fungi Beasts","floor":8.0,"turns":4.0},{"damage":2.0,"enemies":"Large Slime","floor":11.0,"turns":8.0},{"damage":0.0,"enemies":"3 Louse","floor":13.0,"turns":3.0},{"damage":0.0,"enemies":"Blue Slaver","floor":14.0,"turns":4.0},{"damage":13.0,"enemies":"Hexaghost","floor":16.0,"turns":7.0},{"damage":0.0,"enemies":"Shell Parasite","floor":18.0,"turns":4.0},{"damage":0.0,"enemies":"3 Byrds","floor":24.0,"turns":2.0},{"damage":4.0,"enemies":"Centurion and Healer","floor":28.0,"turns":4.0},{"damage":0.0,"enemies":"Cultist and Chosen","floor":29.0,"turns":4.0},{"damage":0.0,"enemies":"Snake Plant","floor":30.0,"turns":3.0},{"damage":0.0,"enemies":"Centurion and Healer","floor":31.0,"turns":4.0},{"damage":8.0,"enemies":"Collector","floor":33.0,"turns":6.0},{"damage":16.0,"enemies":"3 Darklings","floor":35.0,"turns":3.0},{"damage":1.0,"enemies":"Orb Walker","floor":36.0,"turns":4.0},{"damage":0.0,"enemies":"Spire Growth","floor":41.0,"turns":5.0},{"damage":0.0,"enemies":"4 Shapes","floor":42.0,"turns":2.0},{"damage":4.0,"enemies":"Reptomancer","floor":44.0,"turns":6.0},{"damage":2.0,"enemies":"Jaw Worm Horde","floor":47.0,"turns":3.0},{"damage":0.0,"enemies":"Spire Growth","floor":48.0,"turns":3.0},{"damage":0,"enemies":"Donu and Deca","floor":50,"turns":3}],"seed_played":"-859666293063794773","potions_obtained":[{"floor":1.0,"key":"SteroidPotion"},{"floor":7.0,"key":"BlessingOfTheForge"},{"floor":8.0,"key":"AttackPotion"},{"floor":11.0,"key":"Block Potion"},{"floor":14.0,"key":"Ancient Potion"},{"floor":16.0,"key":"Explosive Potion"},{"floor":28.0,"key":"BlessingOfTheForge"},{"floor":29.0,"key":"FairyPotion"},{"floor":44.0,"key":"SkillPotion"}],"is_trial":false,"path_per_floor":["M","?","M","?","M","R","M","M","T","T","M","?","M","M","R","B",null,"M","?","$","?","?","R","M","$","T","?","M","M","M","M","R","B",null,"M","M","?","$","?","R","M","M","T","E","R","?","M","M","R","B",null],"character_chosen":"THE_SILENT","items_purchased":["Tactician","Membership Card","Reflex","Madness"],"campfire_rested":0,"item_purchase_floors":[20,38,38,38],"current_hp_per_floor":[63,63,63,63,57,57,57,55,55,62,62,62,64,66,66,55,70,70,70,70,57,57,57,59,59,59,59,57,59,61,63,63,57,75,59,60,60,60,60,60,62,64,64,62,62,62,62,64,64,66],"gold":208,"neow_bonus":"REMOVE_TWO","is_daily":false,"chose_seed":false,"campfire_upgraded":7,"win_rate":0.0,"timestamp":1609788860,"path_taken":["M","?","M","?","?","R","M","M","T","?","M","?","M","M","R","BOSS","M","?","$","?","?","R","M","?","T","?","M","M","M","?","R","BOSS","M","M","?","$","?","R","M","?","T","E","R","?","M","M","R","BOSS"],"items_purchased_type":["Card","Relic","Card","Card"],"build_version":"2020-12-22","purchased_purges":3,"victory":true,"max_hp_per_floor":[63,63,63,63,63,63,63,63,63,70,70,70,70,70,70,70,70,70,70,70,75,75,75,75,75,75,75,75,75,75,75,75,75,75,75,75,75,75,75,75,75,75,75,75,75,75,75,75,75,75],"card_choices":[{"not_picked":["Choke","Prepared","Underhanded Strike"],"picked":"SKIP","floor":1.0},{"not_picked":["Infinite Blades","Outmaneuver"],"picked":"Escape Plan","floor":3.0},{"not_picked":["Underhanded Strike","Sucker Punch"],"picked":"Deadly Poison","floor":5.0},{"not_picked":["Flying Knee","Eviscerate"],"picked":"Footwork","floor":7.0},{"not_picked":["PiercingWail","Eviscerate"],"picked":"Acrobatics","floor":8.0},{"not_picked":["All Out Attack","Flying Knee"],"picked":"Crippling Poison","floor":11.0},{"not_picked":["Eviscerate","Bane","Quick Slash"],"picked":"SKIP","floor":13.0},{"not_picked":["Dagger Throw","Prepared"],"picked":"Deadly Poison","floor":14.0},{"not_picked":["Night Terror","Wraith Form v2"],"picked":"Corpse Explosion","floor":16.0},{"not_picked":["Flying Knee","Dagger Spray","Blade Dance"],"picked":"SKIP","floor":18.0},{"not_picked":["Quick Slash+1","Dodge and Roll"],"picked":"Backflip","floor":24.0},{"not_picked":["Backflip","Dash","Slice"],"picked":"SKIP","floor":28.0},{"not_picked":["Bouncing Flask","Backflip"],"picked":"Acrobatics","floor":29.0},{"not_picked":["Backflip","Endless Agony+1","Acrobatics"],"picked":"SKIP","floor":30.0},{"not_picked":["Bane","Riddle With Holes","Glass Knife"],"picked":"SKIP","floor":31.0},{"not_picked":["Unload","Bullet Time"],"picked":"Venomology","floor":33.0},{"not_picked":["Acrobatics","Distraction+1"],"picked":"Blur","floor":35.0},{"not_picked":["Flying Knee","Quick Slash+1","Masterful Stab"],"picked":"SKIP","floor":36.0},{"not_picked":["Backflip","Dagger Throw","Dodge and Roll"],"picked":"SKIP","floor":41.0},{"not_picked":["Infinite Blades","Sucker Punch+1","Die Die Die"],"picked":"SKIP","floor":42.0},{"not_picked":["Escape Plan+1","Bouncing Flask"],"picked":"Noxious Fumes+1","floor":44.0},{"not_picked":["Slice+1","Outmaneuver+1","Dagger Spray+1"],"picked":"SKIP","floor":47.0},{"not_picked":["Dagger Spray","Leg Sweep+1"],"picked":"Calculated Gamble+1","floor":48.0}],"player_experience":10847,"relics_obtained":[{"floor":9.0,"key":"Blood Vial"},{"floor":10.0,"key":"Strawberry"},{"floor":26.0,"key":"Mercury Hourglass"},{"floor":43.0,"key":"Bag of Marbles"},{"floor":44.0,"key":"Whetstone"}],"event_choices":[{"cards_removed":["Defend_G"],"damage_healed":0.0,"max_hp_gain":0.0,"max_hp_loss":0.0,"gold_gain":0.0,"event_name":"The Cleric","player_choice":"Card Removal","floor":2.0,"gold_loss":50.0,"damage_taken":0.0},{"cards_removed":["Strike_G"],"damage_healed":0.0,"max_hp_gain":0.0,"max_hp_loss":0.0,"gold_gain":0.0,"event_name":"Bonfire Elementals","player_choice":"Offered Basic","floor":4.0,"gold_loss":0.0,"damage_taken":0.0},{"damage_healed":0.0,"max_hp_gain":0.0,"max_hp_loss":0.0,"gold_gain":0.0,"cards_transformed":["Strike_G"],"event_name":"Living Wall","player_choice":"Change","floor":12.0,"gold_loss":0.0,"damage_taken":0.0,"cards_obtained":["Heel Hook"]},{"damage_healed":0.0,"max_hp_gain":0.0,"max_hp_loss":0.0,"gold_gain":0.0,"event_name":"Ghosts","player_choice":"Ignored","floor":19.0,"gold_loss":0.0,"damage_taken":0.0},{"damage_healed":0.0,"max_hp_gain":5.0,"max_hp_loss":0.0,"gold_gain":0.0,"event_name":"Forgotten Altar","player_choice":"Shed Blood","floor":21.0,"gold_loss":0.0,"damage_taken":18.0},{"damage_healed":0.0,"max_hp_gain":0.0,"max_hp_loss":0.0,"gold_gain":0.0,"cards_transformed":["Defend_G","Strike_G"],"event_name":"Drug Dealer","player_choice":"Became Test Subject","floor":22.0,"gold_loss":0.0,"damage_taken":0.0,"cards_obtained":["Corpse Explosion","Riddle With Holes"]},{"damage_healed":0.0,"max_hp_gain":0.0,"max_hp_loss":0.0,"gold_gain":99.0,"event_name":"Nest","player_choice":"Stole From Cult","floor":27.0,"gold_loss":0.0,"damage_taken":0.0},{"cards_removed":["Heel Hook"],"damage_healed":0.0,"max_hp_gain":0.0,"max_hp_loss":0.0,"gold_gain":0.0,"event_name":"Falling","player_choice":"Removed Attack","floor":37.0,"gold_loss":0.0,"damage_taken":0.0},{"damage_healed":0.0,"max_hp_gain":0.0,"max_hp_loss":0.0,"gold_gain":0.0,"event_name":"Match and Keep!","player_choice":"0 cards matched","floor":39.0,"gold_loss":0.0,"damage_taken":0.0,"cards_obtained":[]},{"cards_removed":["Deadly Poison"],"damage_healed":0.0,"max_hp_gain":0.0,"max_hp_loss":0.0,"gold_gain":0.0,"event_name":"Purifier","player_choice":"Purged","floor":46.0,"gold_loss":0.0,"damage_taken":0.0}],"is_beta":false,"boss_relics":[{"not_picked":["Fusion Hammer","SacredBark"],"picked":"HoveringKite"},{"not_picked":["Cursed Key","Runic Pyramid"],"picked":"Empty Cage"}],"items_purged_floors":[20,25,38],"is_endless":false,"potions_floor_spawned":[1,7,8,11,14,16,18,28,29,35,44],"ascension_level":1}}