{"host":"sgwqwgbtco1nn2mb","time":1609797141,"event":{"mods":["ATMod(°¢èªMod)","BaseMod","Hermit","KinomotoSakuraMod(Ä¾Ö®±¾Ó£)","Marisa£¨ìFÓê¡¡Ä§ÀíÉ³£©","Minty Spire (QoL Compilation)","MostiFishMod","Quick Restart","Replay The Spire","RumiaBox-Â¶Ã×æ«µÄÉñÃØºÐ×Ó","StSLib","The Marked","vexMod","¡¾¹¦ÄÜMod¡¿»ìãçÖ®»·ÐÞ¸´²¹¶¡","¡¾ÒÅÎï¿¨ÅÆ¡¿REMEMod"],"gold_per_floor":[114,129,139,139,157,191,191,223,304,304,304,304,78,96,96,198,198,209,149,149,162,18,18,44,235,235,250,277,290,306,337,337,432,432,446,457,457,471,491,491,510,526,526,104,135,135,163,218,218,218],"floor_reached":51,"playtime":1568,"items_purged":["theMarked:Strike","ReplayTheSpireMod:Splinters"],"score":1202,"play_id":"fc9d3ff6-5d9a-47c0-a63a-76973c3babc3","local_time":"20210105055221","is_ascension_mode":false,"campfire_choices":[{"data":"theMarked:MysticalArsenal","floor":7,"key":"SMITH"},{"data":"AT_EmpoweredMortalDraw","floor":10,"key":"SMITH"},{"data":"theMarked:SoldierOfQuellstein","floor":12,"key":"SMITH"},{"floor":15,"key":"DIG"},{"data":"theMarked:Defy","floor":23,"key":"SMITH"},{"data":"theMarked:ChainLightning","floor":32,"key":"SMITH"},{"floor":40,"key":"RECALL"},{"data":"Pot Of Greed","floor":46,"key":"SMITH"},{"data":"Pot Of Greed","floor":49,"key":"SMITH"},{"data":"REME_BattleFury","floor":49,"key":"SMITH"}],"circlet_count":0,"master_deck":["theMarked:Strike+1","theMarked:Strike+1","theMarked:Strike+1","theMarked:Strike+1","theMarked:Defend+1","theMarked:Defend+1","theMarked:Defend+1","theMarked:Defend+1","theMarked:SoldierOfQuellstein+1","AT_EmpoweredMortalDraw+1","Machine Learning+1","theMarked:Opportunist+1","theMarked:PowerFlow+1","theMarked:HeritageOfTheMarked+1","theMarked:ParalyzingBlade+1","theMarked:MysticalArsenal+1","theMarked:Electrocute+1","theMarked:ChainLightning+1","theMarked:Defy+1","AT_EmpoweredMortalDraw+1","theMarked:Overcharge+1","theMarked:DeterminationOfTheMarked+1","theMarked:Aftermath+1","theMarked:DispelDoubt+1","theMarked:ElementalBlade+1","theMarked:Levitate+1","theMarked:WardOff+1","theMarked:AttractMetal+1","REME_BattleFury+1","Pot Of Greed+1","Pot Of Greed+1","Pot Of Greed"],"relics":["theMarked:ArtifactOfAir","DaveBox","AT_ATBox","REME_ComplimentaryCards","PatriotShield","NeowsBlessing","AT_RedTearstoneRing","StoneCalendar","ImprovedEquipment","AT_ArcaneBoots","Ccalipers","AT_MortalBlade","TungstenRod","Bag of Marbles","Bottled Flame","Sundial","Matryoshka","theMarked:DemonDagger","ShadowXiaoBlade","Mark of the Bloom","Pen Nib","MawBank","AT_SunfireAegis","Grinning Jar","Lizard Tail","Replay:Arrowhead"],"acts_visited":["Exordium","TheCity","TheBeyond"],"potions_floor_usage":[33],"damage_taken":[{"damage":0,"enemies":"Cultist","floor":1,"turns":1},{"damage":0,"enemies":"Small Slimes","floor":2,"turns":1},{"damage":0,"enemies":"2 Louse","floor":3,"turns":1},{"damage":0,"enemies":"Exordium Thugs","floor":5,"turns":5},{"damage":0,"enemies":"Gremlin Nob","floor":6,"turns":3},{"damage":0,"enemies":"3 Sentries","floor":8,"turns":4},{"damage":0,"enemies":"2 Fungi Beasts","floor":14,"turns":1},{"damage":0,"enemies":"Hexaghost","floor":16,"turns":5},{"damage":0,"enemies":"Spheric Guardian","floor":18,"turns":2},{"damage":0,"enemies":"Shell Parasite","floor":21,"turns":2},{"damage":0,"enemies":"Book of Stabbing","floor":24,"turns":5},{"damage":0,"enemies":"Snake Plant","floor":27,"turns":2},{"damage":0,"enemies":"Gremlin Leader","floor":28,"turns":2},{"damage":0,"enemies":"Snecko","floor":29,"turns":2},{"damage":0,"enemies":"Centurion and Healer","floor":30,"turns":2},{"damage":0,"enemies":"Slavers","floor":31,"turns":2},{"damage":0,"enemies":"Automaton","floor":33,"turns":5},{"damage":0,"enemies":"Orb Walker","floor":35,"turns":2},{"damage":1,"enemies":"3 Shapes","floor":36,"turns":2},{"damage":1,"enemies":"Writhing Mass","floor":38,"turns":3},{"damage":0,"enemies":"Maw","floor":39,"turns":3},{"damage":0,"enemies":"4 Shapes","floor":41,"turns":4},{"damage":4,"enemies":"Sphere and 2 Shapes","floor":42,"turns":2},{"damage":0,"enemies":"Nemesis","floor":45,"turns":2},{"damage":0,"enemies":"R_Hoarder","floor":47,"turns":2},{"damage":0,"enemies":"2 Orb Walkers","floor":48,"turns":1},{"damage":0,"enemies":"Awakened One","floor":50,"turns":2}],"seed_played":"-6263457182547972371","potions_obtained":[{"floor":2,"key":"PowerPotion"},{"floor":5,"key":"Doom Potion"},{"floor":8,"key":"ColorlessPotion"},{"floor":18,"key":"SkillPotion"},{"floor":41,"key":"FearPotion"}],"is_trial":false,"path_per_floor":["M","M","M","?","M","E","R","E","T","R","?","R","$","M","R","B",null,"M","?","?","M","$","R","E","?","T","M","E","M","M","E","R","B",null,"M","M","?","M","M","R","M","M","T","$","E","R","E","?","R","B",null],"character_chosen":"THE_DEFAULT","items_purchased":["AT_SpeedBoots","Bag of Marbles","AT_SunfireAegis","REME_BattleFury"],"campfire_rested":0,"item_purchase_floors":[13,22,44,44],"current_hp_per_floor":[70,70,70,70,70,70,70,70,70,70,56,56,56,56,56,56,70,70,70,70,70,70,70,70,70,70,70,70,70,70,70,70,70,70,70,69,69,68,68,68,68,64,64,64,64,64,64,64,64,64],"gold":218,"neow_bonus":"THREE_ENEMY_KILL","is_daily":false,"chose_seed":false,"campfire_upgraded":8,"win_rate":0.0,"timestamp":1609797141,"path_taken":["M","?","?","?","?","E","R","E","T","R","?","R","$","M","R","BOSS","M","?","?","M","$","R","E","?","T","M","E","?","M","E","R","BOSS","M","M","?","M","M","R","M","M","T","$","E","R","E","?","R","BOSS"],"items_purchased_type":["Relic","Relic","Relic","Card"],"build_version":"2020-12-22","purchased_purges":2,"victory":true,"max_hp_per_floor":[70,70,70,70,70,70,70,70,70,70,70,70,70,70,70,70,70,70,70,70,70,70,70,70,70,70,70,70,70,70,70,70,70,70,70,70,70,70,70,70,70,70,70,70,70,70,70,70,70,70],"card_choices":[{"not_picked":["theMarked:Aftermath","theMarked:ElectricStrings"],"picked":"theMarked:Opportunist","floor":1},{"not_picked":["theMarked:Frustration","theMarked:HeritageOfTheMarked"],"picked":"theMarked:PowerFlow","floor":2},{"not_picked":["theMarked:Indomitable","theMarked:BanishingStrike"],"picked":"theMarked:HeritageOfTheMarked","floor":3},{"not_picked":["theMarked:BanishingStrike","theMarked:BanishingWave"],"picked":"theMarked:ParalyzingBlade","floor":5},{"not_picked":["theMarked:ShockingTouch","theMarked:Generate"],"picked":"theMarked:MysticalArsenal","floor":6},{"not_picked":["theMarked:ChainLightning","theMarked:EmpowerWeapon"],"picked":"theMarked:Electrocute","floor":8},{"not_picked":["theMarked:ParalyzingBlade","theMarked:SwordAndMagic"],"picked":"theMarked:ChainLightning","floor":14},{"not_picked":["theMarked:DispelDoubt","theMarked:Challenge"],"picked":"theMarked:Defy","floor":16},{"not_picked":["theMarked:HeritageOfTheMarked+1","theMarked:EmpowerWeapon","theMarked:BanishingStrike+1"],"picked":"SKIP","floor":18},{"not_picked":["theMarked:Standoff","theMarked:Frustration","theMarked:KeepCalmAndFightOn"],"picked":"SKIP","floor":21},{"not_picked":["theMarked:BanishingStrike","theMarked:TwofoldDefense"],"picked":"theMarked:Overcharge","floor":24},{"not_picked":["theMarked:ParalyzingBlade","theMarked:CreepingChasm+1","theMarked:ElectricStrings"],"picked":"SKIP","floor":27},{"not_picked":["theMarked:Generate","theMarked:Convert"],"picked":"theMarked:DeterminationOfTheMarked+1","floor":28},{"not_picked":["theMarked:KeepCalmAndFightOn+1","theMarked:SwordAndMagic","theMarked:EmpowerWeapon+1"],"picked":"SKIP","floor":29},{"not_picked":["theMarked:Frustration+1","theMarked:ShockingTouch","theMarked:Snap"],"picked":"SKIP","floor":30},{"not_picked":["theMarked:Improvise","theMarked:CreepingChasm"],"picked":"theMarked:Aftermath","floor":31},{"not_picked":["theMarked:MagicAdept","theMarked:MuscleMemory"],"picked":"theMarked:DispelDoubt","floor":33},{"not_picked":["theMarked:WastefulDefense","theMarked:Parkour+1"],"picked":"theMarked:ElementalBlade+1","floor":35},{"not_picked":["theMarked:RepellingDischarge+1","theMarked:Static"],"picked":"theMarked:Levitate","floor":36},{"not_picked":["theMarked:Aftermath","theMarked:WastefulDefense+1","theMarked:ShockingTouch"],"picked":"SKIP","floor":38},{"not_picked":["theMarked:Seal","theMarked:EmpowerWeapon+1","theMarked:MaelstromOfLightning"],"picked":"SKIP","floor":39},{"not_picked":["theMarked:Frustration","theMarked:WastefulAttack+1"],"picked":"theMarked:WardOff+1","floor":41},{"not_picked":["theMarked:SwordAndMagic+1","theMarked:EmpowerWeapon"],"picked":"theMarked:AttractMetal+1","floor":42},{"not_picked":["theMarked:ElementalBlade","theMarked:GodGivenPower+1","theMarked:DeterminationOfTheMarked"],"picked":"SKIP","floor":45},{"not_picked":["theMarked:ReduceFriction","theMarked:Static","theMarked:EmpowerWeapon+1"],"picked":"SKIP","floor":47}],"player_experience":479474,"relics_obtained":[{"floor":6,"key":"AT_RedTearstoneRing"},{"floor":8,"key":"StoneCalendar"},{"floor":9,"key":"ImprovedEquipment"},{"floor":15,"key":"Ccalipers"},{"floor":24,"key":"Bottled Flame"},{"floor":26,"key":"Sundial"},{"floor":28,"key":"Matryoshka"},{"floor":31,"key":"theMarked:DemonDagger"},{"floor":43,"key":"Pen Nib"},{"floor":43,"key":"MawBank"},{"floor":45,"key":"Grinning Jar"},{"floor":47,"key":"Lizard Tail"},{"floor":48,"key":"Replay:Arrowhead"}],"event_choices":[{"damage_healed":0,"gold_gain":0,"player_choice":"0 cards matched","damage_taken":0,"max_hp_gain":0,"max_hp_loss":0,"event_name":"Match and Keep!","floor":4,"gold_loss":0,"cards_obtained":[]},{"damage_healed":0,"gold_gain":0,"player_choice":"Entered Light","damage_taken":14,"max_hp_gain":0,"max_hp_loss":0,"event_name":"Shining Light","floor":11,"gold_loss":0,"cards_upgraded":["theMarked:Strike","theMarked:ParalyzingBlade"]},{"damage_healed":0,"gold_gain":0,"player_choice":"Upgrade","damage_taken":0,"relics_obtained":["Mark of the Bloom"],"max_hp_gain":0,"max_hp_loss":0,"event_name":"MindBloom","floor":37,"gold_loss":0,"cards_upgraded":["theMarked:Strike","theMarked:Strike","theMarked:Strike","theMarked:Defend","theMarked:Defend","theMarked:Defend","theMarked:Defend","Machine Learning","theMarked:Opportunist","theMarked:PowerFlow","theMarked:HeritageOfTheMarked","theMarked:Electrocute","AT_EmpoweredMortalDraw","theMarked:Overcharge","theMarked:Aftermath","theMarked:DispelDoubt","theMarked:Levitate"]},{"damage_healed":0,"gold_gain":0,"player_choice":"Fight","damage_taken":0,"max_hp_gain":0,"max_hp_loss":0,"event_name":"Mysterious Sphere","floor":48,"gold_loss":0}],"is_beta":false,"boss_relics":[{"not_picked":["FrostBlade","Busted Crown"],"picked":"AT_MortalBlade"},{"not_picked":["ReplayTheSpireMod:DimensionalGlitch","RhineFirstAidKit"],"picked":"ShadowXiaoBlade"}],"items_purged_floors":[13,44],"is_endless":false,"potions_floor_spawned":[2,5,8,16,18,21,28,30,41,42,47],"ascension_level":0}}