{"host":"lpogke4cwz8zw1ju","time":1609793264,"event":{"mods":["Always Whale","BaseMod","Minty Spire (QoL Compilation)","Permanent Neow"],"gold_per_floor":[113,38,55,55,55,55,73,108,108,125,125,142,171,188,188,286,286,297,314,331,351,370,398,413,432,432,432,392,392,411,11,11,107,107,118,118,118,118,168,168,182,182,260,271,290,302,302,315,315,315,315],"floor_reached":50,"playtime":2997,"items_purged":["Defend_R","Strike_R"],"score":505,"play_id":"3f6e32fe-45b0-41dd-a3c3-2608cc30c9c1","local_time":"20210104214744","is_ascension_mode":false,"campfire_choices":[{"data":"Armaments","floor":6.0,"key":"SMITH"},{"data":"Cleave","floor":11.0,"key":"SMITH"},{"data":"Infernal Blade","floor":15.0,"key":"SMITH"},{"floor":27,"key":"REST"},{"data":"Bash","floor":32,"key":"SMITH"},{"data":"Twin Strike","floor":40,"key":"SMITH"},{"data":"Immolate","floor":42,"key":"SMITH"},{"floor":47,"key":"REST"},{"floor":49,"key":"REST"}],"circlet_count":0,"master_deck":["Strike_R","Strike_R","Strike_R","Strike_R","Defend_R","Defend_R","Defend_R","Bash+1","Thunderclap","Armaments+1","Cleave+1","Twin Strike+1","Impervious","Infernal Blade+1","Blood for Blood","Body Slam","Impervious","Metallicize+1","Blood for Blood","Immolate+1","Violence","Violence","Apotheosis","Iron Wave+1","Evolve+1","Spot Weakness+1","Thunderclap+1","Infernal Blade+1"],"relics":["Burning Blood","Torii","Ancient Tea Set","Bottled Flame","Dream Catcher","Snecko Eye","Mango","Tiny Chest","Incense Burner","Runic Dome","Sundial","TungstenRod","Pear"],"acts_visited":["Exordium","TheCity","TheBeyond"],"potions_floor_usage":[33,33,33,33,33,33,50,50,50],"damage_taken":[{"damage":10.0,"enemies":"Jaw Worm","floor":1.0,"turns":5.0},{"damage":6.0,"enemies":"Cultist","floor":3.0,"turns":3.0},{"damage":0.0,"enemies":"2 Louse","floor":7.0,"turns":2.0},{"damage":27.0,"enemies":"Gremlin Nob","floor":8.0,"turns":4.0},{"damage":0.0,"enemies":"Exordium Wildlife","floor":10.0,"turns":2.0},{"damage":0.0,"enemies":"Large Slime","floor":12.0,"turns":5.0},{"damage":13.0,"enemies":"3 Sentries","floor":13.0,"turns":6.0},{"damage":6.0,"enemies":"2 Fungi Beasts","floor":14.0,"turns":2.0},{"damage":9.0,"enemies":"Hexaghost","floor":16.0,"turns":7.0},{"damage":26,"enemies":"Spheric Guardian","floor":18,"turns":6},{"damage":0,"enemies":"2 Thieves","floor":19,"turns":3},{"damage":12,"enemies":"3 Cultists","floor":20,"turns":3},{"damage":9,"enemies":"Sentry and Sphere","floor":21,"turns":4},{"damage":2,"enemies":"Snecko","floor":22,"turns":5},{"damage":40,"enemies":"Book of Stabbing","floor":23,"turns":5},{"damage":11,"enemies":"Centurion and Healer","floor":24,"turns":6},{"damage":0,"enemies":"Snake Plant","floor":25,"turns":2},{"damage":7,"enemies":"Snecko","floor":30,"turns":4},{"damage":1,"enemies":"Collector","floor":33,"turns":11},{"damage":9,"enemies":"Orb Walker","floor":35,"turns":3},{"damage":0,"enemies":"Mind Bloom Boss Battle","floor":39,"turns":4},{"damage":8,"enemies":"3 Shapes","floor":41,"turns":1},{"damage":11,"enemies":"Sphere and 2 Shapes","floor":44,"turns":3},{"damage":12,"enemies":"Writhing Mass","floor":45,"turns":4},{"damage":25,"enemies":"3 Darklings","floor":46,"turns":4},{"damage":45,"enemies":"Transient","floor":48,"turns":5},{"damage":121,"enemies":"Donu and Deca","floor":50,"turns":6}],"seed_played":"3545536016090544377","potions_obtained":[{"floor":3.0,"key":"Swift Potion"},{"floor":7.0,"key":"Ancient Potion"},{"floor":8.0,"key":"Swift Potion"},{"floor":18,"key":"AttackPotion"},{"floor":21,"key":"Energy Potion"},{"floor":23,"key":"LiquidBronze"},{"floor":24,"key":"EntropicBrew"},{"floor":35,"key":"Explosive Potion"},{"floor":41,"key":"CultistPotion"},{"floor":46,"key":"BloodPotion"},{"floor":48,"key":"ElixirPotion"}],"is_trial":false,"path_per_floor":["M","$","M","?","?","R","M","E","T","M","R","M","E","M","R","B",null,"M","M","M","M","M","E","M","M","T","R","?","$","M","$","R","B",null,"M","?","T","?","?","R","M","R","T","M","M","M","R","M","R","B"],"character_chosen":"IRONCLAD","items_purchased":["Incense Burner"],"campfire_rested":3,"item_purchase_floors":[31],"current_hp_per_floor":[76,76,76,69,69,69,75,54,54,60,60,66,59,59,59,56,80,60,66,60,57,61,41,36,42,42,70,70,70,69,69,69,74,94,91,81,81,81,87,87,85,85,95,90,84,65,96,57,88,0,0],"gold":315,"neow_bonus":"THREE_CARDS","is_daily":false,"chose_seed":false,"campfire_upgraded":6,"win_rate":0.0,"timestamp":1609793264,"path_taken":["M","$","M","?","?","R","M","E","T","M","R","M","E","M","R","BOSS","M","M","M","M","M","E","M","M","T","R","?","?","M","$","R","BOSS","M","?","?","?","?","R","M","R","T","M","M","M","R","M","R","BOSS"],"items_purchased_type":["Relic"],"build_version":"2020-12-22","purchased_purges":2,"victory":false,"max_hp_per_floor":[80,80,80,80,80,80,80,80,80,80,80,80,80,80,80,80,80,80,80,80,80,80,94,94,94,94,94,94,94,94,94,94,94,94,94,94,94,94,94,94,94,94,104,104,104,104,104,104,104,104,104],"card_choices":[{"not_picked":["Headbutt","Wild Strike"],"picked":"Thunderclap","floor":0.0},{"not_picked":["Body Slam","Fire Breathing"],"picked":"Armaments","floor":1.0},{"not_picked":["Armaments","Sword Boomerang"],"picked":"Cleave","floor":3.0},{"not_picked":["Combust","Sword Boomerang"],"picked":"Twin Strike","floor":7.0},{"not_picked":["Body Slam","Iron Wave"],"picked":"Impervious","floor":8.0},{"not_picked":["Anger","Twin Strike"],"picked":"Infernal Blade","floor":10.0},{"not_picked":["Iron Wave","Seeing Red"],"picked":"Warcry","floor":12.0},{"not_picked":["Anger","Burning Pact"],"picked":"Blood for Blood","floor":13.0},{"not_picked":["Clothesline","Anger"],"picked":"Body Slam","floor":14.0},{"not_picked":["Berserk","Fiend Fire"],"picked":"Impervious","floor":16.0},{"not_picked":["Iron Wave","Burning Pact","Wild Strike"],"picked":"SKIP","floor":18},{"not_picked":["Clash","Rage","Twin Strike"],"picked":"SKIP","floor":19},{"not_picked":["Sword Boomerang","Anger","Reckless Charge+1"],"picked":"SKIP","floor":20},{"not_picked":["Body Slam","Sword Boomerang","Headbutt"],"picked":"SKIP","floor":21},{"not_picked":["Power Through","Dual Wield+1","Rage"],"picked":"SKIP","floor":22},{"not_picked":["Rupture","Cleave","True Grit"],"picked":"SKIP","floor":23},{"not_picked":["Twin Strike","Shockwave"],"picked":"Metallicize+1","floor":24},{"not_picked":["Feel No Pain+1","Burning Pact","Body Slam"],"picked":"SKIP","floor":25},{"not_picked":["Cleave","Sword Boomerang"],"picked":"Blood for Blood","floor":30},{"not_picked":["Juggernaut","Limit Break"],"picked":"Immolate","floor":33},{"not_picked":["Warcry+1","Headbutt","Havoc"],"picked":"SKIP","floor":35},{"not_picked":["Finesse","Forethought"],"picked":"Violence","floor":36},{"not_picked":["Impatience","Forethought"],"picked":"Violence","floor":36},{"not_picked":["Trip","PanicButton"],"picked":"Apotheosis","floor":36},{"not_picked":["Anger+1","Rampage"],"picked":"Iron Wave+1","floor":39},{"not_picked":["Warcry+1","Clash","Hemokinesis"],"picked":"SKIP","floor":41},{"not_picked":["True Grit","Clash"],"picked":"Evolve+1","floor":44},{"not_picked":["Armaments","Wild Strike","Reckless Charge+1"],"picked":"SKIP","floor":45},{"not_picked":["Evolve","Thunderclap"],"picked":"Spot Weakness+1","floor":46},{"not_picked":["Armaments","Hemokinesis"],"picked":"Thunderclap+1","floor":48},{"not_picked":["Warcry+1","Flex"],"picked":"Infernal Blade+1","floor":49}],"player_experience":160685,"relics_obtained":[{"floor":8.0,"key":"Ancient Tea Set"},{"floor":9.0,"key":"Bottled Flame"},{"floor":13.0,"key":"Dream Catcher"},{"floor":23,"key":"Mango"},{"floor":26,"key":"Tiny Chest"},{"floor":37,"key":"Sundial"},{"floor":39,"key":"TungstenRod"},{"floor":43,"key":"Pear"}],"event_choices":[{"damage_healed":0.0,"max_hp_gain":0.0,"max_hp_loss":0.0,"gold_gain":0.0,"event_name":"Scrap Ooze","player_choice":"Success","floor":4.0,"gold_loss":0.0,"damage_taken":7.0,"relics_obtained":["Torii"]},{"damage_healed":0.0,"max_hp_gain":0.0,"max_hp_loss":0.0,"gold_gain":0.0,"event_name":"Liars Game","player_choice":"Ignored","floor":5.0,"gold_loss":0.0,"damage_taken":0.0},{"damage_healed":0,"gold_gain":0,"player_choice":"Upgrade","damage_taken":0,"max_hp_gain":0,"max_hp_loss":0,"event_name":"Designer","floor":28,"gold_loss":40,"cards_upgraded":["Warcry"]},{"damage_healed":0,"gold_gain":0,"player_choice":"Memory 3","damage_taken":10,"max_hp_gain":0,"max_hp_loss":0,"event_name":"SensoryStone","floor":36,"gold_loss":0},{"cards_removed":["Warcry"],"damage_healed":0,"gold_gain":0,"player_choice":"Removed Skill","damage_taken":0,"max_hp_gain":0,"max_hp_loss":0,"event_name":"Falling","floor":38,"gold_loss":0},{"damage_healed":0,"gold_gain":0,"player_choice":"Fight","damage_taken":0,"max_hp_gain":0,"max_hp_loss":0,"event_name":"MindBloom","floor":39,"gold_loss":0}],"is_beta":false,"boss_relics":[{"not_picked":["SlaversCollar","Tiny House"],"picked":"Snecko Eye"},{"not_picked":["Calling Bell","Runic Pyramid"],"picked":"Runic Dome"}],"items_purged_floors":[2,31],"is_endless":false,"potions_floor_spawned":[3,7,8,18,21,23,24,35,41,46,48],"killed_by":"Donu and Deca","ascension_level":0}}