{"host":"ty2cix8xj6r3ad26","time":1609751650,"event":{"mods":["AchievementEnabler","BaseMod","BetterRewards","Minty Spire (QoL Compilation)","StSLib","SuperFastMode"],"gold_per_floor":[114,131,143,143,143,143,156,156,156,187,187,187,262,262,262,392,392,383,383,137,156,176,217,233,148,225,75,89,89,89,112,112,231,231,254,277,277,277,296,339,339,379,459,459,480,480,480,492,504,516,528,540,227,261,261],"floor_reached":56,"playtime":3440,"items_purged":["Strike_R","Strike_R","Strike_R","Strike_R","Injury"],"score":1662,"play_id":"580d8d07-4fb7-430d-b755-bc0a4570e32b","local_time":"20210104111410","is_ascension_mode":true,"campfire_choices":[{"data":"Body Slam","floor":6,"key":"SMITH"},{"data":"Clothesline","floor":8,"key":"SMITH"},{"data":"Inflame","floor":12,"key":"SMITH"},{"data":"Shrug It Off","floor":15,"key":"SMITH"},{"data":"Heavy Blade","floor":29,"key":"SMITH"},{"data":"Bash","floor":32,"key":"SMITH"},{"data":"Corruption","floor":41,"key":"SMITH"},{"floor":44,"key":"RECALL"},{"data":"Sentinel","floor":46,"key":"SMITH"},{"data":"Madness","floor":49,"key":"SMITH"},{"data":"Defend_R","floor":52,"key":"SMITH"}],"circlet_count":0,"master_deck":["Defend_R","Defend_R+1","Bash+1","Body Slam+1","Clothesline+1","Shrug It Off+1","Inflame+1","Demon Form+1","Heavy Blade+1","Second Wind+1","Reaper","Corruption+1","Secret Weapon","Madness+1","Madness","Sentinel+1","Juggernaut+1"],"relics":["Burning Blood","TungstenRod","Dead Branch","Calipers","Bird Faced Urn","Golden Idol","Runic Dome","PreservedInsect","Boot","HornCleat","Sozu","White Beast Statue","Frozen Egg 2","Bottled Tornado","MawBank","OrangePellets","Pen Nib"],"acts_visited":["Exordium","TheCity","TheBeyond","TheEnding"],"potions_floor_usage":[1,10,16,22,23,23,24,28,33,35],"damage_taken":[{"damage":0,"enemies":"2 Louse","floor":1,"turns":2},{"damage":7,"enemies":"Jaw Worm","floor":2,"turns":5},{"damage":0,"enemies":"Small Slimes","floor":3,"turns":3},{"damage":0,"enemies":"3 Louse","floor":7,"turns":4},{"damage":16,"enemies":"Gremlin Nob","floor":10,"turns":4},{"damage":14,"enemies":"Hexaghost","floor":16,"turns":11},{"damage":19,"enemies":"2 Thieves","floor":18,"turns":4},{"damage":0,"enemies":"Chosen","floor":21,"turns":4},{"damage":20,"enemies":"Centurion and Healer","floor":22,"turns":5},{"damage":23,"enemies":"Gremlin Leader","floor":23,"turns":6},{"damage":10,"enemies":"Snake Plant","floor":24,"turns":4},{"damage":7,"enemies":"Snecko","floor":28,"turns":3},{"damage":27,"enemies":"Centurion and Healer","floor":31,"turns":4},{"damage":4,"enemies":"Collector","floor":33,"turns":6},{"damage":0,"enemies":"3 Darklings","floor":35,"turns":4},{"damage":0,"enemies":"3 Shapes","floor":36,"turns":3},{"damage":0,"enemies":"Spire Growth","floor":39,"turns":3},{"damage":11,"enemies":"Nemesis","floor":40,"turns":4},{"damage":44,"enemies":"Reptomancer","floor":42,"turns":4},{"damage":22,"enemies":"4 Shapes","floor":45,"turns":3},{"damage":0,"enemies":"Donu and Deca","floor":50,"turns":4},{"damage":30,"enemies":"Shield and Spear","floor":54,"turns":4},{"damage":59,"enemies":"The Heart","floor":55,"turns":7}],"seed_played":"-8500836115131633214","potions_obtained":[{"floor":2,"key":"Ancient Potion"},{"floor":3,"key":"DistilledChaos"},{"floor":16,"key":"Energy Potion"},{"floor":21,"key":"BlessingOfTheForge"},{"floor":23,"key":"Energy Potion"},{"floor":24,"key":"BlessingOfTheForge"},{"floor":28,"key":"FearPotion"},{"floor":31,"key":"DistilledChaos"},{"floor":33,"key":"DistilledChaos"}],"is_trial":false,"path_per_floor":["M","M","M","?","?","R","M","R","T","E","?","R","?","?","R","B",null,"M","?","$","M","M","E","M","?","T","$","M","R","T","M","R","B",null,"M","M","?","?","M","E","R","E","T","R","M","R","T","?","R","B",null,"R","$","E","B",null],"character_chosen":"IRONCLAD","items_purchased":["TungstenRod","Body Slam","Explosive Potion","Heavy Blade","EssenceOfSteel","OrangePellets"],"campfire_rested":0,"item_purchase_floors":[0,0,0,20,20,53],"current_hp_per_floor":[42,41,47,41,41,41,47,47,47,37,37,37,27,32,32,26,70,61,61,61,71,61,48,50,50,50,50,63,63,63,63,63,82,84,85,85,85,75,85,85,85,70,70,70,85,85,85,85,85,85,85,85,85,75,49],"gold":261,"neow_bonus":"","is_daily":false,"chose_seed":false,"campfire_upgraded":10,"win_rate":0.0,"timestamp":1609751650,"path_taken":["M","M","M","?","?","R","M","R","T","E","?","R","?","?","R","BOSS","M","?","$","M","?","E","M","?","T","$","M","R","?","M","R","BOSS","M","M","?","?","M","E","R","E","T","R","M","R","?","?","R","BOSS","R","$","E","BOSS"],"items_purchased_type":["Relic","Card","Potion","Card","Potion","Relic"],"build_version":"2020-12-22","purchased_purges":5,"victory":true,"max_hp_per_floor":[80,80,80,80,80,80,80,80,80,80,80,80,80,85,85,85,85,85,85,85,85,85,85,85,85,85,85,85,85,85,85,85,85,85,85,85,85,85,85,85,85,85,85,85,85,85,85,85,85,85,85,85,85,85,85],"card_choices":[{"not_picked":["Warcry","Rage"],"picked":"Clothesline","floor":1},{"not_picked":["Power Through","True Grit"],"picked":"Shrug It Off","floor":2},{"not_picked":["Clash","Flex","Body Slam"],"picked":"SKIP","floor":3},{"not_picked":["Cleave","Sever Soul","Thunderclap"],"picked":"SKIP","floor":7},{"not_picked":["Pommel Strike","Immolate"],"picked":"Inflame","floor":10},{"not_picked":["Juggernaut","Bludgeon"],"picked":"Demon Form","floor":16},{"not_picked":["Headbutt","Armaments+1","Clash"],"picked":"SKIP","floor":18},{"not_picked":["Flex","Armaments","Second Wind"],"picked":"SKIP","floor":21},{"not_picked":["Uppercut","Warcry+1"],"picked":"Second Wind+1","floor":22},{"not_picked":["Cleave+1","Warcry","Inflame"],"picked":"SKIP","floor":23},{"not_picked":["Cleave+1","Warcry","Inflame"],"picked":"SKIP","floor":23},{"not_picked":["Sword Boomerang","Clothesline"],"picked":"Reaper","floor":24},{"not_picked":["Pommel Strike","Headbutt","Uppercut"],"picked":"SKIP","floor":28},{"not_picked":["Infernal Blade","Searing Blow","Wild Strike"],"picked":"SKIP","floor":31},{"not_picked":["Offering","Juggernaut"],"picked":"Corruption","floor":33},{"not_picked":["Thunderclap+1","Headbutt+1","Heavy Blade"],"picked":"SKIP","floor":35},{"not_picked":["Body Slam+1","Inflame","Heavy Blade"],"picked":"SKIP","floor":36},{"not_picked":["Forethought","Magnetism"],"picked":"Secret Weapon","floor":37},{"not_picked":["Havoc+1","Anger","Wild Strike+1"],"picked":"SKIP","floor":39},{"not_picked":["Demon Form","Pommel Strike+1","Dual Wield+1"],"picked":"SKIP","floor":40},{"not_picked":["Armaments","Wild Strike","Corruption+1"],"picked":"SKIP","floor":42},{"not_picked":["Cleave+1","Sever Soul"],"picked":"Sentinel","floor":45},{"not_picked":["Twin Strike","Inflame+1"],"picked":"Juggernaut+1","floor":54}],"player_experience":411927,"relics_obtained":[{"floor":9,"key":"Calipers"},{"floor":10,"key":"Bird Faced Urn"},{"floor":23,"key":"PreservedInsect"},{"floor":30,"key":"HornCleat"},{"floor":40,"key":"White Beast Statue"},{"floor":42,"key":"Frozen Egg 2"},{"floor":43,"key":"Bottled Tornado"},{"floor":47,"key":"MawBank"},{"floor":54,"key":"Pen Nib"}],"event_choices":[{"cards_removed":["Strike_R"],"damage_healed":0,"gold_gain":0,"player_choice":"Card Removal","damage_taken":7,"max_hp_gain":0,"max_hp_loss":0,"event_name":"Golden Wing","floor":4,"gold_loss":0},{"cards_removed":["Defend_R"],"damage_healed":0,"gold_gain":0,"player_choice":"Forget","damage_taken":0,"max_hp_gain":0,"max_hp_loss":0,"event_name":"Living Wall","floor":5,"gold_loss":0},{"damage_healed":0,"gold_gain":0,"player_choice":"Take Wound","damage_taken":0,"relics_obtained":["Golden Idol"],"max_hp_gain":0,"max_hp_loss":0,"event_name":"Golden Idol","floor":11,"gold_loss":0,"cards_obtained":["Injury"]},{"damage_healed":0,"gold_gain":75,"player_choice":"Gather Gold","damage_taken":11,"max_hp_gain":0,"max_hp_loss":0,"event_name":"World of Goop","floor":13,"gold_loss":0},{"damage_healed":0,"gold_gain":0,"player_choice":"Donut","damage_taken":0,"max_hp_gain":5,"max_hp_loss":0,"event_name":"Big Fish","floor":14,"gold_loss":0},{"damage_healed":0,"gold_gain":0,"player_choice":"Upgraded","damage_taken":0,"max_hp_gain":0,"max_hp_loss":0,"event_name":"Upgrade Shrine","floor":19,"gold_loss":0,"cards_upgraded":["Demon Form"]},{"damage_healed":0,"gold_gain":0,"player_choice":"Obtained Relic","damage_taken":0,"relics_obtained":["Boot"],"max_hp_gain":0,"max_hp_loss":0,"event_name":"Addict","floor":25,"gold_loss":85},{"damage_healed":0,"gold_gain":0,"player_choice":"Memory 1","damage_taken":0,"max_hp_gain":0,"max_hp_loss":0,"event_name":"SensoryStone","floor":37,"gold_loss":0},{"damage_healed":0,"gold_gain":0,"player_choice":"Embrace Madness","damage_taken":11,"max_hp_gain":0,"max_hp_loss":0,"event_name":"Winding Halls","floor":38,"gold_loss":0,"cards_obtained":["Madness","Madness"]},{"cards_removed":["Defend_R"],"damage_healed":0,"gold_gain":0,"player_choice":"Removed Skill","damage_taken":0,"max_hp_gain":0,"max_hp_loss":0,"event_name":"Falling","floor":48,"gold_loss":0}],"is_beta":false,"boss_relics":[{"not_picked":["Runic Cube","Pandora\u0027s Box"],"picked":"Runic Dome"},{"not_picked":["Philosopher\u0027s Stone","Black Star"],"picked":"Sozu"}],"items_purged_floors":[0,0,20,27,53],"is_endless":false,"potions_floor_spawned":[2,3,16,21,23,24,28,31,33,39,42,45,54],"ascension_level":8}}