{"host":"g01l53quoe6lrer0","time":1609775487,"event":{"mods":["2.2 Compatiblity","AchievementEnabler","BaseMod","Colored Map","Highlight Path","Keyboard Shortcuts","Minty Spire (QoL Compilation)","Permanent Neow","Quick Restart","StSLib","SuperFastMode","everything is the same but u backflip on backflip"],"gold_per_floor":[99,99,99,99,115,150,150,190,190,190,203,218,234,268,268,268,268],"floor_reached":16,"playtime":595,"items_purged":[],"score":214,"play_id":"98527685-9e4f-4af4-a9ce-25a9c4514d79","local_time":"20210105005127","is_ascension_mode":true,"campfire_choices":[{"data":"Perfected Strike","floor":7.0,"key":"SMITH"},{"data":"Pommel Strike","floor":15,"key":"SMITH"}],"circlet_count":0,"master_deck":["Strike_R","Strike_R","Strike_R","Strike_R+1","Strike_R","Defend_R","Defend_R","Defend_R+1","Bash","Clash","Perfected Strike+1","Warcry","Inflame","Warcry","Offering","Perfected Strike","Perfected Strike","Pommel Strike+1"],"relics":["Burning Blood","NeowsBlessing","Golden Idol","Prayer Wheel","MealTicket","Eternal Feather","Pear"],"acts_visited":["Exordium"],"potions_floor_usage":[],"damage_taken":[{"damage":0.0,"enemies":"Cultist","floor":1.0,"turns":1.0},{"damage":0.0,"enemies":"Small Slimes","floor":5.0,"turns":1.0},{"damage":0.0,"enemies":"Lagavulin","floor":6.0,"turns":1.0},{"damage":10.0,"enemies":"Gremlin Nob","floor":8.0,"turns":3.0},{"damage":4.0,"enemies":"2 Louse","floor":11.0,"turns":3.0},{"damage":26.0,"enemies":"Exordium Thugs","floor":12.0,"turns":3.0},{"damage":13.0,"enemies":"Gremlin Gang","floor":13.0,"turns":4.0},{"damage":16,"enemies":"3 Sentries","floor":14,"turns":4},{"damage":41,"enemies":"The Guardian","floor":16,"turns":4}],"seed_played":"-6121502796980845326","potions_obtained":[{"floor":6.0,"key":"Energy Potion"},{"floor":11.0,"key":"DistilledChaos"}],"is_trial":false,"path_per_floor":["M","?","?","?","M","E","R","E","T","?","M","M","M","E","R","B"],"character_chosen":"IRONCLAD","items_purchased":[],"campfire_rested":0,"item_purchase_floors":[],"current_hp_per_floor":[78,62,67,46,52,58,58,54,54,54,56,36,29,29,38,0,0],"gold":268,"neow_bonus":"THREE_ENEMY_KILL","is_daily":false,"chose_seed":false,"campfire_upgraded":2,"win_rate":0.0,"timestamp":1609775487,"path_taken":["M","?","?","?","M","E","R","E","T","?","M","M","M","E","R","BOSS"],"items_purchased_type":[],"build_version":"2020-12-22","purchased_purges":0,"victory":false,"max_hp_per_floor":[80,80,85,85,85,85,85,85,85,85,85,85,85,95,95,95,95],"card_choices":[{"not_picked":["Perfected Strike","Spot Weakness","Searing Blow"],"picked":"SKIP","floor":1.0},{"not_picked":["True Grit","Cleave","Clash"],"picked":"SKIP","floor":5.0},{"not_picked":["True Grit","Cleave"],"picked":"Clash","floor":5.0},{"not_picked":["Disarm","Clothesline"],"picked":"Perfected Strike","floor":6.0},{"not_picked":["True Grit","Flex"],"picked":"Warcry","floor":8.0},{"not_picked":["Rage","Flex"],"picked":"Warcry","floor":11.0},{"not_picked":["Pommel Strike","Cleave"],"picked":"Offering","floor":11.0},{"not_picked":["Havoc","Uppercut"],"picked":"Perfected Strike","floor":12.0},{"not_picked":["Body Slam","Blood for Blood","Iron Wave"],"picked":"SKIP","floor":12.0},{"not_picked":["Sentinel","Armaments"],"picked":"Perfected Strike","floor":13.0},{"not_picked":["Offering","Infernal Blade","Havoc"],"picked":"SKIP","floor":13.0},{"not_picked":["Feed","Second Wind"],"picked":"Pommel Strike","floor":14}],"player_experience":55655,"relics_obtained":[{"floor":6.0,"key":"Prayer Wheel"},{"floor":8.0,"key":"MealTicket"},{"floor":9.0,"key":"Eternal Feather"},{"floor":14,"key":"Pear"}],"event_choices":[{"damage_healed":0.0,"max_hp_gain":0.0,"max_hp_loss":0.0,"gold_gain":0.0,"event_name":"Shining Light","player_choice":"Entered Light","floor":2.0,"gold_loss":0.0,"damage_taken":16.0,"cards_upgraded":["Defend_R","Strike_R"]},{"damage_healed":0.0,"max_hp_gain":5.0,"max_hp_loss":0.0,"gold_gain":0.0,"event_name":"Big Fish","player_choice":"Donut","floor":3.0,"gold_loss":0.0,"damage_taken":0.0},{"damage_healed":0.0,"max_hp_gain":0.0,"max_hp_loss":0.0,"gold_gain":0.0,"event_name":"Golden Idol","player_choice":"Take Damage","floor":4.0,"gold_loss":0.0,"damage_taken":21.0,"relics_obtained":["Golden Idol"]},{"damage_healed":0.0,"max_hp_gain":0.0,"max_hp_loss":0.0,"gold_gain":0.0,"cards_transformed":["Defend_R"],"event_name":"Transmorgrifier","player_choice":"Transformed","floor":10.0,"gold_loss":0.0,"damage_taken":0.0,"cards_obtained":["Inflame"]}],"is_beta":false,"boss_relics":[],"items_purged_floors":[],"is_endless":false,"potions_floor_spawned":[6,11],"killed_by":"The Guardian","ascension_level":6}}