{"host":"qnk15saze0ayia2v","time":1609801407,"event":{"mods":["BaseMod","GifTheSpireLib","Koishi","Marisa????????","Minty Spire (QoL Compilation)","Replay The Spire","StSLib","The Necromancer","The Servant 0.9.4"],"gold_per_floor":[117,117,132,18,34,34,60,60,60,60,135,35,54,83,83,182,182,201,190,190,200,210,210,14,14,14,113,113,113,126,126,126,230,230,247,266,281,281,131,131,52,72,119,119,169,14,14,28,28,28],"floor_reached":51,"playtime":4443,"items_purged":["Strike_G","Strike_G","Strike_G","Doubt"],"score":593,"play_id":"d4068ca5-29d8-4f14-bbf1-0b2ae1ccaea3","local_time":"20210105000327","is_ascension_mode":false,"campfire_choices":[{"data":"Neutralize","floor":6,"key":"SMITH"},{"floor":8,"key":"REST"},{"floor":15,"key":"REST"},{"data":"After Image","floor":23,"key":"SMITH"},{"data":"Cloak And Dagger","floor":25,"key":"SMITH"},{"floor":32,"key":"DIG"},{"data":"ReplayTheSpireMod:Shiv Toss","floor":40,"key":"SMITH"},{"data":"Hallucinations","floor":44,"key":"PURGE"},{"data":"Parasite","floor":47,"key":"PURGE"},{"floor":49,"key":"REST"}],"circlet_count":0,"master_deck":["Strike_G","Defend_G","Defend_G","Survivor","Neutralize+1","ReplayTheSpireMod:Speed Training","ReplayTheSpireMod:Scrap Shanks","Blade Dance+1","Cloak And Dagger+1","Quick Slash","After Image+1","Prepared","Tactician+1","Blade Dance","Footwork","Bullet Time","Replay:Bag of Tricks","Acrobatics","ReplayTheSpireMod:Shiv Toss+1","ReplayTheSpireMod:Scrap Shanks","Accuracy+1","Unload"],"relics":["Ring of the Serpent","NeowsBlessing","ReplayTheSpireMod:Shallot","Sundial","Replay:PocketPolymizer","Cursed Key","Mercury Hourglass","Strawberry","Peace Pipe","War Paint","Prayer Wheel","Anchor"],"acts_visited":["Exordium","TheCity","TheBeyond"],"potions_floor_usage":[16,33,33,50,50],"damage_taken":[{"damage":0,"enemies":"Jaw Worm","floor":1,"turns":1},{"damage":0,"enemies":"Small Slimes","floor":3,"turns":1},{"damage":0,"enemies":"2 Louse","floor":5,"turns":1},{"damage":47,"enemies":"3 Sentries","floor":7,"turns":14},{"damage":1,"enemies":"Large Slime","floor":13,"turns":8},{"damage":16,"enemies":"The Guardian","floor":16,"turns":17},{"damage":0,"enemies":"Chosen","floor":18,"turns":7},{"damage":0,"enemies":"2 Thieves","floor":19,"turns":4},{"damage":0,"enemies":"3 Cultists","floor":21,"turns":6},{"damage":0,"enemies":"Snecko","floor":22,"turns":6},{"damage":4,"enemies":"Cultist and Chosen","floor":30,"turns":7},{"damage":29,"enemies":"Automaton","floor":33,"turns":12},{"damage":7,"enemies":"Orb Walker","floor":35,"turns":5},{"damage":0,"enemies":"3 Darklings","floor":36,"turns":7},{"damage":6,"enemies":"Spire Growth","floor":37,"turns":6},{"damage":6,"enemies":"Jaw Worm Horde","floor":42,"turns":4},{"damage":0,"enemies":"Mind Bloom Boss Battle","floor":45,"turns":3},{"damage":0,"enemies":"Transient","floor":48,"turns":5},{"damage":45,"enemies":"Awakened One","floor":50,"turns":7}],"seed_played":"5741237505487803356","potions_obtained":[{"floor":1,"key":"Strength Potion"},{"floor":13,"key":"Adrenaline Potion"},{"floor":16,"key":"FairyPotion"},{"floor":18,"key":"DuplicationPotion"},{"floor":33,"key":"LiquidMemories"},{"floor":36,"key":"Ancient Potion"}],"is_trial":false,"path_per_floor":["M","?","M","$","M","R","E","R","T","?","?","$","M","?","R","B",null,"M","M","?","M","M","R","$","R","T","?","$","?","M","T","R","B",null,"M","M","M","?","$","R","$","M","T","R","?","$","R","M","R","B",null],"character_chosen":"THE_SILENT","items_purchased":["ReplayTheSpireMod:Scrap Shanks","Footwork","ReplayTheSpireMod:Scrap Shanks","Anchor"],"campfire_rested":3,"item_purchase_floors":[4,24,41,46],"current_hp_per_floor":[70,70,70,70,70,70,23,44,44,67,56,56,55,55,70,54,70,70,70,70,70,70,70,70,70,70,70,70,70,66,73,73,44,77,70,70,64,64,64,64,64,58,58,58,58,58,58,58,74,29],"gold":28,"neow_bonus":"THREE_ENEMY_KILL","is_daily":false,"chose_seed":false,"campfire_upgraded":4,"win_rate":0.0,"timestamp":1609801407,"path_taken":["M","?","M","$","M","R","E","R","T","?","?","$","M","?","R","BOSS","M","M","?","?","M","R","$","R","T","?","$","?","?","?","R","BOSS","M","M","?","?","$","R","$","M","T","R","?","?","R","M","R","BOSS"],"items_purchased_type":["Card","Card","Card","Relic"],"build_version":"2020-12-22","purchased_purges":4,"victory":true,"max_hp_per_floor":[70,70,70,70,70,70,70,70,70,70,70,70,70,70,70,70,70,70,70,70,70,70,70,70,70,70,70,70,70,70,77,77,77,77,77,77,77,77,77,77,77,77,77,77,77,77,74,74,74,74],"card_choices":[{"not_picked":["Underhanded Strike","Outmaneuver"],"picked":"ReplayTheSpireMod:Speed Training","floor":1},{"not_picked":["Dash","PiercingWail","Riddle With Holes"],"picked":"SKIP","floor":3},{"not_picked":["Finisher","Acrobatics","Backflip"],"picked":"SKIP","floor":5},{"not_picked":["Catalyst","Poisoned Stab","Quick Slash"],"picked":"SKIP","floor":7},{"not_picked":["Quick Slash","Slice"],"picked":"Blade Dance","floor":13},{"not_picked":["ReplayTheSpireMod:Scrap Shanks","Outmaneuver"],"picked":"Cloak And Dagger","floor":14},{"not_picked":["Doppelganger","Venomology"],"picked":"After Image","floor":16},{"not_picked":["Hidden Blade+1","Sucker Punch"],"picked":"Prepared","floor":18},{"not_picked":["Dash+1","PiercingWail","Flying Knee+1"],"picked":"SKIP","floor":19},{"not_picked":["Acrobatics","Underhanded Strike","Hidden Blade"],"picked":"SKIP","floor":21},{"not_picked":["Skewer","Blade Dance+1","Flying Knee"],"picked":"SKIP","floor":22},{"not_picked":["Leg Sweep","PiercingWail","Eviscerate"],"picked":"SKIP","floor":30},{"not_picked":["Night Terror","Wraith Form v2"],"picked":"Replay:Bag of Tricks","floor":33},{"not_picked":["Dodge and Roll","Underhanded Strike+1"],"picked":"Acrobatics","floor":35},{"not_picked":["Dagger Throw+1","Deadly Poison+1","Poisoned Stab"],"picked":"SKIP","floor":36},{"not_picked":["Underhanded Strike","Blade Dance+1"],"picked":"ReplayTheSpireMod:Shiv Toss","floor":37},{"not_picked":["ReplayTheSpireMod:Scrap Shanks","PiercingWail"],"picked":"Accuracy+1","floor":42},{"not_picked":["Terror","Dagger Throw","Catalyst+1"],"picked":"SKIP","floor":48},{"not_picked":["Accuracy+1","Cloak And Dagger","Finisher+1"],"picked":"SKIP","floor":48}],"player_experience":392949,"relics_obtained":[{"floor":7,"key":"ReplayTheSpireMod:Shallot"},{"floor":9,"key":"Sundial"},{"floor":14,"key":"Replay:PocketPolymizer"},{"floor":26,"key":"Mercury Hourglass"},{"floor":31,"key":"Strawberry"},{"floor":32,"key":"Peace Pipe"},{"floor":43,"key":"War Paint"},{"floor":45,"key":"Prayer Wheel"}],"event_choices":[{"damage_healed":23,"gold_gain":0,"player_choice":"Banana","damage_taken":0,"max_hp_gain":0,"max_hp_loss":0,"event_name":"Big Fish","floor":10,"gold_loss":0},{"damage_healed":0,"gold_gain":75,"player_choice":"Gather Gold","damage_taken":11,"max_hp_gain":0,"max_hp_loss":0,"event_name":"World of Goop","floor":11,"gold_loss":0},{"damage_healed":0,"gold_gain":0,"player_choice":"2 cards matched","damage_taken":0,"max_hp_gain":0,"max_hp_loss":0,"event_name":"Match and Keep!","floor":20,"gold_loss":0,"cards_obtained":["Tactician","Blade Dance"]},{"damage_healed":0,"gold_gain":99,"player_choice":"Stole From Cult","damage_taken":0,"max_hp_gain":0,"max_hp_loss":0,"event_name":"Nest","floor":27,"gold_loss":0},{"damage_healed":0,"gold_gain":0,"player_choice":"Got Potions","damage_taken":0,"max_hp_gain":0,"max_hp_loss":0,"event_name":"Lab","floor":29,"gold_loss":0},{"damage_healed":0,"gold_gain":0,"player_choice":"Ignored","damage_taken":0,"max_hp_gain":0,"max_hp_loss":0,"event_name":"Mysterious Sphere","floor":38,"gold_loss":0},{"damage_healed":0,"gold_gain":0,"player_choice":"Fight","damage_taken":0,"max_hp_gain":0,"max_hp_loss":0,"event_name":"MindBloom","floor":45,"gold_loss":0}],"is_beta":false,"boss_relics":[{"not_picked":["Fusion Hammer","Ectoplasm"],"picked":"Cursed Key"},{"not_picked":["Runic Pyramid","ChewingGum"],"picked":"Ring of the Serpent"}],"items_purged_floors":[4,12,24,39],"is_endless":false,"potions_floor_spawned":[1,13,16,18,21,33,36],"ascension_level":0}}