{"host":"rmsq46plbpwfbxcc","time":1609776117,"event":{"mods":["AchievementEnabler","BaseMod","Colored Map","Colored Powertips","DeckTracker","KOR Keyword Fix","Minty Spire (QoL Compilation)","Permanent Neow","Quick Restart","SuperFastMode"],"gold_per_floor":[114,114,128,144,161,161,187,187,187,187,241,268,268,292,292,389,389,399,25,25,25,25,25,59,76,102,102,117,117,145,163,163,265,265,277,277,64,64,77,112,112,112,112,112,112,145,32,51,51,51,51,51,13,44,44,44],"floor_reached":55,"playtime":1772,"items_purged":["Defend_G","Strike_G"],"score":1116,"play_id":"0fd26646-4b21-4d58-9d37-77481ba5d616","local_time":"20210105010157","is_ascension_mode":true,"campfire_choices":[{"data":"Blade Dance","floor":6.0,"key":"SMITH"},{"data":"Neutralize","floor":8.0,"key":"SMITH"},{"data":"Phantasmal Killer","floor":13.0,"key":"SMITH"},{"data":"Survivor","floor":15.0,"key":"SMITH"},{"data":"After Image","floor":23.0,"key":"SMITH"},{"data":"Envenom","floor":27.0,"key":"SMITH"},{"data":"Footwork","floor":32.0,"key":"SMITH"},{"data":"Cloak And Dagger","floor":41.0,"key":"SMITH"},{"data":"Escape Plan","floor":45.0,"key":"SMITH"},{"floor":49.0,"key":"RECALL"},{"data":"Accuracy","floor":52,"key":"SMITH"}],"circlet_count":0,"master_deck":["AscendersBane","Strike_G","Strike_G","Strike_G","Defend_G","Defend_G","Defend_G","Survivor+1","Blade Dance+1","Escape Plan+1","Phantasmal Killer+1","After Image+1","Blur+1","Envenom+1","Footwork+1","Cloak And Dagger+1","Backflip+1","Cloak And Dagger","Choke","Accuracy+1","A Thousand Cuts"],"relics":["Coffee Dripper","The Specimen","Blue Candle","Shuriken","Odd Mushroom","Anchor","PreservedInsect","The Courier","Bronze Scales","Pen Nib","WristBlade","MealTicket","Bird Faced Urn","Ornamental Fan","Nunchaku","Bag of Marbles"],"acts_visited":["Exordium","TheCity","TheBeyond","TheEnding"],"potions_floor_usage":[50,55],"damage_taken":[{"damage":2.0,"enemies":"Jaw Worm","floor":1.0,"turns":6.0},{"damage":0.0,"enemies":"2 Louse","floor":3.0,"turns":2.0},{"damage":0.0,"enemies":"Small Slimes","floor":4.0,"turns":3.0},{"damage":0.0,"enemies":"2 Fungi Beasts","floor":5.0,"turns":5.0},{"damage":24.0,"enemies":"3 Sentries","floor":7.0,"turns":11.0},{"damage":21.0,"enemies":"Gremlin Nob","floor":12.0,"turns":5.0},{"damage":2.0,"enemies":"The Mushroom Lair","floor":14.0,"turns":5.0},{"damage":5.0,"enemies":"The Guardian","floor":16.0,"turns":8.0},{"damage":3.0,"enemies":"Spheric Guardian","floor":18.0,"turns":4.0},{"damage":9.0,"enemies":"2 Thieves","floor":22.0,"turns":4.0},{"damage":16.0,"enemies":"Book of Stabbing","floor":24.0,"turns":6.0},{"damage":11.0,"enemies":"Sentry and Sphere","floor":25.0,"turns":6.0},{"damage":0.0,"enemies":"Cultist and Chosen","floor":28.0,"turns":7.0},{"damage":21.0,"enemies":"Gremlin Leader","floor":30.0,"turns":5.0},{"damage":0.0,"enemies":"3 Cultists","floor":31.0,"turns":5.0},{"damage":6.0,"enemies":"Champ","floor":33.0,"turns":12.0},{"damage":1.0,"enemies":"3 Shapes","floor":35.0,"turns":11.0},{"damage":6.0,"enemies":"Orb Walker","floor":39.0,"turns":3.0},{"damage":0.0,"enemies":"Giant Head","floor":40.0,"turns":7.0},{"damage":6.0,"enemies":"Reptomancer","floor":46.0,"turns":6.0},{"damage":20.0,"enemies":"Jaw Worm Horde","floor":48.0,"turns":4.0},{"damage":32,"enemies":"Time Eater","floor":50,"turns":10},{"damage":10,"enemies":"Shield and Spear","floor":54,"turns":5},{"damage":73,"enemies":"The Heart","floor":55,"turns":5}],"seed_played":"8567693401191775756","potions_obtained":[{"floor":4.0,"key":"Weak Potion"},{"floor":7.0,"key":"GhostInAJar"},{"floor":12.0,"key":"BlessingOfTheForge"},{"floor":14.0,"key":"AttackPotion"},{"floor":24.0,"key":"Poison Potion"},{"floor":25.0,"key":"SteroidPotion"},{"floor":33.0,"key":"Strength Potion"},{"floor":39.0,"key":"CunningPotion"},{"floor":40.0,"key":"CunningPotion"}],"is_trial":false,"path_per_floor":["M","?","M","M","M","R","E","R","T","?","T","E","R","?","R","B",null,"M","$","?","?","M","R","E","M","T","R","M","?","E","M","R","B",null,"M","?","$","?","M","E","R","?","T","?","R","E","$","M","R","B",null,"R","$","E","B"],"character_chosen":"THE_SILENT","items_purchased":["Anchor","PreservedInsect","Cloak And Dagger","MealTicket","Choke","Accuracy","FearPotion"],"campfire_rested":0,"item_purchase_floors":[19,19,37,37,47,47,53],"current_hp_per_floor":[61,61,61,61,61,61,37,37,37,42,42,21,21,19,19,14,60,57,57,57,57,48,48,32,21,21,21,21,46,25,25,25,19,61,60,60,60,60,54,54,54,54,54,54,54,54,69,55,55,31,61,61,71,63,0,0],"gold":44,"neow_bonus":"BOSS_RELIC","is_daily":false,"chose_seed":false,"campfire_upgraded":10,"win_rate":0.0,"timestamp":1609776117,"path_taken":["M","?","M","M","M","R","E","R","T","?","?","E","R","?","R","BOSS","M","$","?","?","M","R","E","M","T","R","M","?","E","M","R","BOSS","M","?","$","?","M","E","R","?","T","?","R","E","$","?","R","BOSS","R","$","E","BOSS"],"items_purchased_type":["Relic","Relic","Card","Relic","Card","Card","Potion"],"build_version":"2020-12-22","purchased_purges":2,"victory":false,"max_hp_per_floor":[70,70,70,70,70,70,70,70,70,75,75,75,75,75,75,75,75,75,75,75,75,75,75,75,75,75,75,75,75,75,75,75,75,75,75,75,75,75,75,75,75,71,71,71,71,71,71,71,71,71,71,71,71,71,71,71],"card_choices":[{"not_picked":["Quick Slash","Deadly Poison"],"picked":"Blade Dance","floor":1.0},{"not_picked":["Sucker Punch","Outmaneuver","Noxious Fumes"],"picked":"SKIP","floor":3.0},{"not_picked":["Acrobatics","Eviscerate"],"picked":"Escape Plan","floor":4.0},{"not_picked":["Underhanded Strike","Backstab"],"picked":"Phantasmal Killer","floor":5.0},{"not_picked":["Slice","Grand Finale","Deadly Poison"],"picked":"SKIP","floor":7.0},{"not_picked":["Venomology","Setup","Prepared"],"picked":"SKIP","floor":12.0},{"not_picked":["Venomology","Storm of Steel"],"picked":"After Image","floor":16.0},{"not_picked":["Quick Slash","Flechettes","Sucker Punch+1"],"picked":"SKIP","floor":18.0},{"not_picked":["Sucker Punch","Dodge and Roll"],"picked":"Blur+1","floor":22.0},{"not_picked":["Underhanded Strike","Flying Knee"],"picked":"Envenom","floor":24.0},{"not_picked":["Quick Slash+1","Catalyst","Bouncing Flask"],"picked":"SKIP","floor":25.0},{"not_picked":["Sucker Punch","Deadly Poison+1","Slice"],"picked":"SKIP","floor":28.0},{"not_picked":["Dagger Throw","Underhanded Strike+1","Heel Hook"],"picked":"SKIP","floor":30.0},{"not_picked":["Acrobatics","Reflex"],"picked":"Footwork","floor":31.0},{"not_picked":["Prepared+1","Well Laid Plans","Footwork"],"picked":"SKIP","floor":35.0},{"not_picked":["Eviscerate","Acrobatics+1"],"picked":"Backflip+1","floor":39.0},{"not_picked":["Outmaneuver","Underhanded Strike","Sucker Punch"],"picked":"SKIP","floor":40.0},{"not_picked":["Skewer+1","Prepared+1"],"picked":"Cloak And Dagger","floor":46.0},{"not_picked":["Bouncing Flask+1","Dagger Spray","Deadly Poison+1"],"picked":"SKIP","floor":48.0},{"not_picked":["Poisoned Stab+1","Caltrops"],"picked":"A Thousand Cuts","floor":54}],"player_experience":656398,"relics_obtained":[{"floor":7.0,"key":"The Specimen"},{"floor":9.0,"key":"Blue Candle"},{"floor":12.0,"key":"Shuriken"},{"floor":14.0,"key":"Odd Mushroom"},{"floor":24.0,"key":"The Courier"},{"floor":26.0,"key":"Bronze Scales"},{"floor":30.0,"key":"Pen Nib"},{"floor":40.0,"key":"Bird Faced Urn"},{"floor":43.0,"key":"Ornamental Fan"},{"floor":46.0,"key":"Nunchaku"},{"floor":54,"key":"Bag of Marbles"}],"event_choices":[{"cards_removed":["Strike_G"],"damage_healed":0.0,"max_hp_gain":0.0,"max_hp_loss":0.0,"gold_gain":0.0,"event_name":"Living Wall","player_choice":"Forget","floor":2.0,"gold_loss":0.0,"damage_taken":0.0},{"damage_healed":0.0,"max_hp_gain":5.0,"max_hp_loss":0.0,"gold_gain":0.0,"event_name":"Big Fish","player_choice":"Donut","floor":10.0,"gold_loss":0.0,"damage_taken":0.0},{"damage_healed":0.0,"max_hp_gain":0.0,"max_hp_loss":0.0,"gold_gain":0.0,"event_name":"Mushrooms","player_choice":"Fought Mushrooms","floor":14.0,"gold_loss":0.0,"damage_taken":0.0},{"damage_healed":0.0,"max_hp_gain":0.0,"max_hp_loss":0.0,"gold_gain":0.0,"event_name":"Vampires","player_choice":"Ignored","floor":20.0,"gold_loss":0.0,"damage_taken":0.0},{"damage_healed":0.0,"max_hp_gain":0.0,"max_hp_loss":0.0,"gold_gain":0.0,"event_name":"Cursed Tome","player_choice":"Ignored","floor":21.0,"gold_loss":0.0,"damage_taken":0.0},{"damage_healed":25.0,"max_hp_gain":0.0,"max_hp_loss":0.0,"gold_gain":0.0,"event_name":"The Library","player_choice":"Heal","floor":29.0,"gold_loss":0.0,"damage_taken":0.0},{"damage_healed":0.0,"max_hp_gain":0.0,"max_hp_loss":0.0,"gold_gain":0.0,"event_name":"Mysterious Sphere","player_choice":"Ignored","floor":36.0,"gold_loss":0.0,"damage_taken":0.0},{"cards_removed":["Neutralize"],"damage_healed":0.0,"max_hp_gain":0.0,"max_hp_loss":0.0,"gold_gain":0.0,"event_name":"Falling","player_choice":"Removed Attack","floor":38.0,"gold_loss":0.0,"damage_taken":0.0},{"damage_healed":0.0,"max_hp_gain":0.0,"max_hp_loss":4.0,"gold_gain":0.0,"event_name":"Winding Halls","player_choice":"Max HP","floor":42.0,"gold_loss":0.0,"damage_taken":0.0},{"cards_removed":["Defend_G"],"damage_healed":0.0,"max_hp_gain":0.0,"max_hp_loss":0.0,"gold_gain":0.0,"event_name":"Wheel of Change","player_choice":"Card Removal","floor":44.0,"gold_loss":0.0,"damage_taken":0.0}],"is_beta":false,"boss_relics":[{"not_picked":["Velvet Choker","Busted Crown","Sozu"]},{"not_picked":["Runic Pyramid","HoveringKite"],"picked":"WristBlade"}],"items_purged_floors":[19,37],"is_endless":false,"potions_floor_spawned":[4,7,12,14,24,25,33,39,40],"killed_by":"The Heart","ascension_level":10}}