{"host":"2qv44oxt58ptq59r","time":1609779124,"event":{"mods":["AchievementEnabler","BaseMod","Colored Powertips","Highlight Path","Minty Spire (QoL Compilation)","Permanent Neow","StSLib"],"gold_per_floor":[113,26,46,46,60,89,89,106,155,174,190,204,220,220,220,316,316,331,351,276,375,69,69,69,79,79,79,4,4,14,14,14,119,119,129,140,140,156,156,156,174,188,215,215,265,282,282,35,35,35],"floor_reached":51,"playtime":12523,"items_purged":["Writhe"],"score":603,"play_id":"5867c285-46a0-4842-af6f-c816349d78bd","local_time":"20210104165204","is_ascension_mode":false,"campfire_choices":[{"floor":7.0,"key":"REST"},{"floor":15.0,"key":"RECALL"},{"data":"Demon Form","floor":23.0,"key":"SMITH"},{"data":"Body Slam","floor":29.0,"key":"SMITH"},{"data":"Blood for Blood","floor":32.0,"key":"SMITH"},{"floor":40.0,"key":"REST"},{"floor":47,"key":"REST"},{"floor":49,"key":"REST"}],"circlet_count":0,"master_deck":["Strike_R","Defend_R","Defend_R","Defend_R","Defend_R","Bash","Clothesline","Bandage Up","Armaments+1","Sentinel","Feel No Pain","Cleave","Disarm","Whirlwind","Demon Form+1","Body Slam+1","Clothesline+1","Blood for Blood+1","Limit Break","Metallicize+1","Madness","Madness","Sword Boomerang+1","Shrug It Off+1"],"relics":["Black Blood","Bronze Scales","Self Forming Clay","Toy Ornithopter","Empty Cage","MealTicket","HandDrill","White Beast Statue","Nunchaku","Oddly Smooth Stone","Pocketwatch","Ornamental Fan"],"acts_visited":["Exordium","TheCity","TheBeyond"],"potions_floor_usage":[41,41,42,45,46,50,50],"damage_taken":[{"damage":8.0,"enemies":"Jaw Worm","floor":1.0,"turns":3.0},{"damage":2.0,"enemies":"Cultist","floor":3.0,"turns":4.0},{"damage":5.0,"enemies":"Small Slimes","floor":5.0,"turns":4.0},{"damage":50.0,"enemies":"3 Sentries","floor":6.0,"turns":16.0},{"damage":3.0,"enemies":"Exordium Wildlife","floor":8.0,"turns":6.0},{"damage":5.0,"enemies":"3 Louse","floor":10.0,"turns":3.0},{"damage":3.0,"enemies":"Blue Slaver","floor":11.0,"turns":4.0},{"damage":2.0,"enemies":"2 Fungi Beasts","floor":12.0,"turns":3.0},{"damage":8.0,"enemies":"3 Louse","floor":13.0,"turns":2.0},{"damage":20.0,"enemies":"Hexaghost","floor":16.0,"turns":10.0},{"damage":27.0,"enemies":"Spheric Guardian","floor":18.0,"turns":9.0},{"damage":8.0,"enemies":"3 Byrds","floor":19.0,"turns":4.0},{"damage":19.0,"enemies":"Centurion and Healer","floor":25.0,"turns":7.0},{"damage":31.0,"enemies":"Shelled Parasite and Fungi","floor":30.0,"turns":5.0},{"damage":56.0,"enemies":"Champ","floor":33.0,"turns":9.0},{"damage":57.0,"enemies":"3 Darklings","floor":35.0,"turns":8.0},{"damage":21.0,"enemies":"Orb Walker","floor":36.0,"turns":6.0},{"damage":0.0,"enemies":"Maw","floor":37.0,"turns":1.0},{"damage":53.0,"enemies":"Jaw Worm Horde","floor":38.0,"turns":6.0},{"damage":23,"enemies":"4 Shapes","floor":41,"turns":4},{"damage":42,"enemies":"3 Darklings","floor":42,"turns":6},{"damage":8,"enemies":"Mind Bloom Boss Battle","floor":45,"turns":8},{"damage":44,"enemies":"Jaw Worm Horde","floor":46,"turns":5},{"damage":77,"enemies":"Awakened One","floor":50,"turns":12}],"seed_played":"1707601359802179816","potions_obtained":[{"floor":6.0,"key":"LiquidMemories"},{"floor":8.0,"key":"Fire Potion"},{"floor":13.0,"key":"ElixirPotion"},{"floor":19.0,"key":"Ancient Potion"},{"floor":30.0,"key":"SmokeBomb"},{"floor":33.0,"key":"EssenceOfSteel"},{"floor":35.0,"key":"SpeedPotion"},{"floor":36.0,"key":"SteroidPotion"},{"floor":38.0,"key":"Dexterity Potion"},{"floor":41,"key":"Explosive Potion"},{"floor":42,"key":"CultistPotion"},{"floor":45,"key":"DuplicationPotion"},{"floor":46,"key":"CultistPotion"}],"is_trial":false,"path_per_floor":["M","$","M","?","M","E","R","M","T","M","M","M","M","?","R","B",null,"M","M","?","?","$","R","$","M","T","?","$","R","M","$","R","B",null,"M","M","M","M","?","R","M","M","T","?","?","M","R","$","R","B",null],"character_chosen":"IRONCLAD","items_purchased":["Bandage Up","MealTicket","HandDrill","Ornamental Fan"],"campfire_rested":4,"item_purchase_floors":[2,22,22,48],"current_hp_per_floor":[78,78,80,80,80,40,64,71,71,76,80,80,78,78,78,73,80,64,62,62,62,62,62,77,71,71,71,80,80,61,76,76,35,80,44,44,61,26,16,40,45,24,24,24,37,14,38,53,77,19],"gold":35,"neow_bonus":"RANDOM_COMMON_RELIC","is_daily":false,"chose_seed":false,"campfire_upgraded":3,"win_rate":0.0,"timestamp":1609779124,"path_taken":["M","$","M","?","?","E","R","M","T","M","M","M","M","?","R","BOSS","M","M","?","?","$","R","?","M","T","?","$","R","M","$","R","BOSS","M","M","M","M","?","R","M","M","T","?","?","M","R","$","R","BOSS"],"items_purchased_type":["Card","Relic","Relic","Relic"],"build_version":"2020-12-22","purchased_purges":1,"victory":true,"max_hp_per_floor":[80,80,80,80,80,80,80,80,80,80,80,80,80,80,80,80,80,80,80,80,80,80,80,80,80,80,80,80,80,80,80,80,80,80,80,80,80,80,80,80,80,80,80,80,80,80,80,80,80,80],"card_choices":[{"not_picked":["Cleave","Searing Blow"],"picked":"Clothesline","floor":1.0},{"not_picked":["True Grit","Havoc"],"picked":"Armaments","floor":3.0},{"not_picked":["Clash","Armaments","Warcry"],"picked":"SKIP","floor":5.0},{"not_picked":["Bloodletting","Iron Wave"],"picked":"Feel No Pain","floor":6.0},{"not_picked":["Thunderclap","Anger"],"picked":"Cleave","floor":8.0},{"not_picked":["Warcry","Flex"],"picked":"Disarm","floor":10.0},{"not_picked":["True Grit","Twin Strike"],"picked":"Whirlwind","floor":11.0},{"not_picked":["Cleave","Clothesline"],"picked":"Perfected Strike","floor":12.0},{"not_picked":["Pommel Strike","Barricade","Body Slam"],"picked":"SKIP","floor":13.0},{"not_picked":["Offering","Berserk"],"picked":"Demon Form","floor":16.0},{"not_picked":["Havoc","Cleave+1"],"picked":"Body Slam","floor":18.0},{"not_picked":["Thunderclap","Combust"],"picked":"Clothesline+1","floor":19.0},{"not_picked":["Perfected Strike","Second Wind+1","Cleave"],"picked":"SKIP","floor":25.0},{"not_picked":["Rupture","Hemokinesis"],"picked":"Blood for Blood","floor":30.0},{"not_picked":["Double Tap","Fiend Fire"],"picked":"Limit Break","floor":33.0},{"not_picked":["Headbutt","Wild Strike+1","Flex"],"picked":"SKIP","floor":35.0},{"not_picked":["Armaments+1","Pummel+1","True Grit+1"],"picked":"SKIP","floor":36.0},{"not_picked":["Cleave+1","Shockwave+1"],"picked":"Metallicize+1","floor":38.0},{"not_picked":["Power Through","Armaments"],"picked":"Sword Boomerang+1","floor":41},{"not_picked":["Headbutt","True Grit","Body Slam"],"picked":"SKIP","floor":42},{"not_picked":["Infernal Blade+1","Limit Break"],"picked":"Shrug It Off+1","floor":46}],"player_experience":5176425,"relics_obtained":[{"floor":6.0,"key":"Self Forming Clay"},{"floor":9.0,"key":"Toy Ornithopter"},{"floor":26.0,"key":"White Beast Statue"},{"floor":43,"key":"Oddly Smooth Stone"},{"floor":45,"key":"Pocketwatch"}],"event_choices":[{"damage_healed":0.0,"max_hp_gain":0.0,"max_hp_loss":0.0,"gold_gain":0.0,"cards_transformed":["Strike_R"],"event_name":"Transmorgrifier","player_choice":"Transformed","floor":4.0,"gold_loss":0.0,"damage_taken":0.0,"cards_obtained":["Sentinel"]},{"damage_healed":0.0,"max_hp_gain":0.0,"max_hp_loss":0.0,"gold_gain":0.0,"event_name":"Living Wall","player_choice":"Grow","floor":14.0,"gold_loss":0.0,"damage_taken":0.0,"cards_upgraded":["Armaments"]},{"cards_removed":["Strike_R"],"damage_healed":0.0,"max_hp_gain":0.0,"max_hp_loss":0.0,"gold_gain":0.0,"event_name":"Beggar","player_choice":"Gave Gold","floor":20.0,"gold_loss":75.0,"damage_taken":0.0},{"damage_healed":0.0,"max_hp_gain":0.0,"max_hp_loss":0.0,"gold_gain":99.0,"event_name":"Nest","player_choice":"Stole From Cult","floor":21.0,"gold_loss":0.0,"damage_taken":0.0},{"damage_healed":0.0,"max_hp_gain":0.0,"max_hp_loss":0.0,"gold_gain":0.0,"event_name":"The Mausoleum","player_choice":"Opened","floor":27.0,"gold_loss":0.0,"damage_taken":0.0,"relics_obtained":["Nunchaku"],"cards_obtained":["Writhe"]},{"damage_healed":0.0,"max_hp_gain":0.0,"max_hp_loss":0.0,"gold_gain":0.0,"event_name":"Winding Halls","player_choice":"Embrace Madness","floor":39.0,"gold_loss":0.0,"damage_taken":10.0,"cards_obtained":["Madness","Madness"]},{"cards_removed":["Strike_R"],"damage_healed":0,"gold_gain":0,"player_choice":"Removed Attack","damage_taken":0,"max_hp_gain":0,"max_hp_loss":0,"event_name":"Falling","floor":44,"gold_loss":0},{"damage_healed":0,"gold_gain":0,"player_choice":"Fight","damage_taken":0,"max_hp_gain":0,"max_hp_loss":0,"event_name":"MindBloom","floor":45,"gold_loss":0}],"is_beta":false,"boss_relics":[{"not_picked":["Philosopher\u0027s Stone","Ectoplasm"],"picked":"Empty Cage"},{"not_picked":["Cursed Key","Runic Cube"],"picked":"Black Blood"}],"items_purged_floors":[28],"is_endless":false,"potions_floor_spawned":[6,8,13,19,30,33,35,36,37,38,41,42,45,46],"ascension_level":0}}