{"host":"p4zydljznj4kf44d","time":1609745042,"event":{"mods":["BaseMod","Block Reminder","Colored Map","Colored Powertips","Filter the Spire","Minty Spire (QoL Compilation)","Relic Stats","Slay-I","ojb\u0027s Better Paths Mod","ojb\u0027s Info Mod"],"gold_per_floor":[112,187,198,198,213,244,244,271,318,418,432,432,444,444,444,444,444],"floor_reached":16,"playtime":830,"items_purged":[],"score":120,"play_id":"8c58792e-9243-4703-84ea-5714bc8474fb","local_time":"20210104082402","is_ascension_mode":false,"campfire_choices":[{"data":"Conserve Battery","floor":7.0,"key":"SMITH"},{"data":"Zap","floor":12,"key":"SMITH"},{"data":"Reprogram","floor":15,"key":"SMITH"}],"circlet_count":0,"master_deck":["Strike_B","Defend_B","Defend_B","Defend_B","Defend_B+1","Zap+1","Dualcast","Reprogram+1","Compile Driver+1","White Noise+1","Sweeping Beam+1","All For One","Conserve Battery+1","All For One","Gash","Reprogram+1"],"relics":["Astrolabe","Question Card","Nunchaku","Boot"],"acts_visited":["Exordium"],"potions_floor_usage":[11,14],"damage_taken":[{"damage":0.0,"enemies":"Cultist","floor":1.0,"turns":4.0},{"damage":0.0,"enemies":"2 Louse","floor":3.0,"turns":2.0},{"damage":3.0,"enemies":"Small Slimes","floor":5.0,"turns":3.0},{"damage":6.0,"enemies":"3 Sentries","floor":6.0,"turns":7.0},{"damage":27,"enemies":"Gremlin Nob","floor":8,"turns":5},{"damage":1,"enemies":"3 Louse","floor":11,"turns":2},{"damage":1,"enemies":"Red Slaver","floor":13,"turns":3},{"damage":0,"enemies":"3 Sentries","floor":14,"turns":2},{"damage":35,"enemies":"Slime Boss","floor":16,"turns":3}],"seed_played":"8628369489641159303","potions_obtained":[{"floor":5.0,"key":"Fire Potion"},{"floor":6.0,"key":"ColorlessPotion"},{"floor":11,"key":"SmokeBomb"},{"floor":13,"key":"Energy Potion"}],"is_trial":false,"path_per_floor":["M","?","M","?","M","E","R","E","T","?","M","R","M","E","R","B"],"character_chosen":"DEFECT","items_purchased":[],"campfire_rested":0,"item_purchase_floors":[],"current_hp_per_floor":[75,64,64,49,46,40,40,13,13,13,12,12,11,11,11,0,0],"gold":444,"neow_bonus":"BOSS_RELIC","is_daily":false,"chose_seed":false,"campfire_upgraded":3,"win_rate":0.0,"timestamp":1609745042,"path_taken":["M","?","M","?","M","E","R","E","T","?","?","R","M","E","R","BOSS"],"items_purchased_type":[],"build_version":"2020-12-22","purchased_purges":0,"victory":false,"max_hp_per_floor":[75,75,75,75,75,75,75,75,75,75,75,75,75,75,75,75,75],"relic_stats":{"Nunchaku":[1],"counters":[9,31],"Astrolabe":["Reprogram","Compile Driver","White Noise"],"Question Card":3,"Boot":[4],"obtain_stats":[{"Nunchaku":8,"Astrolabe":0,"Cracked Core":0,"Question Card":6,"Boot":9},{"Nunchaku":5,"Astrolabe":0,"Cracked Core":0,"Question Card":4,"Boot":5},{"Nunchaku":21,"Astrolabe":0,"Cracked Core":0,"Question Card":16,"Boot":21}]},"card_choices":[{"not_picked":["Fusion","Compile Driver"],"picked":"Sweeping Beam","floor":1.0},{"not_picked":["Steam","Compile Driver"],"picked":"All For One","floor":3.0},{"not_picked":["Glacier","Go for the Eyes","Compile Driver"],"picked":"SKIP","floor":5.0},{"not_picked":["Capacitor","Ball Lightning"],"picked":"Conserve Battery","floor":6.0},{"not_picked":["Steam","Melter","Ball Lightning"],"picked":"All For One","floor":8},{"not_picked":["Blizzard","BootSequence","Barrage"],"picked":"Gash","floor":11},{"not_picked":["Redo","Beam Cell","Streamline"],"picked":"Reprogram","floor":13}],"player_experience":60494,"relics_obtained":[{"floor":6.0,"key":"Question Card"},{"floor":8,"key":"Nunchaku"},{"floor":9,"key":"Boot"}],"event_choices":[{"damage_healed":0.0,"max_hp_gain":0.0,"max_hp_loss":0.0,"gold_gain":75.0,"event_name":"World of Goop","player_choice":"Gather Gold","floor":2.0,"gold_loss":0.0,"damage_taken":11.0},{"damage_healed":0.0,"max_hp_gain":0.0,"max_hp_loss":0.0,"gold_gain":0.0,"event_name":"Shining Light","player_choice":"Entered Light","floor":4.0,"gold_loss":0.0,"damage_taken":15.0,"cards_upgraded":["Sweeping Beam","Defend_B"]},{"damage_healed":0,"gold_gain":100,"player_choice":"Gold","damage_taken":0,"max_hp_gain":0,"max_hp_loss":0,"event_name":"Wheel of Change","floor":10,"gold_loss":0}],"is_beta":false,"boss_relics":[],"items_purged_floors":[],"is_endless":false,"potions_floor_spawned":[5,6,11,13],"killed_by":"Slime Boss","ascension_level":0}}