{"host":"hzhtv7n0nkrnil9f","time":1609768761,"event":{"mods":["AchievementEnabler","BaseMod","Colored Map","Minty Spire (QoL Compilation)","Permanent Neow","Quick Restart"],"gold_per_floor":[112,112,37,47,60,86,106,106,106],"floor_reached":8,"playtime":679,"items_purged":[],"score":64,"play_id":"baa673ca-9cdc-45b2-8021-7c5f8ef97178","local_time":"20210104145921","is_ascension_mode":true,"campfire_choices":[],"circlet_count":0,"master_deck":["Strike_B","Strike_B","Strike_B","Defend_B","Defend_B","Defend_B","Defend_B","Zap","Dualcast","Meteor Strike","Stack","Aggregate","Tempest","Heatsinks","Defragment"],"relics":["Cracked Core","Gremlin Horn"],"acts_visited":["Exordium"],"potions_floor_usage":[6,8],"damage_taken":[{"damage":3,"enemies":"2 Louse","floor":1,"turns":2},{"damage":2,"enemies":"Jaw Worm","floor":4,"turns":3},{"damage":0,"enemies":"Cultist","floor":5,"turns":3},{"damage":18,"enemies":"3 Sentries","floor":6,"turns":9},{"damage":4,"enemies":"Blue Slaver","floor":7,"turns":3},{"damage":29,"enemies":"Lagavulin","floor":8,"turns":5}],"seed_played":"2235593522976749462","potions_obtained":[{"floor":4,"key":"Block Potion"},{"floor":6,"key":"PotionOfCapacity"}],"is_trial":false,"path_per_floor":["M","?","$","M","M","E","M","E"],"character_chosen":"DEFECT","items_purchased":["Aggregate"],"campfire_rested":0,"item_purchase_floors":[3],"current_hp_per_floor":[51,51,51,49,49,31,27,0,0],"gold":106,"neow_bonus":"THREE_RARE_CARDS","is_daily":false,"chose_seed":false,"campfire_upgraded":0,"win_rate":0.0,"timestamp":1609768761,"path_taken":["M","?","$","M","M","E","M","E"],"items_purchased_type":["Card"],"build_version":"2020-12-22","purchased_purges":0,"victory":false,"max_hp_per_floor":[75,75,75,75,75,75,75,75,75],"card_choices":[{"not_picked":["Buffer","Rainbow"],"picked":"Meteor Strike","floor":0},{"not_picked":["Compile Driver","Beam Cell"],"picked":"Stack","floor":1},{"not_picked":["Gash","Stack"],"picked":"Tempest","floor":4},{"not_picked":["Cold Snap","Beam Cell"],"picked":"Heatsinks","floor":5},{"not_picked":["Tempest","Gash","Genetic Algorithm"],"picked":"SKIP","floor":6},{"not_picked":["Hyperbeam","Genetic Algorithm"],"picked":"Defragment","floor":7}],"player_experience":255772,"relics_obtained":[{"floor":6,"key":"Gremlin Horn"}],"event_choices":[{"cards_removed":["Strike_B"],"damage_healed":0,"gold_gain":0,"player_choice":"Forget","damage_taken":0,"max_hp_gain":0,"max_hp_loss":0,"event_name":"Living Wall","floor":2,"gold_loss":0}],"is_beta":false,"boss_relics":[],"items_purged_floors":[],"is_endless":false,"potions_floor_spawned":[4,6],"killed_by":"Lagavulin","ascension_level":2}}