{"host":"k4et7hlhlqy8fuoz","time":1609759227,"event":{"mods":["2.2 Compatiblity","AchievementEnabler","BaseMod","Colored Map","DeckTracker","Highlight Path","Minty Spire (QoL Compilation)","Random Character Button","Rare Cards Sparkle"],"gold_per_floor":[111,127,151,171,188,188,188,44,70,82,94,106,38,53,53,157,157,177,192,192,192,192,192,212,228,228,228,228],"floor_reached":27,"playtime":1168,"items_purged":[],"score":203,"play_id":"10e31dd6-49b8-4099-9186-36c48679184c","local_time":"20210104122027","is_ascension_mode":false,"campfire_choices":[{"data":"Zap","floor":6,"key":"SMITH"},{"data":"Recycle","floor":10,"key":"SMITH"},{"data":"FTL","floor":12,"key":"SMITH"},{"floor":15,"key":"REST"},{"floor":23,"key":"REST"}],"circlet_count":0,"master_deck":["Strike_B","Strike_B","Strike_B","Strike_B","Defend_B","Defend_B","Defend_B","Defend_B","Zap+1","Dualcast","FTL+1","Sweeping Beam","Recycle+1","Beam Cell","Doom and Gloom","Conserve Battery","Multi-Cast+1","Self Repair","Gash","Sweeping Beam+1","Genetic Algorithm"],"relics":["Cracked Core","Smiling Mask","Orichalcum","MawBank","SlaversCollar","Molten Egg 2"],"acts_visited":["Exordium","TheCity"],"potions_floor_usage":[],"damage_taken":[{"damage":1,"enemies":"Cultist","floor":1,"turns":4},{"damage":1,"enemies":"Jaw Worm","floor":2,"turns":3},{"damage":0,"enemies":"Small Slimes","floor":4,"turns":4},{"damage":12,"enemies":"Blue Slaver","floor":5,"turns":3},{"damage":5,"enemies":"Exordium Wildlife","floor":14,"turns":3},{"damage":47,"enemies":"The Guardian","floor":16,"turns":10},{"damage":19,"enemies":"Shell Parasite","floor":18,"turns":6},{"damage":30,"enemies":"3 Byrds","floor":19,"turns":4},{"damage":43,"enemies":"Sentry and Sphere","floor":24,"turns":7},{"damage":15,"enemies":"Snake Plant","floor":25,"turns":3},{"damage":34,"enemies":"Shelled Parasite and Fungi","floor":27,"turns":3}],"seed_played":"-6736399219267864350","potions_obtained":[{"floor":1,"key":"EssenceOfSteel"},{"floor":4,"key":"LiquidBronze"},{"floor":5,"key":"Energy Potion"}],"is_trial":false,"path_per_floor":["M","M","T","M","M","R","?","$","T","R","?","R","$","M","R","B",null,"M","M","?","?","?","R","M","M","T","M"],"character_chosen":"DEFECT","items_purchased":["Orichalcum","Doom and Gloom"],"campfire_rested":2,"item_purchase_floors":[8,13],"current_hp_per_floor":[81,80,80,80,68,68,73,73,73,73,73,73,73,68,87,40,87,68,45,45,45,45,71,35,27,27,0,0],"gold":228,"neow_bonus":"TEN_PERCENT_HP_BONUS","is_daily":false,"chose_seed":false,"campfire_upgraded":3,"win_rate":0.0,"timestamp":1609759227,"path_taken":["M","M","?","M","M","R","?","$","T","R","?","R","?","M","R","BOSS","M","M","?","?","?","R","M","M","T","?"],"items_purchased_type":["Relic","Card"],"build_version":"2020-12-22","purchased_purges":0,"victory":false,"max_hp_per_floor":[82,82,82,82,82,82,87,87,87,87,87,87,87,87,87,87,87,87,87,87,87,87,87,87,87,87,87,87],"card_choices":[{"not_picked":["Scrape","Static Discharge"],"picked":"FTL","floor":1},{"not_picked":["Tempest","Fusion"],"picked":"Sweeping Beam","floor":2},{"not_picked":["Skim","Barrage"],"picked":"Recycle","floor":4},{"not_picked":["Ball Lightning","Force Field"],"picked":"Beam Cell","floor":5},{"not_picked":["Rebound","Stack"],"picked":"Conserve Battery","floor":14},{"not_picked":["Echo Form","Thunder Strike"],"picked":"Multi-Cast","floor":16},{"not_picked":["Heatsinks","Sweeping Beam"],"picked":"Self Repair","floor":18},{"not_picked":["Hologram","Force Field"],"picked":"Gash","floor":19},{"not_picked":["Go for the Eyes","Tempest"],"picked":"Sweeping Beam+1","floor":24},{"not_picked":["Go for the Eyes","Consume"],"picked":"Genetic Algorithm","floor":25}],"player_experience":60339,"relics_obtained":[{"floor":3,"key":"Smiling Mask"},{"floor":9,"key":"MawBank"},{"floor":26,"key":"Molten Egg 2"}],"event_choices":[{"damage_healed":0,"gold_gain":0,"player_choice":"Donut","damage_taken":0,"max_hp_gain":5,"max_hp_loss":0,"event_name":"Big Fish","floor":7,"gold_loss":0},{"damage_healed":0,"gold_gain":0,"player_choice":"Ignored","damage_taken":0,"max_hp_gain":0,"max_hp_loss":0,"event_name":"Liars Game","floor":11,"gold_loss":0},{"damage_healed":0,"gold_gain":0,"player_choice":"Ignored","damage_taken":0,"max_hp_gain":0,"max_hp_loss":0,"event_name":"Ghosts","floor":20,"gold_loss":0},{"damage_healed":0,"gold_gain":0,"player_choice":"Ignored","damage_taken":0,"max_hp_gain":0,"max_hp_loss":0,"event_name":"Cursed Tome","floor":21,"gold_loss":0},{"damage_healed":0,"gold_gain":0,"player_choice":"Upgraded","damage_taken":0,"max_hp_gain":0,"max_hp_loss":0,"event_name":"Upgrade Shrine","floor":22,"gold_loss":0,"cards_upgraded":["Multi-Cast"]}],"is_beta":false,"boss_relics":[{"not_picked":["Calling Bell","Empty Cage"],"picked":"SlaversCollar"}],"items_purged_floors":[],"is_endless":false,"potions_floor_spawned":[1,4,5,18],"killed_by":"Shelled Parasite and Fungi","ascension_level":0}}