{"host":"kmigwsj5rrfnig2m","time":1609774925,"event":{"mods":["BaseMod","Minty Spire (QoL Compilation)","Replay The Spire","StSLib"],"gold_per_floor":[115,127,147,247,267,301,301,330,405,421,223,223,259,283,283,403,403,426,441,466,481,69,110,110,50,50,63,106,106,126,146,146,266,266,279,279,279,11,31,31,31,31,67,67,91,116,157,220,236,277,277,277,277],"floor_reached":52,"playtime":3293,"items_purged":["Strike_G"],"score":763,"play_id":"506f5477-0622-4b44-bd50-1897cf223189","local_time":"20210104104205","is_ascension_mode":true,"campfire_choices":[{"data":"Poison Darts","floor":7,"key":"SMITH"},{"data":"Crippling Poison","floor":15,"key":"SMITH"},{"data":"ReplayTheSpireMod:Necrosis","floor":24,"key":"SMITH"},{"floor":32,"key":"REST"},{"data":"Venomology","floor":40,"key":"SMITH"},{"floor":44,"key":"REST"},{"floor":51,"key":"REST"}],"circlet_count":0,"master_deck":["Strike_G+1","Strike_G+1","Strike_G+1","Defend_G+1","Defend_G+1","Defend_G+1","Defend_G+1","Defend_G+1","Survivor","Neutralize","Poison Darts+1","Bane","Backflip","Acrobatics","Crippling Poison+1","Flying Knee","Venomology+1","Outmaneuver","Poisoned Stab","Bouncing Flask","Swift Strike","Slice","After Image+1","PiercingWail","ReplayTheSpireMod:Necrosis+1","Calculated Gamble","Blade Dance","Footwork+1","Venomology","Dodge and Roll","Well Laid Plans+1","Corpse Explosion+1","Draining Mist+1","Crippling Poison+1","Doppelganger+1","Panacea+1","Discovery+1","Apotheosis+1","Catalyst+1","ReplayTheSpireMod:Private Reserves+1","Deadly Poison+1","Deadly Poison+1","Deadly Poison+1"],"relics":["Ring of the Snake","Torii","Thread and Needle","Frozen Egg 2","BargainBundle","Golden Idol","Ancient Tea Set","SacredBark","Oddly Smooth Stone","Toxic Egg 2","The Courier","ChewingGum","Gambling Chip","Omamori","Ornamental Fan","Basket Of Snakes","Replay:Arrowhead"],"acts_visited":["Exordium","TheCity","TheBeyond"],"potions_floor_usage":[10,13,16,18,19,20,20,21,23,23,27,27,28,28,28,28,30,31,33,33,33,33,33,43,43,46,46,47,48,48,50,52,52],"damage_taken":[{"damage":0,"enemies":"Small Slimes","floor":1,"turns":2},{"damage":0,"enemies":"Cultist","floor":2,"turns":3},{"damage":0,"enemies":"2 Louse","floor":3,"turns":2},{"damage":0,"enemies":"Blue Slaver","floor":5,"turns":5},{"damage":24,"enemies":"Gremlin Nob","floor":6,"turns":5},{"damage":9,"enemies":"Lagavulin","floor":8,"turns":6},{"damage":1,"enemies":"2 Fungi Beasts","floor":10,"turns":2},{"damage":16,"enemies":"3 Sentries","floor":13,"turns":7},{"damage":0,"enemies":"Looter","floor":14,"turns":3},{"damage":0,"enemies":"The Guardian","floor":16,"turns":8},{"damage":6,"enemies":"Shell Parasite","floor":18,"turns":4},{"damage":0,"enemies":"Chosen","floor":19,"turns":5},{"damage":2,"enemies":"Snake Plant","floor":20,"turns":5},{"damage":2,"enemies":"3 Cultists","floor":21,"turns":6},{"damage":28,"enemies":"Slavers","floor":23,"turns":8},{"damage":1,"enemies":"Snecko","floor":27,"turns":4},{"damage":31,"enemies":"Book of Stabbing","floor":28,"turns":9},{"damage":0,"enemies":"Shelled Parasite and Fungi","floor":30,"turns":4},{"damage":6,"enemies":"Cultist and Chosen","floor":31,"turns":5},{"damage":19,"enemies":"Champ","floor":33,"turns":9},{"damage":0,"enemies":"Orb Walker","floor":35,"turns":4},{"damage":0,"enemies":"3 Darklings","floor":39,"turns":4},{"damage":25,"enemies":"Nemesis","floor":43,"turns":9},{"damage":1,"enemies":"Writhing Mass","floor":46,"turns":4},{"damage":17,"enemies":"Giant Head","floor":47,"turns":7},{"damage":0,"enemies":"Mind Bloom Boss Battle","floor":48,"turns":7},{"damage":7,"enemies":"Jaw Worm Horde","floor":49,"turns":4},{"damage":20,"enemies":"Reptomancer","floor":50,"turns":4},{"damage":25,"enemies":"Awakened One","floor":52,"turns":2}],"seed_played":"-4593587594322393739","potions_obtained":[{"floor":1,"key":"Fire Potion"},{"floor":8,"key":"Toxic Potion"},{"floor":10,"key":"Adrenaline Potion"},{"floor":19,"key":"AttackPotion"},{"floor":20,"key":"SkillPotion"},{"floor":23,"key":"ColorlessPotion"},{"floor":30,"key":"FearPotion"},{"floor":31,"key":"DistilledChaos"},{"floor":47,"key":"SpeedPotion"},{"floor":48,"key":"Energy Potion"},{"floor":50,"key":"Dexterity Potion"}],"is_trial":false,"path_per_floor":["M","M","M","?","M","E","R","E","T","M","$","?","E","M","R","B",null,"M","M","M","M","$","E","R","?","T","M","E","?","M","M","R","B",null,"M","?","?","$","M","R","PTL","PTL","E","R","T","M","E","?","M","E","R","B"],"character_chosen":"THE_SILENT","items_purchased":["BargainBundle","Poisoned Stab","Bouncing Flask","Swift Strike","Slice","LiquidMemories","Dexterity Potion","Footwork+1","Venomology","Dodge and Roll","Oddly Smooth Stone","Apotheosis+1","Catalyst+1","ReplayTheSpireMod:Private Reserves+1"],"campfire_rested":3,"item_purchase_floors":[11,11,11,11,11,11,11,22,22,22,22,38,38,38],"current_hp_per_floor":[70,70,70,70,70,46,46,37,37,36,36,36,20,20,20,20,65,59,59,57,55,55,27,27,27,27,26,14,14,14,8,27,8,65,65,55,55,55,55,55,55,55,30,49,49,48,31,31,24,4,23,0,0],"gold":277,"neow_bonus":"ONE_RANDOM_RARE_CARD","is_daily":false,"chose_seed":false,"campfire_upgraded":4,"win_rate":0.0,"timestamp":1609774925,"path_taken":["M","M","M","?","M","E","R","E","T","M","?","?","E","M","R","BOSS","M","M","M","M","$","E","R","?","T","M","E","?","M","M","R","BOSS","M","?","?","$","M","R","PTL","PTL","E","R","T","?","E","?","M","E","R","BOSS"],"items_purchased_type":["Relic","Card","Card","Card","Card","Potion","Potion","Card","Card","Card","Relic","Card","Card","Card"],"build_version":"2020-12-22","purchased_purges":1,"victory":false,"max_hp_per_floor":[70,70,70,70,70,70,70,70,70,70,70,65,65,65,65,65,65,65,65,65,65,65,65,65,65,65,65,65,65,65,65,65,65,65,65,65,65,65,65,65,65,65,65,65,65,65,65,65,65,65,65,65,65],"card_choices":[{"not_picked":["Sucker Punch","Dodge and Roll"],"picked":"Bane","floor":1},{"not_picked":["Slice","Acrobatics"],"picked":"Backflip","floor":2},{"not_picked":["Prepared","Flying Knee"],"picked":"Acrobatics","floor":3},{"not_picked":["Grand Finale","Dagger Spray"],"picked":"Crippling Poison","floor":5},{"not_picked":["Dagger Spray","Choke"],"picked":"Flying Knee","floor":6},{"not_picked":["Riddle With Holes","Bouncing Flask"],"picked":"Venomology","floor":8},{"not_picked":["Replay:Poison Smokescreen","Blade Dance"],"picked":"Outmaneuver","floor":10},{"not_picked":["Backflip","Reflex"],"picked":"After Image+1","floor":13},{"not_picked":["Flying Knee","Concentrate"],"picked":"PiercingWail","floor":14},{"not_picked":["Malaise","Unload"],"picked":"ReplayTheSpireMod:Necrosis","floor":16},{"not_picked":["Expertise","Quick Slash","Heel Hook+1"],"picked":"SKIP","floor":18},{"not_picked":["Slice","Endless Agony","Predator"],"picked":"SKIP","floor":19},{"not_picked":["Acrobatics","Quick Slash"],"picked":"Calculated Gamble","floor":20},{"not_picked":["Quick Slash","Riddle With Holes+1"],"picked":"Blade Dance","floor":21},{"not_picked":["Cloak And Dagger+1","ReplayTheSpireMod:Speed Training+1"],"picked":"Well Laid Plans+1","floor":23},{"not_picked":["Acrobatics+1","Deflect+1"],"picked":"Corpse Explosion+1","floor":27},{"not_picked":["Dagger Throw","Finisher"],"picked":"Draining Mist+1","floor":28},{"not_picked":["Slice","Sucker Punch","Quick Slash"],"picked":"SKIP","floor":30},{"not_picked":["ReplayTheSpireMod:Scrap Shanks+1","Slice+1"],"picked":"Crippling Poison+1","floor":31},{"not_picked":["A Thousand Cuts+1","Unload"],"picked":"Doppelganger+1","floor":33},{"not_picked":["Poisoned Stab","Reflex+1","Calculated Gamble+1"],"picked":"SKIP","floor":35},{"not_picked":["Blind+1","Swift Strike"],"picked":"Panacea+1","floor":36},{"not_picked":["The Bomb+1","Specialist+1"],"picked":"Discovery+1","floor":36},{"not_picked":["Acrobatics+1","Slice"],"picked":"Deadly Poison+1","floor":39},{"not_picked":["Concentrate+1","Blade Dance+1"],"picked":"Deadly Poison+1","floor":43},{"not_picked":["PiercingWail+1","Dagger Throw+1","Bane"],"picked":"SKIP","floor":46},{"not_picked":["Masterful Stab+1","Sneak Up+1","Replay:Poison Smokescreen+1"],"picked":"SKIP","floor":47},{"not_picked":["Riddle With Holes","Dodge and Roll+1"],"picked":"Deadly Poison+1","floor":48},{"not_picked":["Backflip+1","Finisher+1","Terror+1"],"picked":"SKIP","floor":49},{"not_picked":["ReplayTheSpireMod:Exploit Weakness+1","ReplayTheSpireMod:Tripwire+1","Bane+1"],"picked":"SKIP","floor":50}],"player_experience":128679,"relics_obtained":[{"floor":6,"key":"Torii"},{"floor":8,"key":"Thread and Needle"},{"floor":9,"key":"Frozen Egg 2"},{"floor":13,"key":"Ancient Tea Set"},{"floor":23,"key":"Toxic Egg 2"},{"floor":28,"key":"The Courier"},{"floor":43,"key":"Gambling Chip"},{"floor":45,"key":"Omamori"},{"floor":47,"key":"Ornamental Fan"},{"floor":48,"key":"Basket Of Snakes"},{"floor":50,"key":"Replay:Arrowhead"}],"event_choices":[{"damage_healed":0,"gold_gain":100,"player_choice":"Pray","damage_taken":0,"max_hp_gain":0,"max_hp_loss":0,"event_name":"Golden Shrine","floor":4,"gold_loss":0},{"damage_healed":0,"gold_gain":0,"player_choice":"Lose Max HP","damage_taken":0,"relics_obtained":["Golden Idol"],"max_hp_gain":0,"max_hp_loss":5,"event_name":"Golden Idol","floor":12,"gold_loss":0},{"damage_healed":0,"gold_gain":0,"player_choice":"Simplicity","damage_taken":0,"max_hp_gain":0,"max_hp_loss":0,"event_name":"Back to Basics","floor":29,"gold_loss":0,"cards_upgraded":["Strike_G","Strike_G","Strike_G","Strike_G","Defend_G","Defend_G","Defend_G","Defend_G","Defend_G"]},{"damage_healed":0,"gold_gain":0,"player_choice":"Memory 3","damage_taken":10,"max_hp_gain":0,"max_hp_loss":0,"event_name":"SensoryStone","floor":36,"gold_loss":0},{"cards_removed":["Strike_G"],"damage_healed":0,"gold_gain":0,"player_choice":"Removed Attack","damage_taken":0,"max_hp_gain":0,"max_hp_loss":0,"event_name":"Falling","floor":37,"gold_loss":0},{"damage_healed":0,"gold_gain":0,"player_choice":"Fight","damage_taken":0,"max_hp_gain":0,"max_hp_loss":0,"event_name":"MindBloom","floor":48,"gold_loss":0}],"is_beta":false,"boss_relics":[{"not_picked":["Honey Jar","Fusion Hammer"],"picked":"SacredBark"},{"not_picked":["Sozu","Replay:Grab Bag"],"picked":"ChewingGum"}],"items_purged_floors":[11],"is_endless":false,"potions_floor_spawned":[1,8,10,13,16,19,20,23,30,31,47,48,50],"killed_by":"Awakened One","ascension_level":1}}