{"host":"9b7hrp48q3pna783","time":1609730454,"event":{"mods":["BaseMod","Colored Map","Colored Powertips","Highlight Path","Minty Spire (QoL Compilation)","Relic Stats"],"gold_per_floor":[114,125,137,62,12,12,42,42,42,71,82,99,118,137,137,235,235,250,250,250,250,71,71,90,117,117,117,132,132,7,0,0,0,0],"floor_reached":33,"playtime":1921,"items_purged":["Strike_B","Strike_B","Defend_B"],"score":275,"play_id":"cef2a94b-c172-4695-a2b0-3cb23c01a6b4","local_time":"20210103222054","is_ascension_mode":false,"campfire_choices":[{"data":"Zap","floor":6,"key":"SMITH"},{"data":"Dualcast","floor":8,"key":"SMITH"},{"data":"Chaos","floor":15,"key":"SMITH"},{"data":"Rainbow","floor":27,"key":"SMITH"},{"data":"Loop","floor":29,"key":"SMITH"},{"data":"Glacier","floor":32,"key":"SMITH"}],"circlet_count":0,"master_deck":["Defend_B","Defend_B","Defend_B","Zap+1","Dualcast+1","Skim","Conserve Battery","Glacier+1","Self Repair","FTL","Thunder Strike","Coolheaded","Chaos+1","Rainbow+1","Coolheaded","Doom and Gloom","Shame","Doom and Gloom+1","Loop+1"],"relics":["Cracked Core","NeowsBlessing","Du-Vu Doll","Incense Burner","Shuriken","Inserter","Ornamental Fan","Letter Opener","Eternal Feather"],"acts_visited":["Exordium","TheCity"],"potions_floor_usage":[7,16,16,24,25,28],"damage_taken":[{"damage":0,"enemies":"Jaw Worm","floor":1,"turns":1},{"damage":0,"enemies":"Small Slimes","floor":2,"turns":1},{"damage":0,"enemies":"2 Louse","floor":3,"turns":1},{"damage":16,"enemies":"Gremlin Nob","floor":7,"turns":4},{"damage":19,"enemies":"3 Sentries","floor":10,"turns":10},{"damage":13,"enemies":"Exordium Wildlife","floor":11,"turns":6},{"damage":1,"enemies":"2 Fungi Beasts","floor":12,"turns":4},{"damage":10,"enemies":"Large Slime","floor":13,"turns":7},{"damage":0,"enemies":"Looter","floor":14,"turns":4},{"damage":3,"enemies":"Slime Boss","floor":16,"turns":10},{"damage":8,"enemies":"3 Byrds","floor":18,"turns":5},{"damage":33,"enemies":"Chosen","floor":24,"turns":7},{"damage":31,"enemies":"Slavers","floor":25,"turns":10},{"damage":6,"enemies":"Snecko","floor":28,"turns":4},{"damage":50,"enemies":"Champ","floor":33,"turns":10}],"seed_played":"2094713894228605616","potions_obtained":[{"floor":1,"key":"SkillPotion"},{"floor":10,"key":"SteroidPotion"},{"floor":13,"key":"BlessingOfTheForge"},{"floor":16,"key":"SpeedPotion"},{"floor":24,"key":"Fruit Juice"},{"floor":25,"key":"Ancient Potion"}],"is_trial":false,"path_per_floor":["M","M","M","$","?","R","E","R","T","E","M","M","M","M","R","B",null,"M","?","?","?","$","?","M","E","T","R","M","R","$","?","R","B"],"character_chosen":"DEFECT","items_purchased":["Doom and Gloom"],"campfire_rested":0,"item_purchase_floors":[22],"current_hp_per_floor":[75,75,75,75,75,75,59,59,59,47,41,47,44,51,51,55,75,74,60,60,60,60,60,39,15,15,27,28,40,40,40,49,0,0],"gold":0,"neow_bonus":"THREE_ENEMY_KILL","is_daily":false,"chose_seed":false,"campfire_upgraded":6,"win_rate":0.0,"timestamp":1609730454,"path_taken":["M","M","M","$","?","R","E","R","T","E","M","M","M","M","R","BOSS","M","?","?","?","$","?","?","E","T","R","M","R","$","?","R","BOSS"],"items_purchased_type":["Card"],"build_version":"2020-12-22","purchased_purges":3,"victory":false,"max_hp_per_floor":[75,75,75,75,75,75,75,75,75,75,75,75,75,75,75,75,75,75,80,80,80,80,80,85,85,85,85,85,85,85,85,85,85,85],"relic_stats":{"Inserter":[18],"counters":[15,84],"Shuriken":[1],"Ornamental Fan":[4],"Eternal Feather":33,"Letter Opener":[35],"obtain_stats":[{"Du-Vu Doll":7,"Inserter":17,"NeowsBlessing":0,"Shuriken":10,"Ornamental Fan":23,"Eternal Feather":26,"Incense Burner":9,"Letter Opener":25,"Cracked Core":0},{"Du-Vu Doll":4,"Inserter":10,"NeowsBlessing":0,"Shuriken":5,"Ornamental Fan":11,"Eternal Feather":13,"Incense Burner":4,"Letter Opener":13,"Cracked Core":0},{"Du-Vu Doll":7,"Inserter":48,"NeowsBlessing":0,"Shuriken":17,"Ornamental Fan":53,"Eternal Feather":70,"Incense Burner":7,"Letter Opener":70,"Cracked Core":0}]},"card_choices":[{"not_picked":["Beam Cell","Coolheaded"],"picked":"Skim","floor":1},{"not_picked":["Hologram","Tempest"],"picked":"Conserve Battery","floor":2},{"not_picked":["Coolheaded","Turbo"],"picked":"Glacier","floor":3},{"not_picked":["Barrage","Turbo"],"picked":"Self Repair","floor":7},{"not_picked":["Consume","Go for the Eyes"],"picked":"FTL","floor":10},{"not_picked":["Hologram","Melter","Ball Lightning"],"picked":"SKIP","floor":11},{"not_picked":["Scrape","FTL"],"picked":"Thunder Strike","floor":12},{"not_picked":["Compile Driver","Stack"],"picked":"Coolheaded","floor":13},{"not_picked":["Chill","Consume"],"picked":"Chaos","floor":14},{"not_picked":["All For One","Seek"],"picked":"Rainbow","floor":16},{"not_picked":["Ball Lightning","Steam"],"picked":"Coolheaded","floor":18},{"not_picked":["Stack","Tempest"],"picked":"Doom and Gloom+1","floor":24},{"not_picked":["Storm+1","Steam Power+1"],"picked":"Loop","floor":25},{"not_picked":["Go for the Eyes","Turbo","Hello World"],"picked":"SKIP","floor":28}],"player_experience":63317,"relics_obtained":[{"floor":7,"key":"Du-Vu Doll"},{"floor":9,"key":"Incense Burner"},{"floor":10,"key":"Shuriken"},{"floor":25,"key":"Letter Opener"},{"floor":26,"key":"Eternal Feather"}],"event_choices":[{"cards_removed":["Strike_B"],"damage_healed":0,"gold_gain":0,"player_choice":"Card Removal","damage_taken":0,"max_hp_gain":0,"max_hp_loss":0,"event_name":"The Cleric","floor":5,"gold_loss":50},{"damage_healed":0,"gold_gain":0,"player_choice":"Shed Blood","damage_taken":19,"max_hp_gain":5,"max_hp_loss":0,"event_name":"Forgotten Altar","floor":19,"gold_loss":0},{"damage_healed":0,"gold_gain":0,"player_choice":"Ignored","damage_taken":0,"max_hp_gain":0,"max_hp_loss":0,"event_name":"Vampires","floor":20,"gold_loss":0},{"cards_removed":["Strike_B"],"damage_healed":0,"gold_gain":0,"player_choice":"Elegance","damage_taken":0,"max_hp_gain":0,"max_hp_loss":0,"event_name":"Back to Basics","floor":21,"gold_loss":0},{"damage_healed":0,"gold_gain":0,"player_choice":"Stole Relic","damage_taken":0,"relics_obtained":["Ornamental Fan"],"max_hp_gain":0,"max_hp_loss":0,"event_name":"Addict","floor":23,"gold_loss":0,"cards_obtained":["Shame"]},{"damage_healed":0,"gold_gain":0,"player_choice":"Paid Fearfully","damage_taken":0,"max_hp_gain":0,"max_hp_loss":0,"event_name":"Masked Bandits","floor":31,"gold_loss":7}],"is_beta":false,"boss_relics":[{"not_picked":["Black Star","Runic Pyramid"],"picked":"Inserter"}],"items_purged_floors":[4,22,30],"is_endless":false,"potions_floor_spawned":[1,10,13,16,24,25],"killed_by":"Champ","ascension_level":0}}