{"host":"ta9mufxydm4vkknf","time":1609786946,"event":{"mods":["AchievementEnabler","BaseMod","Minty Spire (QoL Compilation)","Quick Restart"],"gold_per_floor":[113,113,123,123,136,136,170,188,241,276,289,315,240,258,258,258,258],"floor_reached":16,"playtime":917,"items_purged":["Strike_G"],"score":128,"play_id":"d16f1991-9b46-4be5-849c-1a0bcd7497ef","local_time":"20210104200226","is_ascension_mode":true,"campfire_choices":[{"data":"Flying Knee","floor":6,"key":"SMITH"},{"data":"Deadly Poison","floor":15,"key":"SMITH"}],"circlet_count":0,"master_deck":["Strike_G","Strike_G","Strike_G","Strike_G","Defend_G","Defend_G","Defend_G","Defend_G","Defend_G","Survivor","Neutralize","Deadly Poison+1","Acrobatics","Flying Knee+1","Footwork","Terror","Reflex","Tactician","Flying Knee","Bane"],"relics":["Ring of the Snake","NeowsBlessing","Matryoshka","Bag of Preparation","Meat on the Bone","Du-Vu Doll","Thread and Needle"],"acts_visited":["Exordium"],"potions_floor_usage":[16],"damage_taken":[{"damage":0,"enemies":"2 Louse","floor":1,"turns":1},{"damage":0,"enemies":"Cultist","floor":3,"turns":1},{"damage":0,"enemies":"Jaw Worm","floor":5,"turns":1},{"damage":34,"enemies":"Gremlin Nob","floor":7,"turns":5},{"damage":14,"enemies":"3 Louse","floor":8,"turns":4},{"damage":20,"enemies":"3 Sentries","floor":10,"turns":10},{"damage":4,"enemies":"Gremlin Gang","floor":11,"turns":4},{"damage":6,"enemies":"Lagavulin","floor":12,"turns":8},{"damage":4,"enemies":"Lots of Slimes","floor":14,"turns":5},{"damage":65,"enemies":"Slime Boss","floor":16,"turns":11}],"seed_played":"1736424786387182048","potions_obtained":[{"floor":4,"key":"PowerPotion"},{"floor":4,"key":"SmokeBomb"},{"floor":4,"key":"FairyPotion"}],"is_trial":false,"path_per_floor":["M","?","M","?","M","R","E","M","T","E","M","E","$","M","R","B"],"character_chosen":"THE_SILENT","items_purchased":[],"campfire_rested":0,"item_purchase_floors":[],"current_hp_per_floor":[70,70,70,70,70,70,36,22,22,14,22,28,28,36,36,0,0],"gold":258,"neow_bonus":"THREE_ENEMY_KILL","is_daily":false,"chose_seed":false,"campfire_upgraded":2,"win_rate":0.0,"timestamp":1609786946,"path_taken":["M","?","?","?","M","R","E","?","T","E","M","E","?","M","R","BOSS"],"items_purchased_type":[],"build_version":"2020-12-22","purchased_purges":1,"victory":false,"max_hp_per_floor":[70,70,70,70,70,70,70,70,70,70,70,70,70,70,70,70,70],"card_choices":[{"not_picked":["Dagger Spray","Riddle With Holes"],"picked":"Deadly Poison","floor":1},{"not_picked":["Dodge and Roll","Blade Dance"],"picked":"Acrobatics","floor":3},{"not_picked":["Finisher","Calculated Gamble"],"picked":"Flying Knee","floor":5},{"not_picked":["Dagger Throw","Masterful Stab"],"picked":"Footwork","floor":7},{"not_picked":["Accuracy","Calculated Gamble"],"picked":"Terror","floor":8},{"not_picked":["Sucker Punch","Footwork"],"picked":"Reflex","floor":10},{"not_picked":["Outmaneuver","Flying Knee"],"picked":"Tactician","floor":11},{"not_picked":["Accuracy","Caltrops"],"picked":"Flying Knee","floor":12},{"not_picked":["Calculated Gamble","Reflex"],"picked":"Bane","floor":14}],"player_experience":191186,"relics_obtained":[{"floor":2,"key":"Matryoshka"},{"floor":7,"key":"Bag of Preparation"},{"floor":9,"key":"Meat on the Bone"},{"floor":10,"key":"Du-Vu Doll"},{"floor":12,"key":"Thread and Needle"}],"event_choices":[{"damage_healed":0,"gold_gain":0,"player_choice":"Relic","damage_taken":0,"max_hp_gain":0,"max_hp_loss":0,"event_name":"Wheel of Change","floor":2,"gold_loss":0},{"damage_healed":0,"gold_gain":0,"player_choice":"Got Potions","damage_taken":0,"max_hp_gain":0,"max_hp_loss":0,"event_name":"Lab","floor":4,"gold_loss":0}],"is_beta":false,"boss_relics":[],"items_purged_floors":[13],"is_endless":false,"potions_floor_spawned":[7,8,10,12,14],"killed_by":"Slime Boss","ascension_level":1}}