{"host":"5tuwlte1qowk8fz0","time":1609803687,"event":{"mods":["2.2 Compatiblity","AchievementEnabler","Act Like it!","Aspiration","Astrologer","Bard","BaseMod","BetterRewards","Card Forge","Colored Powertips","Conspire","Duelist Mod","Energized Spire","Friendly Minions","GifTheSpireLib","Gremlin Mod","GungeonMod","Halation","Hallownest","Hermit","Highlight Path","Hubris","Infinite Spire","Jedi Mod","Jorbs\u0027s Wanderer Trilogy","Koishi","Kratos Character Expansion","Luminous","Marisa????????","Minty Spire (QoL Compilation)","Rare Cards Sparkle","Remilia??????","Replay The Spire","Reworked Bosses","Shade Mod","Spicy Shops","Spikes Relics","StSLib","SuperFastMode","Td1madao Mod","The Blackbeard","The Bladedancer","The Blue Laboratory","The Bug Knight","The Construct","The Cursed","The Death Knight","The Disciple","The Druid","The Forsaken","The Gatherer","The Hierophant","The Kombatant","The Necromancer","The Poker Player","The Runesmith","The Saiyan","The Servant 0.9.4","TheVelvet","Trackpad","vexMod"],"gold_per_floor":[113,113,124,135,135,135,147,1,1,1,20,20,35,35,35,130,130,148,164,178,197,207,207],"floor_reached":22,"playtime":948,"items_purged":[],"score":180,"play_id":"2ea30274-beff-48b3-8847-bc46062cab23","local_time":"20210104234127","is_ascension_mode":false,"campfire_choices":[{"data":"theDruid:Fortitude","floor":6,"key":"SMITH"},{"floor":12,"key":"REST"},{"floor":15,"key":"REST"}],"circlet_count":0,"master_deck":["theDruid:Strike_O","theDruid:Strike_O","theDruid:Strike_O","theDruid:Strike_O","theDruid:Defend_O","theDruid:Defend_O","theDruid:Defend_O","theDruid:Defend_O","theDruid:BriarArmor","theDruid:WildSlash","Chip","hadesmod:Strike","theDruid:FuriousSlash","theDruid:Fortitude+1","theDruid:Untamed+1","theDruid:Gore","theDruid:PrimalStrength","theDruid:ExposingSlash","theDruid:Mutilate","theDruid:Moonbeam","theDruid:Earthquake","theDruid:Infestation+1","theDruid:ViralBites+1","theDruid:Slingshot","theDruid:Swipe"],"relics":["theDruid:CrownOfTheWilds","Hammer of Thor","Seething Fire","Anvil of the Gods","DemoMod:RingOfEthereal","Toxic Egg 2","DemoMod:DecoyRelic","hubris:SlimyHat","Replay:Grab Bag","vexMod:CursedCompass","Replay:Bronze Core","SlaversCollar"],"acts_visited":["Exordium","Hallownest:CityofTears"],"potions_floor_usage":[16,16,16],"damage_taken":[{"damage":7,"enemies":"Cultist","floor":1,"turns":3},{"damage":3,"enemies":"2 Louse","floor":3,"turns":2},{"damage":0,"enemies":"conspire:RoseBush","floor":4,"turns":2},{"damage":9,"enemies":"3 Louse","floor":7,"turns":3},{"damage":13,"enemies":"Blue Slaver","floor":11,"turns":3},{"damage":9,"enemies":"2 Fungi Beasts","floor":13,"turns":3},{"damage":36,"enemies":"The Guardian","floor":16,"turns":8},{"damage":4,"enemies":"Hallownest:Flukemon_and_Top","floor":18,"turns":4},{"damage":28,"enemies":"Hallownest:3_Youths","floor":19,"turns":6},{"damage":24,"enemies":"Hallownest:Warrior_and_Youth","floor":20,"turns":6},{"damage":11,"enemies":"Hallownest:3_Mistakes","floor":21,"turns":4},{"damage":8,"enemies":"Hallownest:Glutton_and_Coward","floor":22,"turns":1}],"seed_played":"-1965448626698363723","potions_obtained":[{"floor":1,"key":"Fire Potion"},{"floor":7,"key":"Languid Potion"},{"floor":13,"key":"DeathKnight:BottledBloodEchoes"},{"floor":20,"key":"Dexterity Potion"},{"floor":21,"key":"blueLaboratory:NullPotion"}],"is_trial":false,"path_per_floor":["M","?","M","M","?","R","M","$","T","T","M","R","M","$","R","B",null,"M","M","M","M","M"],"character_chosen":"DRUID","items_purchased":["theDruid:PrimalStrength","theDruid:ExposingSlash"],"campfire_rested":2,"item_purchase_floors":[8,8],"current_hp_per_floor":[68,68,65,65,65,65,56,56,56,56,43,65,56,56,75,39,75,71,43,19,8,0,0],"gold":207,"neow_bonus":"ONE_RARE_RELIC","is_daily":false,"chose_seed":false,"campfire_upgraded":1,"win_rate":0.0,"timestamp":1609803687,"path_taken":["M","?","M","M","?","R","M","$","T","?","M","R","M","?","R","BOSS","M","M","M","M","M"],"items_purchased_type":["Card","Card"],"build_version":"2020-12-22","purchased_purges":0,"victory":false,"max_hp_per_floor":[75,75,75,75,75,75,75,75,75,75,75,75,75,75,75,75,75,75,75,75,75,75,75],"card_choices":[{"not_picked":["theDruid:BloodiedFur","theDruid:Prowl"],"picked":"theDruid:FuriousSlash","floor":1},{"not_picked":["theDruid:Scavenge+1","theDruid:Resourcefulness"],"picked":"theDruid:Fortitude","floor":3},{"not_picked":["theDruid:WildArmor+1","theDruid:TwilightsCall+1"],"picked":"theDruid:Untamed+1","floor":4},{"not_picked":["theDruid:Guidance+1","theDruid:ThornStrike"],"picked":"theDruid:Gore","floor":7},{"not_picked":["theDruid:FuriousSlash","theDruid:ThornStrike"],"picked":"theDruid:Mutilate","floor":11},{"not_picked":["theDruid:Recoil+1","theDruid:Pathfinder+1"],"picked":"theDruid:Moonbeam","floor":13},{"not_picked":["theDruid:SurvivalInstincts","theDruid:Mutilate"],"picked":"theDruid:Earthquake","floor":16},{"not_picked":["theDruid:Resupply+1","theDruid:Rummage+1"],"picked":"theDruid:Infestation+1","floor":18},{"not_picked":["theDruid:ExposingSlash","theDruid:IronClaw+1"],"picked":"theDruid:ViralBites+1","floor":19},{"not_picked":["theDruid:BrambleLash","theDruid:ThickHide+1"],"picked":"theDruid:Slingshot","floor":20},{"not_picked":["theDruid:ForestGuard","theDruid:BrambleLash"],"picked":"theDruid:Swipe","floor":21}],"player_experience":111624,"relics_obtained":[{"floor":9,"key":"DemoMod:DecoyRelic"},{"floor":10,"key":"hubris:SlimyHat"}],"event_choices":[{"cards_removed":["Injury"],"damage_healed":0,"gold_gain":0,"player_choice":"Forget","damage_taken":0,"max_hp_gain":0,"max_hp_loss":0,"event_name":"Living Wall","floor":5,"gold_loss":0}],"is_beta":false,"boss_relics":[{"not_picked":["aspiration:RunicSpoon","hubris:ScarierMask"],"picked":"Replay:Grab Bag"},{"not_picked":["conspire:RoyalGoblet","Velvet Choker"],"picked":"vexMod:CursedCompass"},{"not_picked":["trackpad:Trackpad","trackpad:Coffee"],"picked":"Replay:Bronze Core"},{"not_picked":["Replay:Drink Me","aspiration:SecretTechniqueScroll"],"picked":"SlaversCollar"}],"items_purged_floors":[],"is_endless":false,"potions_floor_spawned":[1,7,13,20,21],"killed_by":"Hallownest:Glutton_and_Coward","ascension_level":0}}