{"host":"nlbr7nnijupf3yfg","time":1609731552,"event":{"mods":["AchievementEnabler","BaseMod","Colored Powertips","DeckTracker","Downfall","Hubris","Minty Spire (QoL Compilation)","Replay The Spire","StSLib","SuperFastMode"],"gold_per_floor":[114,114,131,150,150,177,177,188,236,236,252,252,262,293,293,398,398,409,409,428,428,277,277,287,287,312,312,312,323,350,363,363,465,465,477,477,275,275,1,1,44,72,123,123,177,177,177,223,223,223],"floor_reached":51,"playtime":1074,"items_purged":["Decay"],"score":733,"play_id":"0a167806-d04b-441f-85c5-96e5a83c4e9f","local_time":"20210103223912","is_ascension_mode":false,"campfire_choices":[{"floor":7.0,"key":"REST"},{"data":"Choke","floor":15.0,"key":"SMITH"},{"floor":23.0,"key":"REST"},{"floor":25.0,"key":"REST"},{"data":"Footwork","floor":32.0,"key":"SMITH"},{"floor":40.0,"key":"REST"},{"floor":44,"key":"REST"},{"floor":49,"key":"REST"}],"circlet_count":0,"master_deck":["expansioncontent:DefensiveStance","Strike_G","Strike_G","Strike_G","Strike_G+1","Strike_G+1","Defend_G","Defend_G+1","Defend_G","Defend_G","Defend_G","Survivor","Neutralize","Dagger Spray","Blade Dance","Footwork+1","Dagger Spray","Choke+1","Catalyst+1","Deadly Poison","Flying Knee","Replay:Bag of Tricks+1","Bane+1","Dagger Throw+1","Distraction","Catalyst+1","Cloak And Dagger+1","Replay:Bag of Tricks+1","CurseOfTheBell","Replay:SS_hec_2+1","Flying Knee+1","Cloak And Dagger","Replay:Poison Smokescreen","Violence"],"relics":["Ring of the Snake","hubris:AstralHammer","Lantern","Whetstone","hubris:Metronome","Replay:Grab Bag","ReplayTheSpireMod:Onyx Gauntlets","hubris:GrandSneckoEye","HoveringKite","Snack Pack","Simple Rune","Strawberry","Smiling Mask","Calling Bell","Boot","Frozen Egg 2","Replay:Kaleidoscope","Guide Book","Membership Card","Replay:Bandana","Happy Flower","Centennial Puzzle","ReplayTheSpireMod:TigerMarble"],"acts_visited":["Exordium","TheCity","TheBeyond"],"potions_floor_usage":[42],"damage_taken":[{"damage":0.0,"enemies":"Small Slimes","floor":1.0,"turns":5.0},{"damage":0.0,"enemies":"Jaw Worm","floor":3.0,"turns":6.0},{"damage":0.0,"enemies":"2 Louse","floor":4.0,"turns":2.0},{"damage":16.0,"enemies":"3 Sentries","floor":6.0,"turns":10.0},{"damage":0.0,"enemies":"Looter","floor":8.0,"turns":4.0},{"damage":0.0,"enemies":"Exordium Wildlife","floor":11.0,"turns":2.0},{"damage":3.0,"enemies":"Large Slime","floor":13.0,"turns":4.0},{"damage":13.0,"enemies":"Gremlin Nob","floor":14.0,"turns":4.0},{"damage":21.0,"enemies":"Slime Boss","floor":16.0,"turns":10.0},{"damage":0.0,"enemies":"2 Thieves","floor":18.0,"turns":2.0},{"damage":0.0,"enemies":"Spheric Guardian","floor":20.0,"turns":3.0},{"damage":0.0,"enemies":"Snake Plant","floor":24.0,"turns":1.0},{"damage":0.0,"enemies":"Centurion and Healer","floor":29.0,"turns":3.0},{"damage":4.0,"enemies":"Sentry and Sphere","floor":31.0,"turns":4.0},{"damage":50.0,"enemies":"Automaton","floor":33.0,"turns":8.0},{"damage":23.0,"enemies":"3 Shapes","floor":35.0,"turns":3.0},{"damage":72.0,"enemies":"Reptomancer","floor":41.0,"turns":3.0},{"damage":0,"enemies":"Orb Walker","floor":42,"turns":1},{"damage":18,"enemies":"Sphere and 2 Shapes","floor":45,"turns":4},{"damage":20,"enemies":"Time Eater","floor":50,"turns":4}],"seed_played":"-2800357104053369681","potions_obtained":[{"floor":1.0,"key":"Regen Potion"},{"floor":3.0,"key":"SteroidPotion"},{"floor":4.0,"key":"DistilledChaos"},{"floor":31.0,"key":"EssenceOfSteel"},{"floor":36.0,"key":"FairyPotion"},{"floor":42,"key":"AttackPotion"}],"is_trial":false,"path_per_floor":["M","?","M","M","?","E","R","M","T","$","M","?","M","E","R","B",null,"M","?","M","?","$","R","M","R","T","$","?","M","T","M","R","B",null,"M","?","$","?","$","R","E","M","T","R","M","?","?","T","R","B",null],"character_chosen":"THE_SILENT","items_purchased":["Simple Rune","Guide Book","Membership Card","Replay:Bandana","Replay:SS_hec_2+1"],"campfire_rested":6,"item_purchase_floors":[22,37,39,39,39],"current_hp_per_floor":[70,63,63,63,63,47,68,68,68,68,68,68,65,52,52,31,70,70,18,18,18,18,39,41,62,69,69,69,75,75,77,77,43,77,58,58,58,58,58,73,5,9,9,30,18,18,18,18,39,21],"gold":223,"neow_bonus":"ONE_RARE_RELIC","is_daily":false,"chose_seed":false,"campfire_upgraded":2,"win_rate":0.0,"timestamp":1609731552,"path_taken":["M","?","M","M","?","E","R","M","T","$","M","?","M","E","R","BOSS","M","?","M","?","$","R","?","R","T","?","?","M","?","?","R","BOSS","M","?","?","?","$","R","E","M","T","R","M","?","?","?","R","BOSS"],"items_purchased_type":["Relic","Relic","Relic","Relic","Card"],"build_version":"2020-12-22","purchased_purges":1,"victory":true,"max_hp_per_floor":[70,70,70,70,70,70,70,70,70,70,70,70,70,70,70,70,70,70,70,70,70,70,70,70,70,77,77,77,77,77,77,77,77,77,77,77,77,73,73,73,73,73,73,73,73,73,73,73,73,73],"card_choices":[{"not_picked":["PiercingWail","Outmaneuver"],"picked":"Dagger Spray","floor":1.0},{"not_picked":["Underhanded Strike","Outmaneuver"],"picked":"Blade Dance","floor":3.0},{"not_picked":["Outmaneuver","Bane"],"picked":"Footwork","floor":4.0},{"not_picked":["Outmaneuver","Adrenaline"],"picked":"Dagger Spray","floor":6.0},{"not_picked":["Blade Dance","Backflip"],"picked":"Choke","floor":8.0},{"not_picked":["Replay:Poison Smokescreen","Infinite Blades"],"picked":"Blade Dance","floor":11.0},{"not_picked":["ReplayTheSpireMod:Tripwire","hubris:SlightOfHand"],"picked":"Deadly Poison","floor":13.0},{"not_picked":["Bane","A Thousand Cuts"],"picked":"Flying Knee","floor":14.0},{"not_picked":["Tools of the Trade","Doppelganger"],"picked":"Replay:Bag of Tricks","floor":16.0},{"not_picked":["Quick Slash+1","Slice+1"],"picked":"Bane+1","floor":18.0},{"not_picked":["hubris:Counter","Acrobatics"],"picked":"Dagger Throw+1","floor":20.0},{"not_picked":["Leg Sweep","Backflip"],"picked":"Distraction","floor":24.0},{"not_picked":["Dash+1","hubris:Counter"],"picked":"Catalyst+1","floor":29.0},{"not_picked":["Deflect","Prepared"],"picked":"Cloak And Dagger+1","floor":31.0},{"not_picked":["Bullet Time","Night Terror"],"picked":"Replay:Bag of Tricks","floor":33.0},{"not_picked":["Prepared","Quick Slash+1","Dash+1"],"picked":"SKIP","floor":35.0},{"not_picked":["Acrobatics+1","Hidden Blade+1"],"picked":"Flying Knee+1","floor":41},{"not_picked":["Acrobatics","Deadly Poison+1"],"picked":"Cloak And Dagger","floor":42},{"not_picked":["Blade Dance","Well Laid Plans+1"],"picked":"Replay:Poison Smokescreen","floor":45},{"not_picked":["Impatience","Discovery"],"picked":"Violence","floor":47}],"player_experience":33437,"relics_obtained":[{"floor":6.0,"key":"Lantern"},{"floor":9.0,"key":"Whetstone"},{"floor":14.0,"key":"hubris:Metronome"},{"floor":26.0,"key":"Strawberry"},{"floor":30.0,"key":"Smiling Mask"},{"floor":34.0,"key":"Boot"},{"floor":34.0,"key":"Frozen Egg 2"},{"floor":34.0,"key":"Replay:Kaleidoscope"},{"floor":41,"key":"Happy Flower"},{"floor":43,"key":"Centennial Puzzle"},{"floor":48,"key":"ReplayTheSpireMod:TigerMarble"}],"event_choices":[{"cards_removed":["Amnesia"],"damage_healed":0.0,"max_hp_gain":0.0,"max_hp_loss":0.0,"gold_gain":0.0,"event_name":"Golden Wing","player_choice":"Card Removal","floor":2.0,"gold_loss":0.0,"damage_taken":7.0},{"damage_healed":0.0,"max_hp_gain":0.0,"max_hp_loss":0.0,"gold_gain":0.0,"event_name":"Liars Game","player_choice":"Ignored","floor":5.0,"gold_loss":0.0,"damage_taken":0.0},{"damage_healed":0.0,"max_hp_gain":0.0,"max_hp_loss":0.0,"gold_gain":0.0,"event_name":"Forgotten Altar","player_choice":"Smashed Altar","floor":28.0,"gold_loss":0.0,"damage_taken":0.0,"cards_obtained":["Decay"]},{"damage_healed":0.0,"max_hp_gain":0.0,"max_hp_loss":0.0,"gold_gain":0.0,"event_name":"Lab","player_choice":"Got Potions","floor":36.0,"gold_loss":0.0,"damage_taken":0.0},{"damage_healed":0.0,"max_hp_gain":0.0,"max_hp_loss":4.0,"gold_gain":0.0,"event_name":"Winding Halls","player_choice":"Max HP","floor":38.0,"gold_loss":0.0,"damage_taken":0.0},{"damage_healed":0,"gold_gain":0,"player_choice":"Ignored","damage_taken":0,"max_hp_gain":0,"max_hp_loss":0,"event_name":"Tomb of Lord Red Mask","floor":46,"gold_loss":0},{"damage_healed":0,"gold_gain":0,"player_choice":"Memory 1","damage_taken":0,"max_hp_gain":0,"max_hp_loss":0,"event_name":"SensoryStone","floor":47,"gold_loss":0}],"is_beta":false,"boss_relics":[{"not_picked":["Philosopher\u0027s Stone","hubris:TerracottaHorce"],"picked":"Replay:Grab Bag"},{"not_picked":["Replay:Bronze Core","hubris:RunicObelisk"],"picked":"ReplayTheSpireMod:Onyx Gauntlets"},{"not_picked":["Velvet Choker","Replay:Wanted Poster"],"picked":"hubris:GrandSneckoEye"},{"not_picked":["Ring of Chaos","Snecko Scales"],"picked":"HoveringKite"},{"not_picked":["Kintsugi","hubris:BlackHole"],"picked":"Calling Bell"}],"items_purged_floors":[37],"is_endless":false,"potions_floor_spawned":[1,3,4,16,24,31,41,42,45],"ascension_level":0}}