{"host":"emut9mh212kd9b86","time":1609739072,"event":{"mods":["ATMod(阿瑾Mod)","Act Like it!","BaseMod","Better Vampires","Gensokyo","KomeijiMod","Minty Spire (QoL Compilation)","MostiFishMod","Shop Mod","Spicy Shops","StSLib","TestMod","noobMod","【遗物卡牌】REMEMod"],"gold_per_floor":[114,114,126,143,160,189,189,215,215,99,112,124,124,159,159,483,483,498,498,519,519,539,576,576,614,641,671,671,687,700,751,751,833,833,1001,1401,703,716,716,716,626,658,658,672,686,686,713,466,466,467],"floor_reached":51,"playtime":3124,"items_purged":["Defend_Komeiji","Strike_Komeiji"],"score":1853,"play_id":"599abd24-a8cb-41eb-bb51-1324536fb683","local_time":"20210104134432","is_ascension_mode":true,"campfire_choices":[{"data":"VampireKiss","floor":15.0,"key":"SMITH"},{"data":"REME_Shoggoth","floor":24.0,"key":"SMITH"},{"data":"Dash_Komeiji","floor":32.0,"key":"SMITH"},{"data":"VampireKiss","floor":40.0,"key":"SMITH"},{"data":"Defend_Komeiji","floor":49.0,"key":"SMITH"}],"circlet_count":0,"master_deck":["Strike_Komeiji+1","Strike_Komeiji+1","Defend_Komeiji","Defend_Komeiji","Defend_Komeiji+1","Dash_Komeiji+1","VampireKiss+1","KokorosuKi+1","Gensokyo:CustomPotion"],"relics":["KomeijisEye","SpellCardsRule","MusicBox","ice","DaveBox","AT_ATBox","REME_ComplimentaryCards","testmod-Justice","SynthV:C4","testmod-TurbochargingSystem","SynthV:TestCard","AT_ForceNature","AT_ChloranthyRing","Anchor","AT_PhaseBoots","Boot","Darkstone Periapt","testmod-DeterminationOfClimber","testmod-BlackFramedGlasses","testmod-CyclicPeriapt","Letter Opener","AT_RedTearstoneRing","FossilizedHelix","testmod-IndustrialRevolution","SlaversCollar","MerchantsRug","Matryoshka","testmod-ThousandKnives","testmod-Nyarlathotep","Frozen Egg 2","Bronze Scales","ClockworkSouvenir","Pen Nib"],"acts_visited":["Exordium","Gensokyo:Gensokyo","Gensokyo:Gensokyoer"],"potions_floor_usage":[],"damage_taken":[{"damage":6.0,"enemies":"Gensokyo:Python","floor":1.0,"turns":4.0},{"damage":0.0,"enemies":"Gensokyo:3_Fairies","floor":3.0,"turns":6.0},{"damage":13.0,"enemies":"Gensokyo:Gryphon","floor":4.0,"turns":4.0},{"damage":10.0,"enemies":"Gensokyo:Python_and_Kodama","floor":5.0,"turns":4.0},{"damage":31.0,"enemies":"Gensokyo:Aya","floor":6.0,"turns":8.0},{"damage":33.0,"enemies":"Gensokyo:Cirno","floor":8.0,"turns":8.0},{"damage":13.0,"enemies":"Gensokyo:Kitsune","floor":11.0,"turns":3.0},{"damage":5.0,"enemies":"Gensokyo:5_Fairies","floor":12.0,"turns":4.0},{"damage":0.0,"enemies":"Gensokyo:Mamizou","floor":14.0,"turns":5.0},{"damage":8.0,"enemies":"Gensokyo:Yukari","floor":16.0,"turns":6.0},{"damage":0.0,"enemies":"Gensokyo:3_Dogs","floor":18.0,"turns":3.0},{"damage":0.0,"enemies":"Gensokyo:2_Gloops","floor":20.0,"turns":2.0},{"damage":0.0,"enemies":"Gensokyo:Monolith_and_Dog","floor":22.0,"turns":3.0},{"damage":0.0,"enemies":"Gensokyo:Tenshi","floor":23.0,"turns":1.0},{"damage":0.0,"enemies":"Gensokyo:Reisen","floor":25.0,"turns":1.0},{"damage":0.0,"enemies":"Gensokyo:Koishi","floor":27.0,"turns":1.0},{"damage":0.0,"enemies":"Gensokyo:Swordslinger","floor":29.0,"turns":2.0},{"damage":0.0,"enemies":"Gensokyo:Wraith","floor":30.0,"turns":1.0},{"damage":0.0,"enemies":"Gensokyo:Kaguya","floor":33.0,"turns":3.0},{"damage":0.0,"enemies":"Gensokyo:3_Boulders","floor":35.0,"turns":4.0},{"damage":0.0,"enemies":"Gensokyo:AncientGuardian","floor":38.0,"turns":2.0},{"damage":0.0,"enemies":"Gensokyo:Doremy","floor":42.0,"turns":2.0},{"damage":0.0,"enemies":"Gensokyo:AtlasGolem","floor":44.0,"turns":2.0},{"damage":0.0,"enemies":"Gensokyo:4_Bats","floor":45.0,"turns":1.0},{"damage":0.0,"enemies":"Gensokyo:Marisa","floor":47.0,"turns":2.0},{"damage":0,"enemies":"Gensokyo:Yuyuko","floor":50,"turns":2}],"seed_played":"7170230105880491322","potions_obtained":[{"floor":3.0,"key":"EssenceOfSteel"},{"floor":4.0,"key":"Explosive Potion"},{"floor":38.0,"key":"testmod-EscapePotion"},{"floor":42.0,"key":"UndeadPotion"}],"is_trial":false,"path_per_floor":["M","?","M","M","M","E","?","E","T","COS","M","M","?","E","R","B",null,"M","?","M","?","M","E","R","E","T","E","?","M","M","T","R","B",null,"M","?","$","M","?","R","?","E","T","M","M","?","E","$","R","B",null],"character_chosen":"KomeijiSatori","items_purchased":["MerchantsRug","Matryoshka","testmod-ThousandKnives","ClockworkSouvenir","Pen Nib"],"campfire_rested":0,"item_purchase_floors":[37,37,37,48,48],"current_hp_per_floor":[39,36,36,23,13,36,36,9,9,9,10,5,5,87,87,80,88,94,87,87,87,90,90,90,90,90,90,90,91,91,91,91,94,94,96,96,96,96,96,96,96,96,96,96,96,96,102,102,102,102],"gold":467,"neow_bonus":"RANDOM_COMMON_RELIC","is_daily":false,"chose_seed":false,"campfire_upgraded":5,"win_rate":0.0,"timestamp":1609739072,"path_taken":["M","?","M","M","M","E","?","E","T","COS","M","M","?","E","R","BOSS","M","?","M","?","M","E","R","E","T","E","?","?","?","?","R","BOSS","M","?","$","M","?","R","?","E","T","M","?","?","E","?","R","BOSS"],"items_purchased_type":["Relic","Relic","Relic","Relic","Relic"],"build_version":"2020-12-22","purchased_purges":2,"victory":true,"max_hp_per_floor":[50,57,57,57,57,61,61,82,82,82,84,87,87,87,87,91,91,94,87,87,87,90,90,90,90,90,90,90,91,91,91,91,94,94,96,96,96,96,96,96,96,96,96,96,96,96,102,102,102,102],"card_choices":[{"not_picked":["NingyouSousou+1","DemonLordCradle","JyouchiJin+1"],"picked":"SKIP","floor":1.0},{"not_picked":["Sabishigari+1","SeekerDolls","EnMu+1","KeiseiJin+1","Mishyaguji+1"],"picked":"SKIP","floor":3.0},{"not_picked":["YoukiSo+1","NingyouSP+1","KeiseiJin+1","MissingPower","NingyouMusou+1"],"picked":"SKIP","floor":4.0},{"not_picked":["DochyakuKami+1","HelanNingyou","MissingPower","OoedoNingyou+1","SeekerWire+1"],"picked":"SKIP","floor":5.0},{"not_picked":["FreezeTouchMe","SatsujinDooru","RikonNoKama+1","SeekerWire+1"],"picked":"VampireKiss","floor":6.0},{"not_picked":["LunaticRedEyes","MissingPower","KinbakuJin+1","KimairaNoYoku"],"picked":"VampireKiss","floor":8.0},{"not_picked":["DemonLordCradle","NingyouSousou+1","Mishyaguji+1","JyouchiJin+1"],"picked":"KokorosuKi+1","floor":11.0},{"not_picked":["NarrowSpark","SuitokuNoKyoryu","DochyakuKami+1","FreezeTouchMe","GroundStardust+1"],"picked":"SKIP","floor":12.0},{"not_picked":["JyouchiJin+1","NingyouKisou+1","OoedoNingyou+1","NingyouSousou+1","RikonNoKama+1"],"picked":"SKIP","floor":14.0},{"not_picked":["DemonLordCradle","SeekerWire+1","ShyakuBuku","NingyouSP+1","Melting"],"picked":"SKIP","floor":18.0},{"not_picked":["NingyouSousou+1","GroundStardust+1","MusuNoYume","DochyakuKami+1","DemonsDinnerFork"],"picked":"SKIP","floor":20.0},{"not_picked":["YoukiSo+1","MissingPower","AbyssNova","RikonNoKama+1","MusuNoYume"],"picked":"SKIP","floor":22.0},{"not_picked":["MissingPower","SelfTokamak","DemonLordCradle","NingyouFukuhei+1","Sabishigari+1"],"picked":"SKIP","floor":23.0},{"not_picked":["LittleLegion","YuumeiNoKurin","NingyouKisou+1","NingyouKasou+1","NingyouFukuhei+1"],"picked":"SKIP","floor":25.0},{"not_picked":["VampireKiss","HagoromoMizu","NingyouFukuhei+1","Sabishigari+1","NingyouShinki+1"],"picked":"SKIP","floor":27.0},{"not_picked":["GasuOrimono","RikonNoKama+1","HagoromoKu","DochyakuKami+1","NingyouSP+1"],"picked":"SKIP","floor":29.0},{"not_picked":["SeekerDolls","NingyouShinki+1","NingyouFukuhei+1","Mishyaguji+1","KinbakuJin+1"],"picked":"SKIP","floor":30.0},{"not_picked":["EnMu+1","GasuOrimono","HagoromoMizu","MusuNoYume","DemonLordCradle"],"picked":"SKIP","floor":35.0},{"not_picked":["SenseofElegance","Sabishigari+1","Melting","NingyouSousou+1","SeekerWire+1"],"picked":"SKIP","floor":38.0},{"not_picked":["KouPou+1","MakuraSeki","SuitokuNoKyoryu","MusuNoYume","DochyakuKami+1"],"picked":"SKIP","floor":42.0},{"not_picked":["NingyouSP+1","SeishiRoten+1","RikonNoKama+1","LunaticRedEyes+1","HenyouMirume"],"picked":"SKIP","floor":44.0},{"not_picked":["NarrowSpark+1","ShyakuBuku","MakuraSeki","LittleLegion+1","NingyouSP+1"],"picked":"SKIP","floor":45.0},{"not_picked":["KokorosuKi+1","KimairaNoYoku","DochyakuKami+1","Agarareta+1","KinbakuJin+1"],"picked":"SKIP","floor":47.0}],"player_experience":374963,"relics_obtained":[{"floor":1.0,"key":"SynthV:TestCard"},{"floor":6.0,"key":"AT_ForceNature"},{"floor":8.0,"key":"AT_ChloranthyRing"},{"floor":9.0,"key":"Anchor"},{"floor":14.0,"key":"Darkstone Periapt"},{"floor":23.0,"key":"testmod-CyclicPeriapt"},{"floor":25.0,"key":"Letter Opener"},{"floor":26.0,"key":"AT_RedTearstoneRing"},{"floor":27.0,"key":"FossilizedHelix"},{"floor":31.0,"key":"testmod-IndustrialRevolution"},{"floor":42.0,"key":"testmod-Nyarlathotep"},{"floor":43.0,"key":"Whetstone"},{"floor":43.0,"key":"Frozen Egg 2"},{"floor":47.0,"key":"Bronze Scales"}],"event_choices":[{"damage_healed":0.0,"max_hp_gain":0.0,"max_hp_loss":0.0,"gold_gain":0.0,"event_name":"给自己的盒子","player_choice":"Ignored","floor":21.0,"gold_loss":0.0,"damage_taken":0.0},{"damage_healed":0.0,"max_hp_gain":0.0,"max_hp_loss":0.0,"gold_gain":400.0,"event_name":"恩洛斯的盘子","player_choice":"Sell","floor":36.0,"relics_lost":["testmod-TestBox"],"gold_loss":0.0,"damage_taken":0.0}],"is_beta":false,"boss_relics":[{"not_picked":["Busted Crown","xbg"],"picked":"testmod-DeterminationOfClimber"},{"not_picked":["Fusion Hammer","ReiryokuShyu"],"picked":"SlaversCollar"}],"items_purged_floors":[37,48],"is_endless":false,"potions_floor_spawned":[3,4,8,12,22,29,30,35,38,42],"ascension_level":13}}