{"host":"94qggqh0xz0sp6ai","time":1609733402,"event":{"mods":["Abigail Mod","Act Like it!","BaseMod","CapriCore","Downfall","Friendly Minions","Gensokyo","Hermit","Jorbs\u0027s Wanderer Trilogy","Koishi","Marisa（霧雨　魔理沙）","Minty Spire (QoL Compilation)","Permanent Neow","Reimu（博??梦）","StSLib","The Alterego","The Construct","The Cursed","The Hierophant","The Immortal","The Senshi","The Servant 0.9.4","TheBandit","Waifu the Spire"],"gold_per_floor":[110,126,99,99,126,126,164,164,189,230,269,281,293,293],"floor_reached":13,"playtime":480,"items_purged":[],"score":145,"play_id":"74504f80-b466-4acc-a429-54d578fe7bee","local_time":"20210103221002","is_ascension_mode":true,"campfire_choices":[{"data":"Koishi:SubconsciousSweep","floor":6,"key":"SMITH"},{"floor":8,"key":"REST"},{"floor":12,"key":"REST"}],"circlet_count":0,"master_deck":["AscendersBane","Koishi:BasicStrike","Koishi:BasicStrike","Koishi:BasicStrike","Koishi:BasicDefend","Koishi:BasicDefend","Koishi:BasicDefend","Koishi:BasicDefend","Koishi:Provoke","Koishi:HauntingSlash","Koishi:IdleWhim","Koishi:HeartfeltFancy","Koishi:RacingHeart","Koishi:SubconsciousSweep+1","Koishi:SpiritedAway","Koishi:FidgetySnatcher","Koishi:Prune"],"relics":["Koishi:ImaginaryFriend","CeramicFish","WingedGreaves","MawBank"],"acts_visited":["Exordium"],"potions_floor_usage":[],"damage_taken":[{"damage":12,"enemies":"Jaw Worm","floor":1,"turns":9},{"damage":24,"enemies":"Cultist","floor":2,"turns":6},{"damage":0,"enemies":"2 Louse","floor":5,"turns":6},{"damage":19,"enemies":"3 Sentries","floor":7,"turns":7},{"damage":8,"enemies":"Blue Slaver","floor":10,"turns":4},{"damage":13,"enemies":"2 Fungi Beasts","floor":11,"turns":5},{"damage":25,"enemies":"Lagavulin","floor":13,"turns":7}],"seed_played":"-8670535250156114811","potions_obtained":[{"floor":1,"key":"ZuzhouPotion:ReiMu"}],"is_trial":false,"path_per_floor":["M","M","?","T","M","R","E","R","T","M","M","R","E"],"character_chosen":"KOISHI","items_purchased":[],"campfire_rested":2,"item_purchase_floors":[],"current_hp_per_floor":[44,22,22,22,27,27,8,25,25,18,5,22,0,0],"gold":293,"neow_bonus":"TRANSFORM_CARD","is_daily":false,"chose_seed":false,"campfire_upgraded":1,"win_rate":0.0,"timestamp":1609733402,"path_taken":["M","M","?","?","M","R","E","R","T","?","M","R","E"],"items_purchased_type":[],"build_version":"2020-12-22","purchased_purges":0,"victory":false,"max_hp_per_floor":[57,57,57,57,57,57,57,57,57,57,57,57,57,57],"card_choices":[{"not_picked":["Koishi:VengefulSpirit","Koishi:BloodcurdlingScream"],"picked":"Koishi:HeartfeltFancy","floor":1},{"not_picked":["Koishi:ParalyzingFear","Koishi:Possession"],"picked":"Koishi:RacingHeart","floor":2},{"not_picked":["Koishi:TraumaticStroke","Koishi:PredatoryInstincts"],"picked":"Koishi:SubconsciousSweep","floor":5},{"not_picked":["Koishi:StingingMind","Koishi:ParalyzingFear"],"picked":"Koishi:SpiritedAway","floor":7},{"not_picked":["Koishi:Heartbroken","Koishi:ApparitionsStalkTheNight"],"picked":"Koishi:FidgetySnatcher","floor":10},{"not_picked":["Koishi:RacingHeart","Koishi:IdleWhim"],"picked":"Koishi:Prune","floor":11}],"player_experience":1400212,"relics_obtained":[{"floor":4,"key":"CeramicFish"},{"floor":7,"key":"WingedGreaves"},{"floor":9,"key":"MawBank"}],"event_choices":[{"damage_healed":0,"gold_gain":0,"player_choice":"Left Gold","damage_taken":0,"max_hp_gain":0,"max_hp_loss":0,"event_name":"World of Goop","floor":3,"gold_loss":27}],"is_beta":false,"boss_relics":[],"items_purged_floors":[],"is_endless":false,"potions_floor_spawned":[1,5],"killed_by":"Lagavulin","ascension_level":14}}