{"host":"fjaupvxe7fzqrf4j","time":1609777839,"event":{"mods":["ATMod(°¢èªMod)","BaseMod","Minty Spire (QoL Compilation)","StSLib"],"gold_per_floor":[112,112,37,53,53,83,115,142,191,218,243,273,307,333,333,404,404,415,305,316,49,49,77,77,111,111,146,177,205,155,190,190,267,267,285,125,125,125,125,155,189,214,214,244,244,271,271,297,297,297,297,297,297,125,200,225],"floor_reached":57,"playtime":1124,"items_purged":["Quick Slash","Dagger Throw","Prepared+1"],"score":4780,"play_id":"761b05ce-25e8-45cf-8033-326b08d3b19f","local_time":"20210105003039","daily_mods":["SealedDeck","Heirloom","Time Dilation","Flight","Elite Swarm"],"is_ascension_mode":true,"campfire_choices":[{"data":"Adrenaline","floor":15.0,"key":"SMITH"},{"data":"AT_WindFlip","floor":24.0,"key":"PURGE"},{"data":"AT_Desolate","floor":32.0,"key":"SMITH"},{"data":"Decay","floor":47.0,"key":"PURGE"},{"floor":49.0,"key":"RECALL"},{"data":"AT_KingSlayer+1","floor":53.0,"key":"PURGE"}],"circlet_count":0,"master_deck":["AscendersBane","PiercingWail+1","Backflip+1","Concentrate+1","AT_ShadowStep+1","AT_Desolate+1","Acrobatics+1","Grand Finale+1","Adrenaline+1","Tactician+1","AT_KingSlayer+1"],"relics":["Ring of the Snake","AT_ATBox","Peace Pipe","AT_DeathDance","AT_SunfireAegis","Toxic Egg 2","AT_BladeRuinedKing","Mummified Hand","White Beast Statue","Odd Mushroom","Shuriken","Dream Catcher","Runic Dome","AT_PhaseBoots","Nilry\u0027s Codex","Meat on the Bone","TungstenRod","War Paint","Smiling Mask","AT_SilvercatRing","AT_LudenTempest","HoveringKite","Juzu Bracelet","AT_ImmortalShieldbow","StrikeDummy","Gambling Chip","AT_ArchangelStaff","Paper Crane","InkBottle","Whetstone","Pantograph","AT_MibuBalloonWealth","Sundial"],"acts_visited":["Exordium","TheCity","TheBeyond","TheEnding"],"potions_floor_usage":[56,56],"damage_taken":[{"damage":0.0,"enemies":"2 Louse","floor":1.0,"turns":1.0},{"damage":0.0,"enemies":"Cultist","floor":4.0,"turns":2.0},{"damage":0.0,"enemies":"3 Sentries","floor":6.0,"turns":2.0},{"damage":0.0,"enemies":"Lagavulin","floor":7.0,"turns":1.0},{"damage":0.0,"enemies":"Gremlin Nob","floor":8.0,"turns":1.0},{"damage":0.0,"enemies":"Lagavulin","floor":10.0,"turns":1.0},{"damage":0.0,"enemies":"Gremlin Nob","floor":11.0,"turns":1.0},{"damage":0.0,"enemies":"The Mushroom Lair","floor":12.0,"turns":1.0},{"damage":0.0,"enemies":"3 Sentries","floor":13.0,"turns":1.0},{"damage":0.0,"enemies":"Gremlin Nob","floor":14.0,"turns":2.0},{"damage":0.0,"enemies":"Slime Boss","floor":16.0,"turns":1.0},{"damage":0.0,"enemies":"2 Thieves","floor":18.0,"turns":1.0},{"damage":0.0,"enemies":"3 Byrds","floor":20.0,"turns":1.0},{"damage":0.0,"enemies":"Slavers","floor":23.0,"turns":1.0},{"damage":0.0,"enemies":"Book of Stabbing","floor":25.0,"turns":1.0},{"damage":0.0,"enemies":"Slavers","floor":27.0,"turns":1.0},{"damage":0.0,"enemies":"Gremlin Leader","floor":28.0,"turns":1.0},{"damage":0.0,"enemies":"Slavers","floor":29.0,"turns":1.0},{"damage":0.0,"enemies":"Gremlin Leader","floor":31.0,"turns":1.0},{"damage":0.0,"enemies":"Automaton","floor":33.0,"turns":1.0},{"damage":0.0,"enemies":"3 Darklings","floor":35.0,"turns":1.0},{"damage":0.0,"enemies":"Giant Head","floor":40.0,"turns":1.0},{"damage":0.0,"enemies":"Nemesis","floor":41.0,"turns":1.0},{"damage":0.0,"enemies":"Reptomancer","floor":42.0,"turns":1.0},{"damage":0.0,"enemies":"Giant Head","floor":44.0,"turns":1.0},{"damage":0.0,"enemies":"Reptomancer","floor":46.0,"turns":1.0},{"damage":0.0,"enemies":"Nemesis","floor":48.0,"turns":1.0},{"damage":0.0,"enemies":"Donu and Deca","floor":50.0,"turns":1.0},{"damage":0.0,"enemies":"Time Eater","floor":51.0,"turns":1.0},{"damage":0.0,"enemies":"Shield and Spear","floor":55.0,"turns":1.0},{"damage":32,"enemies":"The Heart","floor":56,"turns":4}],"seed_played":"2342074372824911914","potions_obtained":[{"floor":4.0,"key":"DistilledChaos"},{"floor":16.0,"key":"CultistPotion"},{"floor":18.0,"key":"SkillPotion"},{"floor":20.0,"key":"DistilledChaos"}],"is_trial":true,"path_per_floor":["M","?","$","M","?","E","E","E","T","E","E","?","E","E","R","B",null,"M","?","M","$","?","E","R","E","T","E","E","E","$","E","R","B",null,"M","$","?","T","?","E","E","E","T","E","?","E","R","E","R","B","B",null,"R","$","E","B",null],"character_chosen":"THE_SILENT","items_purchased":["AT_SpeedBoots","Juzu Bracelet","AT_MibuBalloonWealth"],"campfire_rested":0,"item_purchase_floors":[21,36,54],"current_hp_per_floor":[59,59,59,59,59,59,59,59,59,59,59,59,59,59,59,59,64,64,64,64,64,43,43,43,43,43,43,43,43,43,43,43,43,60,60,60,60,60,60,60,60,60,60,60,60,60,60,60,60,66,66,66,66,66,66,34],"gold":225,"neow_bonus":"","is_daily":false,"chose_seed":false,"campfire_upgraded":2,"win_rate":0.0,"timestamp":1609777839,"path_taken":["M","?","$","?","?","E","E","E","T","E","E","?","E","E","R","BOSS","M","?","?","$","?","E","R","E","T","E","E","E","$","E","R","BOSS","M","$","?","?","?","E","E","E","T","E","?","E","R","E","R","BOSS","BOSS","R","$","E","BOSS"],"items_purchased_type":["Relic","Relic","Relic"],"build_version":"2020-12-22","purchased_purges":3,"victory":true,"max_hp_per_floor":[66,66,66,66,66,66,66,66,66,66,66,66,66,66,66,66,66,66,66,66,66,66,66,66,66,66,66,66,66,66,66,66,66,66,66,66,66,66,66,66,66,66,66,66,66,66,66,66,66,66,66,66,66,66,66,66],"card_choices":[{"not_picked":["Acrobatics","Flying Knee","Outmaneuver"],"picked":"SKIP","floor":1.0},{"not_picked":["Footwork","Caltrops","Quick Slash"],"picked":"SKIP","floor":4.0},{"not_picked":["Tools of the Trade","Storm of Steel"],"picked":"Grand Finale","floor":6.0},{"not_picked":["Malaise","Glass Knife"],"picked":"Adrenaline","floor":7.0},{"not_picked":["Venomology+1","Wraith Form v2","Doppelganger+1"],"picked":"SKIP","floor":8.0},{"not_picked":["A Thousand Cuts","Storm of Steel+1"],"picked":"After Image","floor":10.0},{"not_picked":["A Thousand Cuts","After Image"],"picked":"AT_KingSlayer","floor":11.0},{"not_picked":["Deadly Poison+1","AT_KneejerkReflex"],"picked":"Prepared+1","floor":12.0},{"not_picked":["Venomology+1","Burst+1","Tools of the Trade"],"picked":"SKIP","floor":13.0},{"not_picked":["Envenom","Night Terror+1","Corpse Explosion+1"],"picked":"SKIP","floor":14.0},{"not_picked":["Choke","PiercingWail+1","Sucker Punch"],"picked":"SKIP","floor":18.0},{"not_picked":["AT_WindFlip","Slice+1"],"picked":"Tactician+1","floor":20.0},{"not_picked":["AT_MyraUnstableElement+1","Bullet Time+1","Die Die Die"],"picked":"SKIP","floor":23.0},{"not_picked":["Adrenaline+1","AT_KingSlayer","Venomology+1"],"picked":"SKIP","floor":25.0},{"not_picked":["Tools of the Trade","Malaise+1","Envenom"],"picked":"SKIP","floor":27.0},{"not_picked":["Bullet Time+1","Tools of the Trade","Burst+1"],"picked":"SKIP","floor":28.0},{"not_picked":["AT_MyraUnstableElement+1","Wraith Form v2","Storm of Steel+1"],"picked":"SKIP","floor":29.0},{"not_picked":["Wraith Form v2","Malaise+1","Tools of the Trade"],"picked":"SKIP","floor":31.0},{"not_picked":["Outmaneuver+1","Cloak And Dagger+1","Concentrate+1"],"picked":"SKIP","floor":35.0},{"not_picked":["AT_MyraUnstableElement+1","Glass Knife","Phantasmal Killer+1"],"picked":"SKIP","floor":40.0},{"not_picked":["AT_EssenceShift","Venomology+1","Envenom"],"picked":"SKIP","floor":41.0},{"not_picked":["Phantasmal Killer+1","Envenom","Tools of the Trade"],"picked":"SKIP","floor":42.0},{"not_picked":["Storm of Steel+1","Doppelganger+1","Wraith Form v2"],"picked":"SKIP","floor":44.0},{"not_picked":["Malaise+1","Wraith Form v2","Storm of Steel+1"],"picked":"SKIP","floor":46.0},{"not_picked":["Corpse Explosion+1","Die Die Die","Venomology+1"],"picked":"SKIP","floor":48.0},{"not_picked":["AT_MyraUnstableElement+1","Die Die Die","Venomology+1"],"picked":"SKIP","floor":55.0}],"player_experience":344921,"relics_obtained":[{"floor":6.0,"key":"AT_DeathDance"},{"floor":7.0,"key":"AT_SunfireAegis"},{"floor":8.0,"key":"Toxic Egg 2"},{"floor":9.0,"key":"AT_BladeRuinedKing"},{"floor":10.0,"key":"Mummified Hand"},{"floor":11.0,"key":"White Beast Statue"},{"floor":12.0,"key":"Odd Mushroom"},{"floor":13.0,"key":"Shuriken"},{"floor":14.0,"key":"Dream Catcher"},{"floor":22.0,"key":"Nilry\u0027s Codex"},{"floor":23.0,"key":"Meat on the Bone"},{"floor":25.0,"key":"TungstenRod"},{"floor":27.0,"key":"War Paint"},{"floor":28.0,"key":"Smiling Mask"},{"floor":29.0,"key":"AT_SilvercatRing"},{"floor":31.0,"key":"AT_LudenTempest"},{"floor":38.0,"key":"AT_ImmortalShieldbow"},{"floor":40.0,"key":"StrikeDummy"},{"floor":41.0,"key":"Gambling Chip"},{"floor":42.0,"key":"AT_ArchangelStaff"},{"floor":43.0,"key":"Paper Crane"},{"floor":44.0,"key":"InkBottle"},{"floor":46.0,"key":"Whetstone"},{"floor":48.0,"key":"Pantograph"},{"floor":55.0,"key":"Sundial"}],"event_choices":[{"damage_healed":0.0,"max_hp_gain":0.0,"max_hp_loss":0.0,"gold_gain":0.0,"event_name":"Upgrade Shrine","player_choice":"Upgraded","floor":2.0,"gold_loss":0.0,"damage_taken":0.0,"cards_upgraded":["Concentrate"]},{"damage_healed":0.0,"max_hp_gain":0.0,"max_hp_loss":0.0,"gold_gain":0.0,"event_name":"Living Wall","player_choice":"Grow","floor":5.0,"gold_loss":0.0,"damage_taken":0.0,"cards_upgraded":["Acrobatics"]},{"damage_healed":0.0,"max_hp_gain":0.0,"max_hp_loss":0.0,"gold_gain":0.0,"event_name":"Mushrooms","player_choice":"Fought Mushrooms","floor":12.0,"gold_loss":0.0,"damage_taken":0.0},{"cards_removed":["Underhanded Strike"],"damage_healed":0.0,"max_hp_gain":0.0,"max_hp_loss":0.0,"gold_gain":0.0,"event_name":"Designer","player_choice":"Upgrade and Remove","floor":19.0,"gold_loss":110.0,"damage_taken":0.0,"cards_upgraded":["Grand Finale"]},{"damage_healed":0.0,"max_hp_gain":0.0,"max_hp_loss":0.0,"gold_gain":0.0,"event_name":"Cursed Tome","player_choice":"Obtained Book","floor":22.0,"gold_loss":0.0,"damage_taken":21.0},{"cards_removed":["After Image"],"damage_healed":0.0,"max_hp_gain":0.0,"max_hp_loss":0.0,"gold_gain":0.0,"event_name":"Falling","player_choice":"Removed Power","floor":37.0,"gold_loss":0.0,"damage_taken":0.0},{"damage_healed":0.0,"max_hp_gain":0.0,"max_hp_loss":0.0,"gold_gain":0.0,"event_name":"Duplicator","player_choice":"Copied","floor":39.0,"gold_loss":0.0,"damage_taken":0.0,"cards_obtained":["AT_KingSlayer"]},{"damage_healed":0.0,"max_hp_gain":0.0,"max_hp_loss":0.0,"gold_gain":0.0,"event_name":"Wheel of Change","player_choice":"Cursed","floor":45.0,"gold_loss":0.0,"damage_taken":0.0,"cards_obtained":["Decay"]}],"is_beta":false,"boss_relics":[{"not_picked":["Ectoplasm","Coffee Dripper"],"picked":"Runic Dome"},{"not_picked":["Philosopher\u0027s Stone","Astrolabe"],"picked":"HoveringKite"}],"items_purged_floors":[3,21,30],"is_endless":false,"potions_floor_spawned":[4,6,8,11,12,13,14,16,18,20,23,25,27,28,29,31,33,35,40,41,42,44,46,48,55],"ascension_level":20}}