{"host":"18wi9kpcl4eah7pe","time":1609734243,"event":{"mods":["BaseMod","Colored Powertips","Downfall","Minty Spire (QoL Compilation)","StSLib"],"gold_per_floor":[99,99,99,99,99,99,99,110,285,304,229,262,187,187,202,299,299,299,313,78,63,81,109,109,109,121,135,135,135,135,135],"floor_reached":29,"playtime":1285,"items_purged":["Doubt"],"score":263,"play_id":"c21aa530-f355-436b-b4f5-b9b9b5851602","local_time":"20210103222403","is_ascension_mode":true,"campfire_choices":[{"floor":1.0,"key":"RECALL"},{"data":"hexamod:SoulSteal","floor":11.0,"key":"SMITH"},{"data":"hexamod:SpectersWail","floor":13.0,"key":"SMITH"},{"data":"hexamod:ApocalypseNow","floor":18.0,"key":"SMITH"},{"floor":25.0,"key":"REST"}],"circlet_count":0,"master_deck":["hexamod:Strike","hexamod:Strike","hexamod:Strike","hexamod:Strike","hexamod:Defend","hexamod:Defend","hexamod:Defend","hexamod:Defend","hexamod:Sear","hexamod:Float","hexamod:AdvancingGuard","hexamod:SpectersWail+1","hexamod:NightmareGuise","hexamod:SoulSteal+1","hexamod:EmpoweredFlame","hexamod:GhostOfSpirePresent","hexamod:ApocalypseNow+1","hexamod:PhantomCloak","hexamod:BurningTouch","hexamod:TimeWarp","hexamod:ChargedBarrage","hexamod:PowerFromBeyond","hexamod:HeatMetal","hexamod:GhostLash"],"relics":["hexamod:SpiritBrand","downfall:HeartsMalice","Bag of Preparation","downfall:HeartBlessingRed","Omamori","downfall:HeartBlessingGreen","SlaversCollar","Potion Belt","hexamod:MatchstickCase","Shuriken"],"acts_visited":["Exordium","TheCity"],"potions_floor_usage":[],"damage_taken":[{"damage":0.0,"enemies":"Cultist","floor":2.0,"turns":1.0},{"damage":0.0,"enemies":"Jaw Worm","floor":4.0,"turns":1.0},{"damage":0.0,"enemies":"2 Louse","floor":6.0,"turns":1.0},{"damage":4.0,"enemies":"Lots of Slimes","floor":8.0,"turns":2.0},{"damage":0.0,"enemies":"Red Slaver","floor":10.0,"turns":3.0},{"damage":3.0,"enemies":"3 Sentries","floor":12.0,"turns":8.0},{"damage":1.0,"enemies":"3 Louse","floor":15.0,"turns":2.0},{"damage":29.0,"enemies":"downfall:Watcher","floor":16.0,"turns":12.0},{"damage":7.0,"enemies":"Spheric Guardian","floor":19.0,"turns":5.0},{"damage":6.0,"enemies":"downfall:FleeingMerchant","floor":20.0,"turns":4.0},{"damage":3.0,"enemies":"downfall:FleeingMerchant","floor":21.0,"turns":4.0},{"damage":25.0,"enemies":"Snake Plant","floor":22.0,"turns":3.0},{"damage":21.0,"enemies":"Book of Stabbing","floor":23.0,"turns":6.0},{"damage":25.0,"enemies":"Snecko","floor":26.0,"turns":7.0},{"damage":0.0,"enemies":"3 Cultists","floor":27.0,"turns":4.0},{"damage":12,"enemies":"Centurion and Healer","floor":29,"turns":4}],"seed_played":"3053871748133455484","potions_obtained":[{"floor":5.0,"key":"EssenceOfSteel"},{"floor":5.0,"key":"SkillPotion"},{"floor":5.0,"key":"Ancient Potion"},{"floor":12.0,"key":"SneckoOil"},{"floor":15.0,"key":"ColorlessPotion"},{"floor":16.0,"key":"Dexterity Potion"},{"floor":22.0,"key":"Explosive Potion"},{"floor":26.0,"key":"Ancient Potion"},{"floor":27,"key":"LiquidMemories"}],"is_trial":false,"path_per_floor":["R","M","?","M","?","M","T","M","?","M","R","E","R","?","M","B",null,"R","M","$","$","M","E","T","R","M","M","?","M"],"character_chosen":"THE_SPIRIT","items_purchased":["Potion Belt"],"campfire_rested":1,"item_purchase_floors":[20],"current_hp_per_floor":[70,70,70,70,70,70,70,66,66,66,66,63,63,63,62,33,70,70,63,57,54,29,8,8,29,4,4,4,0,0,0],"gold":135,"neow_bonus":"THREE_ENEMY_KILL","is_daily":false,"chose_seed":false,"campfire_upgraded":3,"win_rate":0.0,"timestamp":1609734243,"path_taken":["R","M","?","M","?","?","T","M","?","M","R","E","R","?","M","BOSS","R","M","?","$","?","E","T","R","M","M","?","?"],"items_purchased_type":["Relic"],"build_version":"2020-12-22","purchased_purges":1,"victory":false,"max_hp_per_floor":[70,70,70,70,70,70,70,70,70,70,70,70,70,70,70,70,70,70,70,70,70,70,70,70,70,70,70,70,70,70,70],"card_choices":[{"not_picked":["hexamod:RetreatToShadows","hexamod:PowerFromBeyond"],"picked":"hexamod:AdvancingGuard","floor":2.0},{"not_picked":["hexamod:GhostLash","hexamod:NightmareGuise"],"picked":"hexamod:SpectersWail","floor":4.0},{"not_picked":["hexamod:GhostLash","hexamod:NightmareStrike"],"picked":"hexamod:NightmareGuise","floor":6.0},{"not_picked":["hexamod:AdvancingGuard","hexamod:ShieldOfDarkness"],"picked":"hexamod:SoulSteal","floor":8.0},{"not_picked":["hexamod:Firestarter","hexamod:NightmareGuise"],"picked":"hexamod:EmpoweredFlame","floor":10.0},{"not_picked":["hexamod:TimeWarp","hexamod:StepThrough"],"picked":"hexamod:GhostOfSpirePresent","floor":12.0},{"not_picked":["hexamod:NightmareGuise","hexamod:RetreatToShadows"],"picked":"hexamod:AdvancingGuard","floor":15.0},{"not_picked":["hexamod:TimeWarp","hexamod:Toasty"],"picked":"hexamod:ApocalypseNow","floor":16.0},{"not_picked":["hexamod:ThermalTransfer","hexamod:RainOfEmbers"],"picked":"hexamod:PhantomCloak","floor":19.0},{"not_picked":["hexamod:GhostShield","hexamod:FastForward"],"picked":"hexamod:BurningTouch","floor":20.0},{"not_picked":["hexamod:AdvancingGuard","hexamod:SoulSteal"],"picked":"hexamod:TimeWarp","floor":21.0},{"not_picked":["hexamod:SecondSeal","hexamod:GhostLash"],"picked":"hexamod:ChargedBarrage","floor":22.0},{"not_picked":["hexamod:Firestarter","hexamod:SuperheatedStrike"],"picked":"hexamod:PowerFromBeyond","floor":23.0},{"not_picked":["hexamod:Hexaguard+1","hexamod:GhostOfSpirePast"],"picked":"hexamod:HeatMetal","floor":26.0},{"not_picked":["hexamod:BacktrackSmack","hexamod:BurningTouch"],"picked":"hexamod:GhostLash","floor":27}],"player_experience":867464,"relics_obtained":[{"floor":7.0,"key":"Bag of Preparation"},{"floor":12.0,"key":"Omamori"},{"floor":23.0,"key":"hexamod:MatchstickCase"},{"floor":24.0,"key":"Shuriken"}],"event_choices":[{"damage_healed":0.0,"max_hp_gain":0.0,"max_hp_loss":0.0,"gold_gain":0.0,"event_name":"Lab","player_choice":"Got Potions","floor":5.0,"gold_loss":0.0,"damage_taken":0.0},{"cards_removed":["hexamod:AdvancingGuard"],"damage_healed":0,"gold_gain":0,"player_choice":"Card Removal","damage_taken":0,"max_hp_gain":0,"max_hp_loss":0,"event_name":"Wheel of Change","floor":28,"gold_loss":0}],"is_beta":false,"boss_relics":[{"not_picked":["Velvet Choker","Sozu"],"picked":"SlaversCollar"}],"items_purged_floors":[20],"is_endless":false,"potions_floor_spawned":[8,12,15,16,22,26,27],"killed_by":"Centurion and Healer","ascension_level":2}}