{"host":"2se5dq1do2gp0x9k","time":1609721753,"event":{"mods":["AchievementEnabler","BaseMod","Block Reminder","Colored Map","Colored Powertips","Minty Spire (QoL Compilation)","Relic Stats","StSLib","SuperFastMode"],"gold_per_floor":[14,14,34,49,49,49,76,92,92,15,15,15,27,41,41,143,143,155,180,213,136,136,136,161,161,187,187,218,233,243,72,72,175,175,193,212,212,212,212],"floor_reached":38,"playtime":1879,"items_purged":[],"score":639,"play_id":"2e6cf1a0-bb1f-468b-b788-7184a721fb8d","local_time":"20210103165553","is_ascension_mode":true,"campfire_choices":[{"data":"Magnetism","floor":6,"key":"SMITH"},{"floor":11,"key":"REST"},{"data":"MasterReality","floor":15,"key":"SMITH"},{"data":"Establishment","floor":23,"key":"SMITH"},{"floor":25,"key":"REST"},{"data":"WheelKick","floor":27,"key":"SMITH"},{"floor":32,"key":"REST"}],"circlet_count":0,"master_deck":["AscendersBane","Eruption+1","Vigilance","Magnetism+1","BowlingBash+1","EmptyFist","EmptyBody","DeceiveReality","MasterReality+1","MentalFortress","Crescendo","Judgement","Perseverance","Swivel","Establishment+1","FollowUp","CarveReality","EmptyMind","WindmillStrike+1","Protect+1","CarveReality","WheelKick+1","ThirdEye","Meditate","Secret Weapon","Blasphemy","Crescendo"],"relics":["PureWater","Nunchaku","Happy Flower","Bottled Flame","Pandora\u0027s Box","Whetstone","Red Mask","Smiling Mask","Tiny Chest","Letter Opener","Fusion Hammer"],"acts_visited":["Exordium","TheCity","TheBeyond"],"potions_floor_usage":[7,20,33,36],"damage_taken":[{"damage":1.0,"enemies":"2 Louse","floor":1.0,"turns":3.0},{"damage":6,"enemies":"Cultist","floor":3,"turns":5},{"damage":11,"enemies":"Jaw Worm","floor":4,"turns":4},{"damage":14,"enemies":"3 Sentries","floor":7,"turns":9},{"damage":7,"enemies":"3 Louse","floor":8,"turns":5},{"damage":0,"enemies":"Exordium Thugs","floor":13,"turns":4},{"damage":6,"enemies":"Gremlin Gang","floor":14,"turns":7},{"damage":19,"enemies":"The Guardian","floor":16,"turns":12},{"damage":22,"enemies":"2 Thieves","floor":18,"turns":4},{"damage":16,"enemies":"Masked Bandits","floor":20,"turns":4},{"damage":59,"enemies":"Gremlin Leader","floor":24,"turns":7},{"damage":24,"enemies":"Book of Stabbing","floor":28,"turns":5},{"damage":0,"enemies":"Chosen","floor":29,"turns":6},{"damage":1,"enemies":"Centurion and Healer","floor":30,"turns":5},{"damage":22,"enemies":"Collector","floor":33,"turns":7},{"damage":16,"enemies":"Orb Walker","floor":35,"turns":3},{"damage":20,"enemies":"3 Darklings","floor":36,"turns":4},{"damage":57,"enemies":"Transient","floor":38,"turns":3}],"seed_played":"3217400797399505727","potions_obtained":[{"floor":4,"key":"Swift Potion"},{"floor":8,"key":"FearPotion"},{"floor":28,"key":"Strength Potion"},{"floor":29,"key":"StancePotion"}],"is_trial":false,"path_per_floor":["M","?","M","M","T","R","E","M","T","$","R","$","M","M","R","B",null,"M","T","?","$","?","R","E","R","T","R","E","M","M","$","R","B",null,"M","M","?","M"],"character_chosen":"WATCHER","items_purchased":["MentalFortress","CarveReality","Secret Weapon"],"campfire_rested":3,"item_purchase_floors":[10,21,31],"current_hp_per_floor":[64,64,58,47,47,47,33,26,26,26,47,47,47,41,41,22,60,38,38,22,22,72,72,13,34,34,34,10,10,9,9,30,8,56,40,20,13,0,0],"gold":212,"neow_bonus":"RANDOM_COLORLESS_2","is_daily":false,"chose_seed":false,"campfire_upgraded":4,"win_rate":0.0,"timestamp":1609721753,"path_taken":["M","?","?","M","?","R","E","M","T","$","R","$","M","M","R","BOSS","M","?","?","?","?","R","E","R","T","R","E","M","M","$","R","BOSS","M","M","?","?"],"items_purchased_type":["Card","Card","Card"],"build_version":"2020-12-22","purchased_purges":0,"victory":false,"max_hp_per_floor":[72,72,72,72,72,72,72,72,72,72,72,72,72,72,72,72,72,72,72,72,72,72,72,72,72,72,72,72,72,72,72,72,72,72,72,72,72,72,72],"relic_stats":{"Nunchaku":[14],"Happy Flower":[25],"counters":[18,97],"Pandora\u0027s Box":["Judgement","Perseverance","Swivel","Establishment","FollowUp","CarveReality","EmptyMind"],"Tiny Chest":0,"Whetstone":["BowlingBash","Eruption"],"Letter Opener":[85],"Smiling Mask":0,"obtain_stats":[{"Nunchaku":5,"Bottled Flame":9,"Happy Flower":7,"Pandora\u0027s Box":17,"Tiny Chest":26,"Fusion Hammer":34,"Red Mask":20,"Whetstone":19,"Letter Opener":28,"PureWater":0,"Smiling Mask":24},{"Nunchaku":3,"Bottled Flame":5,"Happy Flower":4,"Pandora\u0027s Box":8,"Tiny Chest":11,"Fusion Hammer":15,"Red Mask":10,"Whetstone":9,"Letter Opener":12,"PureWater":0,"Smiling Mask":11},{"Nunchaku":12,"Bottled Flame":26,"Happy Flower":21,"Pandora\u0027s Box":49,"Tiny Chest":64,"Fusion Hammer":87,"Red Mask":57,"Whetstone":53,"Letter Opener":69,"PureWater":0,"Smiling Mask":64}]},"card_choices":[{"not_picked":["Master of Strategy","Violence"],"picked":"Magnetism","floor":0.0},{"not_picked":["EmptyFist","EmptyMind"],"picked":"BowlingBash","floor":1},{"not_picked":["Halt","Collect"],"picked":"EmptyFist","floor":3},{"not_picked":["Weave","TalkToTheHand"],"picked":"EmptyBody","floor":4},{"not_picked":["Protect","EmptyFist"],"picked":"DeceiveReality","floor":7},{"not_picked":["Consecrate","SignatureMove"],"picked":"MasterReality","floor":8},{"not_picked":["EmptyFist","BowlingBash"],"picked":"Crescendo","floor":13},{"not_picked":["BowlingBash","EmptyFist","WreathOfFlame"],"picked":"SKIP","floor":14},{"not_picked":["Swivel+1","PathToVictory+1"],"picked":"WindmillStrike+1","floor":18},{"not_picked":["Perseverance","Consecrate+1"],"picked":"Protect+1","floor":20},{"not_picked":["Tantrum","Adaptation"],"picked":"WheelKick","floor":24},{"not_picked":["FollowUp","EmptyBody","LikeWater"],"picked":"SKIP","floor":28},{"not_picked":["Consecrate+1","Collect"],"picked":"ThirdEye","floor":29},{"not_picked":["Weave","Halt"],"picked":"Meditate","floor":30},{"not_picked":["Scrawl","LessonLearned"],"picked":"Blasphemy","floor":33},{"not_picked":["WreathOfFlame+1","ReachHeaven"],"picked":"Crescendo","floor":35},{"not_picked":["DeceiveReality+1","Wireheading","CrushJoints+1"],"picked":"SKIP","floor":36}],"player_experience":3749699,"relics_obtained":[{"floor":5,"key":"Nunchaku"},{"floor":7,"key":"Happy Flower"},{"floor":9,"key":"Bottled Flame"},{"floor":19,"key":"Whetstone"},{"floor":20,"key":"Red Mask"},{"floor":24,"key":"Smiling Mask"},{"floor":26,"key":"Tiny Chest"},{"floor":28,"key":"Letter Opener"}],"event_choices":[{"cards_removed":["Strike_P"],"damage_healed":0,"gold_gain":0,"player_choice":"Card Removal","damage_taken":0,"max_hp_gain":0,"max_hp_loss":0,"event_name":"Wheel of Change","floor":2,"gold_loss":0},{"damage_healed":0,"gold_gain":0,"player_choice":"Fought Bandits","damage_taken":0,"max_hp_gain":0,"max_hp_loss":0,"event_name":"Masked Bandits","floor":20,"gold_loss":0},{"damage_healed":50,"gold_gain":0,"player_choice":"Full Heal","damage_taken":0,"max_hp_gain":0,"max_hp_loss":0,"event_name":"Wheel of Change","floor":22,"gold_loss":0},{"damage_healed":0,"gold_gain":0,"player_choice":"Damaged","damage_taken":7,"max_hp_gain":0,"max_hp_loss":0,"event_name":"Wheel of Change","floor":37,"gold_loss":0}],"is_beta":false,"boss_relics":[{"not_picked":["Coffee Dripper","Velvet Choker"],"picked":"Pandora\u0027s Box"},{"not_picked":["Calling Bell","Empty Cage"],"picked":"Fusion Hammer"}],"items_purged_floors":[],"is_endless":false,"potions_floor_spawned":[4,8,28,29,30],"killed_by":"Transient","ascension_level":11}}