{"host":"6999i8eg5ewbhdiq","time":1609792695,"event":{"mods":["AchievementEnabler","BaseMod","Colored Map","Colored Powertips","Highlight Path","Minty Spire (QoL Compilation)"],"gold_per_floor":[216,235,247,260,277,277,291,62,62,91,108,108,122,122,122,219,219,233,233,251,264,279,279,309,19,44,44,44,44,44,69,69,174,174,186,201,220,220,220],"floor_reached":38,"playtime":1656,"items_purged":["Strike_B"],"score":425,"play_id":"fe9db864-5408-4cde-866a-07e4d146c5d1","local_time":"20210104213815","is_ascension_mode":false,"campfire_choices":[{"data":"Loop","floor":6.0,"key":"SMITH"},{"data":"Loop","floor":12.0,"key":"SMITH"},{"floor":15.0,"key":"REST"},{"floor":23.0,"key":"REST"},{"floor":28.0,"key":"REST"},{"data":"Echo Form","floor":32.0,"key":"SMITH"}],"circlet_count":0,"master_deck":["Defend_B","Defend_B","Defend_B","Defend_B","Zap","Dualcast","Tempest","Ball Lightning","Self Repair","Loop+1","Electrodynamics","Loop+1","Redo","Leap","Thunder Strike","Echo Form+1","FTL","Heatsinks+1","Leap","Self Repair","Bite","Bite","Bite","Bite","Bite","Shame","Thunder Strike","Tempest"],"relics":["Cracked Core","PreservedInsect","Mango","Bag of Preparation","Busted Crown","WingedGreaves","Matryoshka","Bronze Scales","DataDisk","Blood Vial","Eternal Feather","Omamori","Cursed Key"],"acts_visited":["Exordium","TheCity","TheBeyond"],"potions_floor_usage":[36,36,38],"damage_taken":[{"damage":1.0,"enemies":"Jaw Worm","floor":1.0,"turns":3.0},{"damage":1.0,"enemies":"Cultist","floor":2.0,"turns":3.0},{"damage":0.0,"enemies":"Small Slimes","floor":3.0,"turns":3.0},{"damage":5.0,"enemies":"Looter","floor":4.0,"turns":3.0},{"damage":33.0,"enemies":"Gremlin Gang","floor":5.0,"turns":6.0},{"damage":13.0,"enemies":"Red Slaver","floor":7.0,"turns":4.0},{"damage":19.0,"enemies":"Lagavulin","floor":10.0,"turns":4.0},{"damage":8.0,"enemies":"Exordium Wildlife","floor":11.0,"turns":4.0},{"damage":0.0,"enemies":"3 Louse","floor":13.0,"turns":1.0},{"damage":43.0,"enemies":"The Guardian","floor":16.0,"turns":10.0},{"damage":22.0,"enemies":"3 Byrds","floor":18.0,"turns":3.0},{"damage":20.0,"enemies":"Chosen","floor":20.0,"turns":5.0},{"damage":22.0,"enemies":"Sentry and Sphere","floor":21.0,"turns":4.0},{"damage":18.0,"enemies":"Snake Plant","floor":22.0,"turns":3.0},{"damage":40.0,"enemies":"Slavers","floor":24.0,"turns":4.0},{"damage":51.0,"enemies":"Collector","floor":33.0,"turns":6.0},{"damage":23.0,"enemies":"Orb Walker","floor":35.0,"turns":4.0},{"damage":33,"enemies":"3 Darklings","floor":36,"turns":3},{"damage":34,"enemies":"Jaw Worm Horde","floor":37,"turns":3},{"damage":38,"enemies":"Transient","floor":38,"turns":3}],"seed_played":"6596069865201794746","potions_obtained":[{"floor":1.0,"key":"Block Potion"},{"floor":3.0,"key":"Regen Potion"},{"floor":5.0,"key":"Dexterity Potion"},{"floor":7.0,"key":"Energy Potion"},{"floor":11.0,"key":"EssenceOfSteel"},{"floor":13.0,"key":"ColorlessPotion"},{"floor":22.0,"key":"LiquidMemories"},{"floor":24.0,"key":"FocusPotion"},{"floor":33.0,"key":"Energy Potion"},{"floor":35.0,"key":"EssenceOfSteel"},{"floor":37,"key":"EssenceOfSteel"}],"is_trial":false,"path_per_floor":["M","M","M","M","M","R","M","$","T","E","M","R","M","?","R","B",null,"M","?","M","M","M","R","E","$","T","$","R","?","?","T","R","B",null,"M","M","M","M"],"character_chosen":"DEFECT","items_purchased":["PreservedInsect","Self Repair","Matryoshka"],"campfire_rested":3,"item_purchase_floors":[8,25,25],"current_hp_per_floor":[74,73,73,75,58,58,52,52,66,54,53,53,53,53,79,36,89,74,74,61,53,42,68,28,28,28,28,54,54,54,54,62,13,62,60,45,19,0,0],"gold":220,"neow_bonus":"HUNDRED_GOLD","is_daily":false,"chose_seed":false,"campfire_upgraded":3,"win_rate":0.0,"timestamp":1609792695,"path_taken":["M","M","M","M","M","R","M","$","T","E","M","R","M","?","R","BOSS","M","?","M","M","?","R","E","$","T","$","R","?","?","?","R","BOSS","M","M","M","?"],"items_purchased_type":["Relic","Card","Relic"],"build_version":"2020-12-22","purchased_purges":1,"victory":false,"max_hp_per_floor":[75,75,75,75,75,75,75,75,89,89,89,89,89,89,89,89,89,89,89,89,89,89,89,89,89,89,89,89,62,62,62,62,62,62,62,62,62,62,62],"card_choices":[{"not_picked":["Recycle","Melter"],"picked":"Tempest","floor":1.0},{"not_picked":["Capacitor","Steam"],"picked":"Ball Lightning","floor":2.0},{"not_picked":["Chaos","Chill"],"picked":"Self Repair","floor":3.0},{"not_picked":["Darkness","Capacitor"],"picked":"Loop","floor":4.0},{"not_picked":["Sweeping Beam","Coolheaded"],"picked":"Electrodynamics","floor":5.0},{"not_picked":["Skim","Recycle"],"picked":"Loop","floor":7.0},{"not_picked":["Coolheaded","Steam Power"],"picked":"Redo","floor":10.0},{"not_picked":["Gash","Coolheaded","Ball Lightning"],"picked":"SKIP","floor":11.0},{"not_picked":["Rebound","Beam Cell"],"picked":"Leap","floor":13.0},{"not_picked":["Machine Learning","Meteor Strike"],"picked":"Thunder Strike","floor":16.0},{"not_picked":["Steam+1"],"picked":"SKIP","floor":18.0},{"not_picked":["Consume"],"picked":"SKIP","floor":20.0},{"not_picked":[],"picked":"Heatsinks+1","floor":21.0},{"not_picked":[],"picked":"Leap","floor":22.0},{"not_picked":["Core Surge"],"picked":"SKIP","floor":24.0},{"not_picked":[],"picked":"Thunder Strike","floor":33.0},{"not_picked":[],"picked":"Tempest","floor":35.0},{"not_picked":["Turbo+1"],"picked":"SKIP","floor":36},{"not_picked":["Barrage+1"],"picked":"SKIP","floor":37}],"player_experience":128816,"relics_obtained":[{"floor":9.0,"key":"Mango"},{"floor":10.0,"key":"Bag of Preparation"},{"floor":24.0,"key":"WingedGreaves"},{"floor":26.0,"key":"Bronze Scales"},{"floor":26.0,"key":"DataDisk"},{"floor":31.0,"key":"Eternal Feather"},{"floor":31.0,"key":"Omamori"}],"event_choices":[{"damage_healed":0.0,"max_hp_gain":0.0,"max_hp_loss":0.0,"gold_gain":0.0,"event_name":"Dead Adventurer","player_choice":"Searched \u00270\u0027 times","floor":14.0,"gold_loss":0.0,"damage_taken":0.0},{"damage_healed":0.0,"max_hp_gain":0.0,"max_hp_loss":0.0,"gold_gain":0.0,"event_name":"Match and Keep!","player_choice":"2 cards matched","floor":19.0,"gold_loss":0.0,"damage_taken":0.0,"cards_obtained":["Echo Form","FTL"]},{"damage_healed":0.0,"max_hp_gain":0.0,"max_hp_loss":27.0,"gold_gain":0.0,"event_name":"Vampires","player_choice":"Became a vampire","floor":29.0,"gold_loss":0.0,"damage_taken":0.0,"cards_obtained":["Bite","Bite","Bite","Bite","Bite"]},{"damage_healed":0.0,"max_hp_gain":0.0,"max_hp_loss":0.0,"gold_gain":0.0,"event_name":"Addict","player_choice":"Stole Relic","floor":30.0,"gold_loss":0.0,"damage_taken":0.0,"relics_obtained":["Blood Vial"],"cards_obtained":["Shame"]}],"is_beta":false,"boss_relics":[{"not_picked":["Inserter","Tiny House"],"picked":"Busted Crown"},{"not_picked":["Empty Cage","Calling Bell"],"picked":"Cursed Key"}],"items_purged_floors":[8],"is_endless":false,"potions_floor_spawned":[1,3,5,7,11,13,22,24,33,35,37],"killed_by":"Transient","ascension_level":0}}