{"host":"gkp57zoegrd3f2ij","time":1609724728,"event":{"mods":["BaseMod","Colored Map","Colored Powertips","Downfall","Minty Spire (QoL Compilation)","StSLib"],"gold_per_floor":[109,128,101,101,21,45,81,81,81,81,115,140,140,154,154,273,273,298,348,76,90,115,154,154,154,154],"floor_reached":25,"playtime":1052,"items_purged":[],"score":266,"play_id":"0e4cae79-0024-46f1-a857-9bd29e56e93c","local_time":"20210104024528","is_ascension_mode":true,"campfire_choices":[{"data":"Armaments","floor":8,"key":"SMITH"},{"data":"Uppercut","floor":10,"key":"SMITH"},{"data":"Bash","floor":13,"key":"SMITH"},{"floor":15,"key":"REST"},{"floor":24,"key":"REST"}],"circlet_count":0,"master_deck":["Strike_R","Strike_R","Strike_R","Strike_R","Strike_R","Defend_R","Defend_R","Defend_R","Defend_R","Bash+1","Pommel Strike","Cleave","Injury","Armaments+1","Uppercut+1","Rampage+1","Demon Form","Limit Break","Heavy Blade+1","Shrug It Off","Feed+1","Headbutt+1"],"relics":["Burning Blood","Golden Idol","Molten Egg 2","Meat on the Bone","Lantern","Sozu","Anchor","Sundial"],"acts_visited":["Exordium","TheCity"],"potions_floor_usage":[11,16,16],"damage_taken":[{"damage":14,"enemies":"Jaw Worm","floor":1,"turns":3},{"damage":0,"enemies":"2 Louse","floor":2,"turns":2},{"damage":0,"enemies":"Cultist","floor":6,"turns":4},{"damage":17,"enemies":"Gremlin Nob","floor":7,"turns":4},{"damage":30,"enemies":"3 Sentries","floor":11,"turns":5},{"damage":15,"enemies":"Exordium Thugs","floor":12,"turns":5},{"damage":8,"enemies":"Looter","floor":14,"turns":3},{"damage":26,"enemies":"Hexaghost","floor":16,"turns":7},{"damage":57,"enemies":"Spheric Guardian","floor":18,"turns":6},{"damage":7,"enemies":"Shell Parasite","floor":21,"turns":4},{"damage":21,"enemies":"3 Cultists","floor":22,"turns":6},{"damage":21,"enemies":"Book of Stabbing","floor":23,"turns":4},{"damage":89,"enemies":"Gremlin Leader","floor":25,"turns":6}],"seed_played":"-6632244206501645570","potions_obtained":[{"floor":1,"key":"SteroidPotion"},{"floor":2,"key":"DistilledChaos"},{"floor":14,"key":"SneckoOil"}],"is_trial":false,"path_per_floor":["M","M","?","?","$","M","E","R","T","R","E","M","R","M","R","B",null,"M","?","$","M","M","E","R","E"],"character_chosen":"IRONCLAD","items_purchased":["Armaments","Uppercut","Anchor","Shrug It Off","Feed+1"],"campfire_rested":2,"item_purchase_floors":[5,5,20,20,20],"current_hp_per_floor":[80,86,86,86,86,88,77,77,77,77,53,56,56,54,80,60,88,49,49,49,60,61,58,85,0,0],"gold":154,"neow_bonus":"TEN_PERCENT_HP_BONUS","is_daily":false,"chose_seed":false,"campfire_upgraded":3,"win_rate":0.0,"timestamp":1609724728,"path_taken":["M","M","?","?","$","M","E","R","T","R","E","M","R","M","R","BOSS","M","?","$","?","M","E","R","E"],"items_purchased_type":["Card","Card","Relic","Card","Card"],"build_version":"2020-12-22","purchased_purges":0,"victory":false,"max_hp_per_floor":[88,88,88,88,88,88,88,88,88,88,88,88,88,88,88,88,88,88,88,88,88,92,92,92,92,92],"card_choices":[{"not_picked":["Rage","Iron Wave"],"picked":"Pommel Strike","floor":1},{"not_picked":["Dropkick","Perfected Strike"],"picked":"Cleave","floor":2},{"not_picked":["Rage","Headbutt","Clash"],"picked":"SKIP","floor":6},{"not_picked":["Fire Breathing","Cleave+1"],"picked":"Rampage+1","floor":7},{"not_picked":["Sword Boomerang+1","Clothesline+1","Clash+1"],"picked":"SKIP","floor":11},{"not_picked":["Thunderclap+1","Bloodletting","Wild Strike+1"],"picked":"SKIP","floor":12},{"not_picked":["Burning Pact","Iron Wave+1"],"picked":"Demon Form","floor":14},{"not_picked":["Immolate+1","Bludgeon+1"],"picked":"Limit Break","floor":16},{"not_picked":["Shrug It Off","Havoc"],"picked":"Heavy Blade+1","floor":18},{"not_picked":["Shrug It Off","Juggernaut","Perfected Strike+1"],"picked":"SKIP","floor":21},{"not_picked":["Pommel Strike+1","Sentinel","Wild Strike+1"],"picked":"SKIP","floor":22},{"not_picked":["Brutality","Twin Strike+1"],"picked":"Headbutt+1","floor":23}],"player_experience":234594,"relics_obtained":[{"floor":7,"key":"Molten Egg 2"},{"floor":9,"key":"Meat on the Bone"},{"floor":11,"key":"Lantern"},{"floor":23,"key":"Sundial"}],"event_choices":[{"damage_healed":0,"gold_gain":0,"player_choice":"Left Gold","damage_taken":0,"max_hp_gain":0,"max_hp_loss":0,"event_name":"World of Goop","floor":3,"gold_loss":27},{"damage_healed":0,"gold_gain":0,"player_choice":"Take Wound","damage_taken":0,"relics_obtained":["Golden Idol"],"max_hp_gain":0,"max_hp_loss":0,"event_name":"Golden Idol","floor":4,"gold_loss":0,"cards_obtained":["Injury"]},{"damage_healed":0,"gold_gain":100,"player_choice":"Bet on Murderer","damage_taken":0,"max_hp_gain":0,"max_hp_loss":0,"event_name":"The Joust","floor":19,"gold_loss":50}],"is_beta":false,"boss_relics":[{"not_picked":["Runic Cube","Tiny House"],"picked":"Sozu"}],"items_purged_floors":[],"is_endless":false,"potions_floor_spawned":[1,2,14,22,23],"killed_by":"Gremlin Leader","ascension_level":3}}