{"host":"x6tlfgqpy55vgxdn","time":1609749857,"event":{"mods":["AchievementEnabler","BaseMod","DeckTracker","Minty Spire (QoL Compilation)","Permanent Neow","StSLib","SuperFastMode"],"gold_per_floor":[117,132,207,218,236,236,236,236,236,259,259,286,286,301,301,375,375,387,486,498,514,531,542,577,590,590,590,603,528,562,637,637,711,711,723,740,757,1082,1092,1121,507,507,507,533,533,443,443,460,460,460,460,460,25,60,60],"floor_reached":56,"playtime":3462,"items_purged":["Defend_B","Defend_B","Biased Cognition"],"score":1907,"play_id":"6c1be722-f845-4d34-a937-94b91fd8d3bd","local_time":"20210104174417","is_ascension_mode":true,"campfire_choices":[{"data":"Defragment","floor":6.0,"key":"SMITH"},{"data":"Self Repair","floor":8.0,"key":"SMITH"},{"data":"Dualcast","floor":11.0,"key":"SMITH"},{"data":"Recycle","floor":15.0,"key":"SMITH"},{"data":"Capacitor","floor":27.0,"key":"SMITH"},{"data":"Defragment","floor":32.0,"key":"SMITH"},{"data":"Coolheaded","floor":47.0,"key":"SMITH"},{"floor":49.0,"key":"RECALL"},{"data":"Skim","floor":52.0,"key":"SMITH"}],"circlet_count":0,"master_deck":["AscendersBane","Dualcast+1","Doom and Gloom","Defragment+1","Self Repair+1","Chill","Barrage","Recycle+1","Compile Driver+1","Chill+1","Capacitor+1","Skim+1","Defragment+1","Meteor Strike+1","Leap+1","Doom and Gloom+1","Echo Form+1","Coolheaded+1","Gash","Madness","Madness","Capacitor"],"relics":["Cracked Core","Oddly Smooth Stone","StoneCalendar","Sozu","Bronze Scales","Kunai","Regal Pillow","Astrolabe","Old Coin","InkBottle","Bag of Preparation","Shovel","Bottled Lightning","Akabeko","Nunchaku","Lee\u0027s Waffle","White Beast Statue"],"acts_visited":["Exordium","TheCity","TheBeyond","TheEnding"],"potions_floor_usage":[],"damage_taken":[{"damage":1.0,"enemies":"Cultist","floor":1.0,"turns":3.0},{"damage":12.0,"enemies":"Jaw Worm","floor":2.0,"turns":4.0},{"damage":0.0,"enemies":"2 Louse","floor":4.0,"turns":3.0},{"damage":11.0,"enemies":"Blue Slaver","floor":5.0,"turns":4.0},{"damage":32.0,"enemies":"Gremlin Nob","floor":12.0,"turns":4.0},{"damage":9.0,"enemies":"Looter","floor":14.0,"turns":3.0},{"damage":8.0,"enemies":"Hexaghost","floor":16.0,"turns":9.0},{"damage":30.0,"enemies":"2 Thieves","floor":18.0,"turns":4.0},{"damage":0.0,"enemies":"3 Byrds","floor":20.0,"turns":5.0},{"damage":1.0,"enemies":"Snecko","floor":21.0,"turns":6.0},{"damage":22.0,"enemies":"Snake Plant","floor":22.0,"turns":5.0},{"damage":14.0,"enemies":"Shelled Parasite and Fungi","floor":23.0,"turns":7.0},{"damage":6.0,"enemies":"Gremlin Leader","floor":24.0,"turns":8.0},{"damage":9.0,"enemies":"Chosen and Byrds","floor":25.0,"turns":5.0},{"damage":4.0,"enemies":"Sentry and Sphere","floor":28.0,"turns":5.0},{"damage":27.0,"enemies":"Slavers","floor":30.0,"turns":5.0},{"damage":12.0,"enemies":"Champ","floor":33.0,"turns":9.0},{"damage":2.0,"enemies":"3 Shapes","floor":35.0,"turns":6.0},{"damage":8.0,"enemies":"Orb Walker","floor":36.0,"turns":3.0},{"damage":30.0,"enemies":"Spire Growth","floor":37.0,"turns":7.0},{"damage":6.0,"enemies":"Mind Bloom Boss Battle","floor":38.0,"turns":6.0},{"damage":0.0,"enemies":"Jaw Worm Horde","floor":39.0,"turns":4.0},{"damage":39.0,"enemies":"Nemesis","floor":40.0,"turns":6.0},{"damage":24.0,"enemies":"Reptomancer","floor":44.0,"turns":7.0},{"damage":0.0,"enemies":"Sphere and 2 Shapes","floor":48.0,"turns":7.0},{"damage":33.0,"enemies":"Time Eater","floor":50.0,"turns":9.0},{"damage":66.0,"enemies":"Shield and Spear","floor":54.0,"turns":7.0},{"damage":79,"enemies":"The Heart","floor":55,"turns":5}],"seed_played":"5673441914373382486","potions_obtained":[{"floor":1.0,"key":"Energy Potion"},{"floor":5.0,"key":"Fire Potion"},{"floor":14.0,"key":"EssenceOfDarkness"},{"floor":16.0,"key":"FocusPotion"}],"is_trial":false,"path_per_floor":["M","M","?","M","M","R","?","R","T","T","R","E","?","M","R","B",null,"M","?","M","M","M","M","E","M","T","R","M","$","E","?","R","B",null,"M","M","M","?","M","E","$","?","T","E","?","?","R","M","R","B",null,"R","$","E","B",null],"character_chosen":"DEFECT","items_purchased":["Bag of Preparation","Coolheaded","Gash","Shovel","Nunchaku","Lee\u0027s Waffle"],"campfire_rested":0,"item_purchase_floors":[41,41,41,41,53,53],"current_hp_per_floor":[67,55,44,44,33,33,38,38,38,38,38,16,16,17,17,19,60,40,40,50,59,47,43,47,48,48,48,54,54,37,30,30,28,62,70,62,42,46,56,27,27,27,27,23,14,14,14,34,34,11,58,58,80,34,53],"gold":60,"neow_bonus":"REMOVE_TWO","is_daily":false,"chose_seed":false,"campfire_upgraded":8,"win_rate":0.0,"timestamp":1609749857,"path_taken":["M","?","?","M","M","R","?","R","T","?","R","E","?","?","R","BOSS","M","?","M","M","M","M","E","M","T","R","M","$","E","?","R","BOSS","M","M","?","?","M","E","$","?","T","E","?","?","R","M","R","BOSS","R","$","E","BOSS"],"items_purchased_type":["Relic","Card","Card","Relic","Relic","Relic"],"build_version":"2020-12-22","purchased_purges":3,"victory":true,"max_hp_per_floor":[68,68,68,68,68,68,73,73,73,73,73,73,73,73,73,73,73,73,73,73,73,73,73,73,73,73,73,73,73,73,73,73,73,73,73,73,73,73,73,73,73,73,73,73,73,73,73,73,73,73,73,73,80,80,80],"card_choices":[{"not_picked":["BootSequence","Hologram"],"picked":"Doom and Gloom","floor":1.0},{"not_picked":["Ball Lightning","Sunder"],"picked":"Defragment","floor":2.0},{"not_picked":["Turbo","Auto Shields","Blizzard"],"picked":"SKIP","floor":4.0},{"not_picked":["Skim","Lockon"],"picked":"Self Repair","floor":5.0},{"not_picked":["White Noise","Leap"],"picked":"Chill","floor":12.0},{"not_picked":["Storm","Rebound"],"picked":"Recycle","floor":14.0},{"not_picked":["Hyperbeam","All For One"],"picked":"Biased Cognition","floor":16.0},{"not_picked":["Redo","Sweeping Beam"],"picked":"Compile Driver+1","floor":18.0},{"not_picked":["Reprogram+1","Sweeping Beam+1"],"picked":"Chill+1","floor":20.0},{"not_picked":["Consume","Stack","Storm+1"],"picked":"SKIP","floor":21.0},{"not_picked":["Consume","Stack","Storm+1"],"picked":"SKIP","floor":21.0},{"not_picked":["Steam","Stack"],"picked":"Capacitor","floor":22.0},{"not_picked":["Ball Lightning","Rebound+1","Redo+1"],"picked":"SKIP","floor":23.0},{"not_picked":["Ball Lightning","Rebound+1","Redo+1"],"picked":"SKIP","floor":23.0},{"not_picked":["Ball Lightning","Rebound+1","Redo+1"],"picked":"SKIP","floor":23.0},{"not_picked":["Sweeping Beam","All For One","Rip and Tear"],"picked":"SKIP","floor":24.0},{"not_picked":["Rip and Tear","Hello World"],"picked":"Skim","floor":25.0},{"not_picked":["Streamline","White Noise","Gash"],"picked":"SKIP","floor":28.0},{"not_picked":["Streamline","White Noise","Gash"],"picked":"SKIP","floor":28.0},{"not_picked":["Double Energy","Lockon"],"picked":"Defragment","floor":30.0},{"not_picked":["Chill","Barrage","Hologram"],"picked":"SKIP","floor":35.0},{"not_picked":["Redo","Compile Driver","Defragment"],"picked":"SKIP","floor":36.0},{"not_picked":["White Noise","Barrage","Go for the Eyes"],"picked":"SKIP","floor":37.0},{"not_picked":["White Noise","Barrage","Go for the Eyes"],"picked":"SKIP","floor":37.0},{"not_picked":["Hello World","Streamline","Go for the Eyes"],"picked":"SKIP","floor":39.0},{"not_picked":["Redo","Melter"],"picked":"Echo Form","floor":40.0},{"not_picked":["Gash","Steam Power","Stack"],"picked":"SKIP","floor":44.0},{"not_picked":["Turbo","Gash+1","Ball Lightning"],"picked":"SKIP","floor":48.0},{"not_picked":["BootSequence","Coolheaded"],"picked":"Capacitor","floor":54.0}],"player_experience":223006,"relics_obtained":[{"floor":10.0,"key":"Oddly Smooth Stone"},{"floor":12.0,"key":"StoneCalendar"},{"floor":24.0,"key":"Bronze Scales"},{"floor":26.0,"key":"Kunai"},{"floor":30.0,"key":"Regal Pillow"},{"floor":38.0,"key":"Old Coin"},{"floor":40.0,"key":"InkBottle"},{"floor":43.0,"key":"Bottled Lightning"},{"floor":44.0,"key":"Akabeko"},{"floor":54.0,"key":"White Beast Statue"}],"event_choices":[{"damage_healed":0.0,"max_hp_gain":0.0,"max_hp_loss":0.0,"gold_gain":75.0,"event_name":"World of Goop","player_choice":"Gather Gold","floor":3.0,"gold_loss":0.0,"damage_taken":11.0},{"damage_healed":0.0,"max_hp_gain":5.0,"max_hp_loss":0.0,"gold_gain":0.0,"event_name":"Big Fish","player_choice":"Donut","floor":7.0,"gold_loss":0.0,"damage_taken":0.0},{"damage_healed":0.0,"max_hp_gain":0.0,"max_hp_loss":0.0,"gold_gain":0.0,"cards_transformed":["Strike_B"],"event_name":"Living Wall","player_choice":"Change","floor":13.0,"gold_loss":0.0,"damage_taken":0.0,"cards_obtained":["Barrage"]},{"damage_healed":0.0,"max_hp_gain":0.0,"max_hp_loss":0.0,"gold_gain":99.0,"event_name":"Nest","player_choice":"Stole From Cult","floor":19.0,"gold_loss":0.0,"damage_taken":0.0},{"damage_healed":0.0,"max_hp_gain":0.0,"max_hp_loss":0.0,"gold_gain":75.0,"event_name":"FaceTrader","player_choice":"Touch","floor":31.0,"gold_loss":0.0,"damage_taken":7.0},{"damage_healed":0.0,"max_hp_gain":0.0,"max_hp_loss":0.0,"gold_gain":0.0,"event_name":"MindBloom","player_choice":"Fight","floor":38.0,"gold_loss":0.0,"damage_taken":0.0},{"damage_healed":0.0,"max_hp_gain":0.0,"max_hp_loss":0.0,"gold_gain":0.0,"event_name":"Tomb of Lord Red Mask","player_choice":"Ignored","floor":42.0,"gold_loss":0.0,"damage_taken":0.0},{"damage_healed":0.0,"max_hp_gain":0.0,"max_hp_loss":0.0,"gold_gain":0.0,"event_name":"Winding Halls","player_choice":"Embrace Madness","floor":45.0,"gold_loss":0.0,"damage_taken":9.0,"cards_obtained":["Madness","Madness"]},{"cards_removed":["Zap"],"damage_healed":0.0,"max_hp_gain":0.0,"max_hp_loss":0.0,"gold_gain":0.0,"event_name":"Designer","player_choice":"Upgrade and Remove","floor":46.0,"gold_loss":90.0,"damage_taken":0.0,"cards_upgraded":["Echo Form"]}],"is_beta":false,"boss_relics":[{"not_picked":["Ectoplasm","SlaversCollar"],"picked":"Sozu"},{"not_picked":["Busted Crown","Snecko Eye"],"picked":"Astrolabe"}],"items_purged_floors":[29,41,53],"is_endless":false,"potions_floor_spawned":[1,5,14,16,20,22,24,28,33,38,39,40,44],"ascension_level":13}}