{"host":"8u40nq559zpgb6zp","time":1609772912,"event":{"mods":["Aspiration","Bard","BaseMod","Beaked The Cultist","Better Altar","Better Match","Better Note","Better Sensory Stone","Better Skull","Better Third Choice","BetterRewards","CCEM","Clawfect","Conspire","Duelist Mod","Googly Eyes","Halation","Hermit","Highlight Path","Infinite Spire","Jedi Mod","Jorbs\u0027s Wanderer Trilogy","Mad Scientist","Marisa（霧雨　魔理沙）","Minty Spire (QoL Compilation)","Permanent Neow","Replay The Spire","Shade Mod","Shop Mod","Spicy Shops","StSLib","The Bladedancer","The Construct","The Cursed","The Disciple","The Druid","The Gatherer","The Hierophant","The IronCluck","The Jungle","The Mystic","The Necromancer","The Runesmith","The Senshi","The Servant 0.9.4","The Spell Scribe","The Witch","slay the spire mod where everything is the same but ironclad has a cowboy hat"],"gold_per_floor":[118,133,133,151,4,4,4,14,14,33,45,56,56,74,74,174,174,192,192,33,53,64,64,83,83,107,122,122,122,122],"floor_reached":29,"playtime":1700,"items_purged":[],"score":246,"play_id":"90271fb1-d46c-4fba-ae19-df772e199d7b","local_time":"20210104100832","is_ascension_mode":false,"campfire_choices":[{"data":"infinitespire:UltimateForm","floor":6,"key":"SMITH"},{"data":"jedi:overflow","floor":13,"key":"SMITH"},{"floor":15,"key":"REST"},{"floor":23,"key":"REST"},{"data":"Loop","floor":25,"key":"SMITH"}],"circlet_count":0,"master_deck":["Gash+1","Gash","Gash","Gash","Gash","Defend_B","Defend_B","Defend_B","Defend_B","Defend_B","Conserve Battery","jedi:locknload+1","infinitespire:UltimateForm+1","Darkness+1","jedi:overflow+1","Writhe","Clawfect:ClawLightning","Clawfect:ClawpileDriver","Meteor Strike","Clawfect:ClawSnap","Creative AI","Gash+1","Loop+1","Clawfect:ClawSnap","jedi:hex","Glacier","conspire:NecroticWound","Darkness+1"],"relics":["Cursed Key","Guide Book","halation:Trompette","aspiration:MysteriousAuxiliaryCore","Bag of Preparation"],"acts_visited":["Exordium","TheCity"],"potions_floor_usage":[4,10,16],"damage_taken":[{"damage":0,"enemies":"Small Slimes","floor":1,"turns":4},{"damage":0,"enemies":"Cultist","floor":2,"turns":5},{"damage":0,"enemies":"2 Louse","floor":4,"turns":3},{"damage":18,"enemies":"Exordium Thugs","floor":8,"turns":5},{"damage":7,"enemies":"Blue Slaver","floor":10,"turns":4},{"damage":0,"enemies":"2 Fungi Beasts","floor":11,"turns":3},{"damage":5,"enemies":"Looter","floor":12,"turns":4},{"damage":12,"enemies":"Large Slime","floor":14,"turns":5},{"damage":25,"enemies":"Slime Boss","floor":16,"turns":4},{"damage":20,"enemies":"3 Byrds","floor":18,"turns":5},{"damage":19,"enemies":"Shell Parasite","floor":21,"turns":5},{"damage":15,"enemies":"Snecko","floor":22,"turns":4},{"damage":12,"enemies":"Snake Plant","floor":24,"turns":3},{"damage":7,"enemies":"Centurion and Healer","floor":27,"turns":6},{"damage":37,"enemies":"Nightmare","floor":29,"turns":5}],"seed_played":"-3606111667769628799","potions_obtained":[{"floor":1,"key":"AttackPotion"},{"floor":10,"key":"Fruit Juice"},{"floor":16,"key":"Fruit Juice"},{"floor":27,"key":"Venom Potion"}],"is_trial":false,"path_per_floor":["M","M","?","M","$","R","?","M","T","M","M","M","R","M","R","B",null,"M","?","$","M","M","R","M","R","T","M","?","NM"],"character_chosen":"DEFECT","items_purchased":["Guide Book","aspiration:MysteriousAuxiliaryCore","Loop"],"campfire_rested":2,"item_purchase_floors":[5,20,20],"current_hp_per_floor":[75,75,57,57,57,57,57,39,39,37,37,32,32,20,44,24,85,65,65,65,46,31,56,44,44,44,37,37,0,0],"gold":122,"neow_bonus":"BOSS_RELIC","is_daily":false,"chose_seed":false,"campfire_upgraded":3,"win_rate":0.0,"timestamp":1609772912,"path_taken":["M","M","?","M","$","R","?","M","T","M","M","M","R","?","R","BOSS","M","?","$","M","M","R","M","R","T","M","?","NM"],"items_purchased_type":["Relic","Relic","Card"],"build_version":"2020-12-22","purchased_purges":0,"victory":false,"max_hp_per_floor":[75,75,75,75,75,75,75,75,75,80,80,80,80,80,80,85,85,85,85,85,85,85,85,85,85,85,85,85,85,85],"card_choices":[{"not_picked":["Rebound","Clawfect:ScrapingClaw"],"picked":"Conserve Battery","floor":1},{"not_picked":["Coolheaded","Time Bomb"],"picked":"jedi:locknload","floor":2},{"not_picked":["ReplayTheSpireMod:Echoes of Time","Replay:Fractal Strike"],"picked":"infinitespire:UltimateForm","floor":3},{"not_picked":["Conserve Battery","jedi:BurstLightning"],"picked":"Darkness","floor":4},{"not_picked":["Loop","Hologram"],"picked":"jedi:overflow","floor":8},{"not_picked":["Force Field","Sunder"],"picked":"Clawfect:ClawLightning","floor":10},{"not_picked":["Clawfect:ClawSnap","FTL"],"picked":"Clawfect:ClawpileDriver","floor":11},{"not_picked":["Leap","Turbo"],"picked":"Meteor Strike","floor":12},{"not_picked":["Redo","Coolheaded"],"picked":"Clawfect:ClawSnap","floor":14},{"not_picked":["Thunder Strike","Buffer"],"picked":"Creative AI","floor":16},{"not_picked":["Turbo","conspire:Rain"],"picked":"Gash+1","floor":18},{"not_picked":["Redo+1","jedi:BurstFrost"],"picked":"Clawfect:ClawSnap","floor":21},{"not_picked":["Turbo","Hologram"],"picked":"jedi:hex","floor":22},{"not_picked":["Turbo","jedi:BurstFrost"],"picked":"Glacier","floor":24},{"not_picked":["jedi:hex+1","Clawfect:ScrapingClaw"],"picked":"Darkness+1","floor":27}],"player_experience":1009060,"relics_obtained":[{"floor":9,"key":"halation:Trompette"},{"floor":26,"key":"Bag of Preparation"}],"event_choices":[{"damage_healed":0,"gold_gain":0,"player_choice":"Forge","damage_taken":0,"max_hp_gain":0,"max_hp_loss":0,"event_name":"Accursed Blacksmith","floor":7,"gold_loss":0,"cards_upgraded":["Gash"]},{"damage_healed":0,"gold_gain":0,"player_choice":"Ignored","damage_taken":0,"max_hp_gain":0,"max_hp_loss":0,"event_name":"betterNote:BetterNote","floor":19,"gold_loss":0,"cards_obtained":["Clawfect:Clawter"]},{"damage_healed":0,"gold_gain":0,"player_choice":"Leave","damage_taken":0,"max_hp_gain":0,"max_hp_loss":0,"event_name":"conspire:Investor","floor":28,"gold_loss":0}],"is_beta":false,"boss_relics":[{"not_picked":["aspiration:RitualDagger","aspiration:RunicSpoon","Abe\u0027s Treasure"]}],"items_purged_floors":[],"is_endless":false,"potions_floor_spawned":[1,10,16,27],"killed_by":"Nightmare","ascension_level":0}}