{"host":"dcj2yvrgcvh5dl2s","time":1609755336,"event":{"mods":["BaseMod","Better Note","Block Reminder","Colored Powertips","DeckTracker","Minty Spire (QoL Compilation)","Quick Restart","Rare Cards Sparkle","Relic Stats","StSLib"],"gold_per_floor":[114,130,1,76,93,93,93,93,93,93,110,110,110,122,122,193,193,211,211,226,226,98,98,98,98],"floor_reached":24,"playtime":393,"items_purged":["Strike_R"],"score":350,"play_id":"3ecb8b50-f231-4491-b0ec-f60d52d3e755","local_time":"20210104201536","is_ascension_mode":true,"campfire_choices":[{"data":"Searing Blow","floor":6,"key":"SMITH"},{"data":"Searing Blow+2","floor":8,"key":"SMITH"},{"data":"Searing Blow+3","floor":10,"key":"SMITH"},{"floor":12,"key":"REST"},{"floor":15,"key":"REST"},{"floor":23,"key":"REST"}],"circlet_count":0,"master_deck":["AscendersBane","Strike_R","Strike_R","Strike_R","Strike_R","Defend_R","Defend_R","Defend_R","Defend_R","Bash","Disarm","Sword Boomerang","Searing Blow+4","Cleave","Exhume","Shrug It Off","Whirlwind"],"relics":["Burning Blood","NeowsBlessing","Strawberry","Centennial Puzzle","Busted Crown"],"acts_visited":["Exordium","TheCity"],"potions_floor_usage":[16,16,24],"damage_taken":[{"damage":0,"enemies":"Jaw Worm","floor":1,"turns":1},{"damage":0,"enemies":"Small Slimes","floor":2,"turns":1},{"damage":0,"enemies":"Cultist","floor":5,"turns":1},{"damage":49,"enemies":"Exordium Thugs","floor":11,"turns":4},{"damage":22,"enemies":"Blue Slaver","floor":14,"turns":3},{"damage":56,"enemies":"Slime Boss","floor":16,"turns":11},{"damage":35,"enemies":"Spheric Guardian","floor":18,"turns":4},{"damage":17,"enemies":"3 Byrds","floor":20,"turns":6},{"damage":29,"enemies":"Gremlin Leader","floor":24,"turns":4}],"seed_played":"-8468021200437555886","potions_obtained":[{"floor":2,"key":"PowerPotion"},{"floor":14,"key":"Fire Potion"},{"floor":16,"key":"Ancient Potion"},{"floor":20,"key":"HeartOfIron"}],"is_trial":false,"path_per_floor":["M","M","$","?","M","R","?","R","T","R","M","R","?","M","R","B",null,"M","?","M","?","$","R","E"],"character_chosen":"IRONCLAD","items_purchased":["Sword Boomerang","Shrug It Off","Whirlwind"],"campfire_rested":3,"item_purchase_floors":[3,22,22],"current_hp_per_floor":[74,75,75,64,70,70,70,70,77,77,34,58,58,42,66,16,66,37,37,26,26,26,50,21,21],"gold":98,"neow_bonus":"THREE_ENEMY_KILL","is_daily":false,"chose_seed":false,"campfire_upgraded":3,"win_rate":0.0,"timestamp":1609755336,"path_taken":["M","M","$","?","M","R","?","R","T","R","M","R","?","M","R","BOSS","M","?","M","?","$","R","E"],"items_purchased_type":["Card","Card","Card"],"build_version":"2020-12-22","purchased_purges":1,"victory":false,"max_hp_per_floor":[75,75,75,75,75,75,75,75,82,82,82,82,82,82,82,82,82,82,82,82,82,82,82,82,82],"relic_stats":{"Centennial Puzzle":[15],"Busted Crown":4,"counters":[9,35],"obtain_stats":[{"Centennial Puzzle":13,"Busted Crown":17,"NeowsBlessing":0,"Strawberry":9,"Burning Blood":0},{"Centennial Puzzle":4,"Busted Crown":6,"NeowsBlessing":0,"Strawberry":3,"Burning Blood":0},{"Centennial Puzzle":7,"Busted Crown":21,"NeowsBlessing":0,"Strawberry":3,"Burning Blood":0}],"Burning Blood":43},"card_choices":[{"not_picked":["Havoc","Pommel Strike"],"picked":"Disarm","floor":1},{"not_picked":["Warcry","Headbutt","Havoc"],"picked":"SKIP","floor":2},{"not_picked":["Heavy Blade","Clothesline"],"picked":"Searing Blow","floor":5},{"not_picked":["Blood for Blood","Clash","Anger"],"picked":"SKIP","floor":11},{"not_picked":["Searing Blow","Twin Strike"],"picked":"Cleave","floor":14},{"not_picked":["Corruption","Bludgeon"],"picked":"Exhume","floor":16},{"not_picked":["Armaments"],"picked":"SKIP","floor":18},{"not_picked":["Heavy Blade"],"picked":"SKIP","floor":20}],"player_experience":2177179,"relics_obtained":[{"floor":9,"key":"Strawberry"}],"event_choices":[{"damage_healed":0,"gold_gain":75,"player_choice":"Gather Gold","damage_taken":11,"max_hp_gain":0,"max_hp_loss":0,"event_name":"World of Goop","floor":4,"gold_loss":0},{"damage_healed":0,"gold_gain":0,"player_choice":"Grow","damage_taken":0,"max_hp_gain":0,"max_hp_loss":0,"event_name":"Living Wall","floor":7,"gold_loss":0,"cards_upgraded":["Searing Blow"]},{"damage_healed":0,"gold_gain":0,"player_choice":"Box","damage_taken":0,"relics_obtained":["Centennial Puzzle"],"max_hp_gain":0,"max_hp_loss":0,"event_name":"Big Fish","floor":13,"gold_loss":0,"cards_obtained":["Regret"]},{"damage_healed":0,"gold_gain":0,"player_choice":"Ignored","damage_taken":0,"max_hp_gain":0,"max_hp_loss":0,"event_name":"Ghosts","floor":19,"gold_loss":0},{"cards_removed":["Regret"],"damage_healed":0,"gold_gain":0,"player_choice":"Removed Curses","damage_taken":0,"max_hp_gain":0,"max_hp_loss":0,"event_name":"Fountain of Cleansing","floor":21,"gold_loss":0}],"is_beta":false,"boss_relics":[{"not_picked":["Fusion Hammer","Astrolabe"],"picked":"Busted Crown"}],"items_purged_floors":[3],"is_endless":false,"potions_floor_spawned":[2,14,16,20],"killed_by":"Gremlin Leader","ascension_level":18}}