{"host":"a1eatafr7pisesky","time":1609734645,"event":{"mods":["BaseMod","Colored Map","DeckTracker","Highlight Path","Keyboard Shortcuts","Minty Spire (QoL Compilation)","Permanent Neow","Random Character Button","StSLib","SuperFastMode","everything is the same but u backflip on backflip"],"gold_per_floor":[113,128,139,139,57,90,90,100,100,100,111,36,36,54,54,157,157,177,190,68,68,68,68],"floor_reached":22,"playtime":604,"items_purged":["Strike_B"],"score":276,"play_id":"59850972-afd5-430c-9497-39e72ecefae3","local_time":"20210104133045","is_ascension_mode":true,"campfire_choices":[{"floor":7.0,"key":"REST"},{"data":"Coolheaded","floor":10.0,"key":"SMITH"},{"floor":13.0,"key":"REST"},{"data":"Streamline","floor":15.0,"key":"SMITH"}],"circlet_count":0,"master_deck":["Strike_B","Defend_B","Defend_B","Defend_B","Zap","Dualcast","Glacier","Streamline+1","Coolheaded+1","Capacitor","Cold Snap","Glacier","Reinforced Body+1","Thunder Strike+1","Go for the Eyes+1","Defragment","Barrage","Recycle"],"relics":["Cracked Core","HornCleat","Pear","Astrolabe"],"acts_visited":["Exordium","TheCity"],"potions_floor_usage":[22],"damage_taken":[{"damage":16.0,"enemies":"Small Slimes","floor":1.0,"turns":3.0},{"damage":1.0,"enemies":"Jaw Worm","floor":2.0,"turns":5.0},{"damage":6.0,"enemies":"Cultist","floor":3.0,"turns":3.0},{"damage":47.0,"enemies":"Gremlin Nob","floor":6.0,"turns":5.0},{"damage":7.0,"enemies":"2 Fungi Beasts","floor":8.0,"turns":4.0},{"damage":9.0,"enemies":"Exordium Wildlife","floor":11.0,"turns":4.0},{"damage":18.0,"enemies":"Lots of Slimes","floor":14.0,"turns":5.0},{"damage":14.0,"enemies":"Slime Boss","floor":16.0,"turns":12.0},{"damage":36.0,"enemies":"3 Byrds","floor":18.0,"turns":10.0},{"damage":26.0,"enemies":"Spheric Guardian","floor":19.0,"turns":8.0},{"damage":18,"enemies":"Centurion and Healer","floor":22,"turns":3}],"seed_played":"-2568937214212760652","potions_obtained":[{"floor":0.0,"key":"Energy Potion"},{"floor":0.0,"key":"AttackPotion"},{"floor":0.0,"key":"ColorlessPotion"},{"floor":3.0,"key":"Ancient Potion"},{"floor":14.0,"key":"Strength Potion"},{"floor":16.0,"key":"Strength Potion"},{"floor":18.0,"key":"BlessingOfTheForge"}],"is_trial":false,"path_per_floor":["M","M","M","?","$","E","R","M","T","R","M","$","R","M","R","B",null,"M","M","$","?","M"],"character_chosen":"DEFECT","items_purchased":["Capacitor","Defragment","Barrage"],"campfire_rested":2,"item_purchase_floors":[5,20,20],"current_hp_per_floor":[52,51,45,50,50,3,27,20,30,30,21,21,48,30,30,16,72,36,10,10,10,0,0],"gold":68,"neow_bonus":"THREE_SMALL_POTIONS","is_daily":false,"chose_seed":false,"campfire_upgraded":2,"win_rate":0.0,"timestamp":1609734645,"path_taken":["M","M","M","?","$","E","R","M","T","R","M","$","R","M","R","BOSS","M","M","$","?","M"],"items_purchased_type":["Card","Card","Card"],"build_version":"2020-12-22","purchased_purges":1,"victory":false,"max_hp_per_floor":[75,75,75,80,80,80,80,80,90,90,90,90,90,90,90,90,90,90,90,90,90,90,90],"card_choices":[{"not_picked":["Hologram","Force Field"],"picked":"Glacier","floor":1.0},{"not_picked":["Redo","Creative AI"],"picked":"Streamline","floor":2.0},{"not_picked":["Genetic Algorithm","Redo"],"picked":"Coolheaded","floor":3.0},{"not_picked":["Beam Cell","Aggregate"],"picked":"Cold Snap","floor":6.0},{"not_picked":["Reinforced Body","Coolheaded","Redo"],"picked":"SKIP","floor":8.0},{"not_picked":["Force Field","Chill"],"picked":"Glacier","floor":11.0},{"not_picked":["Compile Driver","Melter","Reprogram"],"picked":"SKIP","floor":14.0},{"not_picked":["Conserve Battery","Reinforced Body","BootSequence"],"picked":"SKIP","floor":18.0},{"not_picked":["Ball Lightning","Sweeping Beam","Compile Driver"],"picked":"SKIP","floor":19.0}],"player_experience":282864,"relics_obtained":[{"floor":6.0,"key":"HornCleat"},{"floor":9.0,"key":"Pear"}],"event_choices":[{"damage_healed":0.0,"max_hp_gain":5.0,"max_hp_loss":0.0,"gold_gain":0.0,"event_name":"Big Fish","player_choice":"Donut","floor":4.0,"gold_loss":0.0,"damage_taken":0.0},{"damage_healed":0.0,"max_hp_gain":0.0,"max_hp_loss":0.0,"gold_gain":0.0,"event_name":"The Library","player_choice":"Read","floor":21.0,"gold_loss":0.0,"damage_taken":0.0,"cards_obtained":["Recycle"]}],"is_beta":false,"boss_relics":[{"not_picked":["Fusion Hammer","SlaversCollar"],"picked":"Astrolabe"}],"items_purged_floors":[12],"is_endless":false,"potions_floor_spawned":[1,3,14,16,18],"killed_by":"Centurion and Healer","ascension_level":7}}