{"host":"rgcz6yx3duq0lh14","time":1609776113,"event":{"mods":["ATMod(à¢‡ıMod)","AchievementEnabler","Act Like it!","Aspiration","Astrologer","BaseMod","CapriCore","Chen","Colored Map","Decade(â§è¨ñæ)","Friendly Minions","Gensokyo","GungeonMod","Hallownest","Hermit","Jedi Mod","KinomotoSakuraMod(ñÿîVñ{?)","Koishi","Mari Mod (Legacy)","Mari\u0027s V1 Patch","MarisaÅiñ∂âJÅ@ñÇóùçπÅj","Minty Spire (QoL Compilation)","MostiFishMod","Pale of the Ancients","Permanent Neow","Potionbrewer","Prisma Mod","Quick Restart","ReimuÅiîé??öÎÅj","Replay The Spire","Robot Space Explorer","RumiaBox-òIïƒ?ìIê_îÈ·¥éq","Spicy Shops","StSLib","The Alterego","The Animator","The Bug Knight","The Cursed","The Dragon Tamer","The Forsaken","The Gatherer","The Immortal","The Marked","The Mystic","The Poker Player","The Runesmith","The Servant 0.9.4","TheWitcher","Yakumo Yukari mod","YoumuÅiç∞ÈÆódöÎÅj","Åy?ï®?îvÅzREMEMod"],"gold_per_floor":[112,60,60,74,343,343,505,532,579,622,650,650,666,509,509,621,621,634,634,662,684,696,696,722,588,669,669,679,707,310,338,338,488,488],"floor_reached":33,"playtime":1948,"items_purged":["alterego_mod:Strike","alterego_mod:Defend"],"score":388,"play_id":"63857f1c-8e2d-4c19-bb09-246f697ed8ef","local_time":"20210105000153","is_ascension_mode":true,"campfire_choices":[{"data":"MostiFishMod:PoisonShield","floor":6,"key":"SMITH"},{"data":"alterego_mod:GoddessCore","floor":12,"key":"SMITH"},{"data":"alterego_mod:Rake","floor":15,"key":"SMITH"},{"data":"alterego_mod:Rake","floor":23,"key":"SMITH"},{"data":"alterego_mod:BigMeatyClaws","floor":27,"key":"SMITH"},{"data":"alterego_mod:Strike","floor":32,"key":"PURGE"}],"circlet_count":0,"master_deck":["alterego_mod:Strike","alterego_mod:Strike","alterego_mod:Defend","alterego_mod:Defend","alterego_mod:Defend","alterego_mod:Impale","alterego_mod:BigMeatyClaws+1","alterego_mod:BrynhildrsRune","AT_CaressingTears+1","MostiFishMod:PoisonShield+1","alterego_mod:GoddessCore+1","alterego_mod:Birthday","alterego_mod:Undulate","alterego_mod:BeGentle","alterego_mod:Bloomers+1","alterego_mod:Rake+1","alterego_mod:Rake+1","alterego_mod:VirginLaserPalladion","alterego_mod:TrashNCrash+1","alterego_mod:Punishment","Gensokyo:BlemishedSteel","Gensokyo:Shovel","alterego_mod:PresenceConcealment"],"relics":["alterego_mod:MasochisticConstitution","AT_ATBox","DaveBox","REME_ComplimentaryCards","DemoMod:RingOfEthereal","DianPoetry","SynthV:TestCard","CeramicFish","Potion Belt","DemoMod:WeirdEgg","ShadowXiaoBlade","ChiXiaoBlade","LastBattle","Vajra","DemoMod:ClearGuonStone","War Paint"],"acts_visited":["Gensokyo:Gensokyo","Gensokyo:Gensokyoer"],"potions_floor_usage":[16,24,28,31,33,33],"damage_taken":[{"damage":2,"enemies":"Gensokyo:3_Fairies","floor":1,"turns":5},{"damage":8,"enemies":"Gensokyo:2_Kodama","floor":4,"turns":4},{"damage":0,"enemies":"Gensokyo:Python","floor":5,"turns":4},{"damage":2,"enemies":"Gensokyo:LivingMonolith","floor":7,"turns":5},{"damage":11,"enemies":"Gensokyo:Mamizou","floor":8,"turns":6},{"damage":4,"enemies":"Gensokyo:Cirno","floor":10,"turns":7},{"damage":11,"enemies":"Gensokyo:Gryphon_and_Rabbit","floor":11,"turns":4},{"damage":15,"enemies":"Gensokyo:3_Kodama","floor":13,"turns":4},{"damage":27,"enemies":"Gensokyo:Yukari","floor":16,"turns":7},{"damage":3,"enemies":"Gensokyo:3_Dogs","floor":18,"turns":4},{"damage":0,"enemies":"Gensokyo:CosmicMonolith","floor":20,"turns":2},{"damage":0,"enemies":"Gensokyo:3_Gloops","floor":21,"turns":2},{"damage":0,"enemies":"Gensokyo:Chomper_and_Gloop","floor":22,"turns":3},{"damage":0,"enemies":"Gensokyo:Koishi","floor":24,"turns":3},{"damage":14,"enemies":"Gensokyo:Wraith","floor":28,"turns":4},{"damage":0,"enemies":"Gensokyo:Reisen","floor":29,"turns":2},{"damage":18,"enemies":"Gensokyo:3_Gloops","floor":31,"turns":4},{"damage":66,"enemies":"Gensokyo:Eternal_Rivals","floor":33,"turns":4}],"seed_played":"192608999926121175","potions_obtained":[{"floor":4,"key":"Weak Potion"},{"floor":7,"key":"ZuzhouPotion:ReiMu"},{"floor":8,"key":"potionbrewer:CleansingPotion"},{"floor":16,"key":"DemoMod:LeadSkinPotion"},{"floor":21,"key":"Venom Potion"},{"floor":22,"key":"Weak Potion"},{"floor":24,"key":"Swift Potion"},{"floor":31,"key":"SpeedPotion"}],"is_trial":false,"path_per_floor":["M","COS","?","M","M","R","M","E","T","E","M","R","M","$","R","B",null,"M","?","M","M","M","R","E","COS","T","R","M","E","$","M","R_BF","B"],"character_chosen":"The_Alterego","items_purchased":["alterego_mod:Rake","DemoMod:ClearGuonStone","War Paint"],"campfire_rested":0,"item_purchase_floors":[14,30,30],"current_hp_per_floor":[48,48,69,70,72,72,71,63,63,63,69,69,64,64,64,41,78,78,60,60,60,60,60,60,60,60,60,49,51,51,57,57,0,0],"gold":488,"neow_bonus":"ONE_RARE_RELIC","is_daily":false,"chose_seed":false,"campfire_upgraded":5,"win_rate":0.0,"timestamp":1609776113,"path_taken":["M","COS","?","M","M","R","M","E","T","E","M","R","?","$","R","BOSS","M","?","?","?","M","R","E","COS","T","R","M","E","$","M","R_BF","BOSS"],"items_purchased_type":["Card","Relic","Relic"],"build_version":"2020-12-22","purchased_purges":2,"victory":false,"max_hp_per_floor":[71,71,71,72,72,72,73,74,74,75,76,76,77,77,77,78,78,79,60,60,60,60,60,60,60,60,60,61,61,61,62,62,62,62],"card_choices":[{"not_picked":["alterego_mod:BiFurious","alterego_mod:Bounce"],"picked":"alterego_mod:GoddessCore","floor":1},{"not_picked":["alterego_mod:GoddessCore","alterego_mod:AlterEgo","alterego_mod:Punishment","alterego_mod:Cycle"],"picked":"alterego_mod:Birthday","floor":4},{"not_picked":["alterego_mod:Jiggle","alterego_mod:Punishment","alterego_mod:Support","alterego_mod:Rip"],"picked":"alterego_mod:Undulate","floor":5},{"not_picked":["alterego_mod:GoddessCore","alterego_mod:Jiggle","alterego_mod:DestructionOfProperty","alterego_mod:RocketPunch","alterego_mod:ChallengeComplete"],"picked":"SKIP","floor":7},{"not_picked":["alterego_mod:Undulate","alterego_mod:Swimsuit","alterego_mod:Maid","alterego_mod:Cooking","alterego_mod:Schoolgirl"],"picked":"SKIP","floor":8},{"not_picked":["alterego_mod:1TonWallop","alterego_mod:Maid","alterego_mod:PerceptionDisorder","alterego_mod:Lift"],"picked":"alterego_mod:BeGentle","floor":10},{"not_picked":["alterego_mod:DeftHands","alterego_mod:Rip","alterego_mod:Cycle","alterego_mod:PerceptionDisorder"],"picked":"alterego_mod:Bloomers","floor":11},{"not_picked":["alterego_mod:GachaTicket","alterego_mod:GoddessCore","alterego_mod:Birthday","alterego_mod:Bounce","alterego_mod:Undulate"],"picked":"SKIP","floor":13},{"not_picked":["alterego_mod:BrynhildrRomantia","alterego_mod:GIGAMILK","alterego_mod:ClassAdvantage","alterego_mod:Lift"],"picked":"alterego_mod:VirginLaserPalladion","floor":16},{"not_picked":["alterego_mod:Undulate","alterego_mod:GoddessCore","alterego_mod:HighServant","alterego_mod:Skirt","alterego_mod:Swimsuit"],"picked":"SKIP","floor":18},{"not_picked":["alterego_mod:HighServant","alterego_mod:BustOut","alterego_mod:SakuraFive+1","alterego_mod:Table"],"picked":"alterego_mod:TrashNCrash+1","floor":20},{"not_picked":["alterego_mod:GachaTicket","alterego_mod:GIGAMILK","alterego_mod:PerceptionDisorder","alterego_mod:BustOut+1"],"picked":"alterego_mod:Punishment","floor":21},{"not_picked":["alterego_mod:HighServant+1","alterego_mod:Collar","alterego_mod:SakuraLabyrinth","alterego_mod:RidiculouslyBig+1","alterego_mod:BiFurious"],"picked":"SKIP","floor":22},{"not_picked":["alterego_mod:Complex","alterego_mod:DeftHands","alterego_mod:PainIsPleasure","alterego_mod:Pet","alterego_mod:PurpleHair"],"picked":"SKIP","floor":24},{"not_picked":["alterego_mod:Collar","alterego_mod:Cooking","alterego_mod:Mirror+1","alterego_mod:Cushion","alterego_mod:Complex"],"picked":"SKIP","floor":28},{"not_picked":["alterego_mod:STier","alterego_mod:Jiggle+1","alterego_mod:1TonWallop","alterego_mod:Schoolgirl","alterego_mod:GachaTicket"],"picked":"SKIP","floor":29},{"not_picked":["alterego_mod:Pet+1","alterego_mod:Undulate","alterego_mod:Cushion","alterego_mod:Punishment"],"picked":"alterego_mod:PresenceConcealment","floor":31}],"player_experience":933917,"relics_obtained":[{"floor":1,"key":"SynthV:TestCard"},{"floor":8,"key":"CeramicFish"},{"floor":9,"key":"Potion Belt"},{"floor":10,"key":"DemoMod:WeirdEgg"},{"floor":24,"key":"LastBattle"},{"floor":29,"key":"Vajra"}],"event_choices":[],"is_beta":false,"boss_relics":[{"not_picked":["REME_LowDesire","Kintsugi"],"picked":"ShadowXiaoBlade"}],"items_purged_floors":[14,30],"is_endless":false,"potions_floor_spawned":[4,7,8,16,21,22,24,31],"killed_by":"Gensokyo:Eternal_Rivals","ascension_level":1}}