{"host":"n4fty02wqqi95laq","time":1609765715,"event":{"mods":["BaseMod","Highlight Path","Minty Spire (QoL Compilation)","Quick Restart","Rare Cards Sparkle","StSLib"],"gold_per_floor":[109,122,122,135,135,135,163,173,224,254,273,298,354,249,249,320,320,338,338,263,281,31,31,31,31],"floor_reached":24,"playtime":604,"items_purged":["Strike_P"],"score":578,"play_id":"558386db-4d97-4c26-a5d0-e3823fdf66ed","local_time":"20210104210835","is_ascension_mode":true,"campfire_choices":[{"data":"Judgement","floor":6.0,"key":"SMITH"},{"data":"Tantrum","floor":15.0,"key":"SMITH"},{"data":"TalkToTheHand","floor":23.0,"key":"SMITH"}],"circlet_count":0,"master_deck":["AscendersBane","Strike_P","Defend_P+1","Eruption+1","Vigilance+1","Judgement","Judgement+1","Vengeance","MentalFortress+1","Devotion+1","InnerPeace","Tantrum+1","BowlingBash","Scrawl+1","TalkToTheHand+1"],"relics":["PureWater","Frozen Egg 2","Nunchaku","MealTicket","Sundial","Eternal Feather","Black Star","War Paint"],"acts_visited":["Exordium","TheCity"],"potions_floor_usage":[],"damage_taken":[{"damage":0.0,"enemies":"Small Slimes","floor":1.0,"turns":2.0},{"damage":0.0,"enemies":"Jaw Worm","floor":2.0,"turns":2.0},{"damage":5.0,"enemies":"2 Louse","floor":4.0,"turns":3.0},{"damage":6.0,"enemies":"Gremlin Nob","floor":7.0,"turns":3.0},{"damage":0.0,"enemies":"Blue Slaver","floor":8.0,"turns":1.0},{"damage":0.0,"enemies":"Lagavulin","floor":10.0,"turns":4.0},{"damage":0.0,"enemies":"Looter","floor":11.0,"turns":1.0},{"damage":10.0,"enemies":"3 Sentries","floor":12.0,"turns":5.0},{"damage":0.0,"enemies":"3 Sentries","floor":13.0,"turns":3.0},{"damage":0.0,"enemies":"Slime Boss","floor":16.0,"turns":5.0},{"damage":21.0,"enemies":"Shell Parasite","floor":18.0,"turns":4.0},{"damage":12.0,"enemies":"2 Thieves","floor":21.0,"turns":3.0},{"damage":0,"enemies":"Cultist and Chosen","floor":24,"turns":3}],"seed_played":"7301784839588547029","potions_obtained":[{"floor":2.0,"key":"PowerPotion"},{"floor":8.0,"key":"FearPotion"},{"floor":11.0,"key":"ColorlessPotion"},{"floor":13.0,"key":"EssenceOfSteel"}],"is_trial":false,"path_per_floor":["M","M","?","M","?","R","E","M","T","E","M","E","?","$","R","B",null,"M","?","?","M","$","R","M"],"character_chosen":"WATCHER","items_purchased":["BowlingBash","TalkToTheHand","War Paint"],"campfire_rested":0,"item_purchase_floors":[14,22,22],"current_hp_per_floor":[61,61,42,37,30,30,24,24,24,24,24,14,14,29,38,38,56,35,35,35,23,38,47,47,47],"gold":31,"neow_bonus":"TRANSFORM_TWO_CARDS","is_daily":false,"chose_seed":false,"campfire_upgraded":3,"win_rate":0.0,"timestamp":1609765715,"path_taken":["M","M","?","M","?","R","E","M","T","E","M","E","?","$","R","BOSS","M","?","?","M","$","R","M"],"items_purchased_type":["Card","Card","Relic"],"build_version":"2020-12-22","purchased_purges":1,"victory":false,"max_hp_per_floor":[62,62,62,62,62,62,62,62,62,62,62,62,62,62,62,62,62,62,62,62,62,62,62,62,62],"card_choices":[{"not_picked":["FlyingSleeves","ThirdEye","JustLucky"],"picked":"SKIP","floor":1.0},{"not_picked":["ThirdEye","SashWhip"],"picked":"Vengeance","floor":2.0},{"not_picked":["Perseverance","JustLucky","Sanctity"],"picked":"SKIP","floor":4.0},{"not_picked":["FollowUp","Prostrate"],"picked":"MentalFortress+1","floor":7.0},{"not_picked":["Protect","WreathOfFlame","ClearTheMind"],"picked":"SKIP","floor":8.0},{"not_picked":["FlurryOfBlows","ForeignInfluence"],"picked":"Devotion+1","floor":10.0},{"not_picked":["DeceiveReality","Protect"],"picked":"InnerPeace","floor":11.0},{"not_picked":["Collect","Consecrate","Perseverance"],"picked":"SKIP","floor":12.0},{"not_picked":["BattleHymn+1","Protect"],"picked":"Tantrum","floor":13.0},{"not_picked":["SpiritShield","Vault"],"picked":"Scrawl","floor":16.0},{"not_picked":["CrushJoints","CutThroughFate","FlyingSleeves"],"picked":"SKIP","floor":18.0},{"not_picked":["Halt","Swivel","CrushJoints"],"picked":"SKIP","floor":21.0}],"player_experience":653464,"relics_obtained":[{"floor":7.0,"key":"Frozen Egg 2"},{"floor":9.0,"key":"Nunchaku"},{"floor":10.0,"key":"MealTicket"},{"floor":12.0,"key":"Sundial"},{"floor":13.0,"key":"Eternal Feather"}],"event_choices":[{"damage_healed":0.0,"max_hp_gain":0.0,"max_hp_loss":0.0,"gold_gain":0.0,"event_name":"Shining Light","player_choice":"Entered Light","floor":3.0,"gold_loss":0.0,"damage_taken":19.0,"cards_upgraded":["Eruption","Defend_P"]},{"cards_removed":["Defend_P"],"damage_healed":0.0,"max_hp_gain":0.0,"max_hp_loss":0.0,"gold_gain":0.0,"event_name":"Golden Wing","player_choice":"Card Removal","floor":5.0,"gold_loss":0.0,"damage_taken":7.0},{"damage_healed":0.0,"max_hp_gain":0.0,"max_hp_loss":0.0,"gold_gain":0.0,"event_name":"Dead Adventurer","player_choice":"Searched \u00271\u0027 times","floor":13.0,"gold_loss":0.0,"damage_taken":0.0},{"cards_removed":["Strike_P"],"damage_healed":0.0,"max_hp_gain":0.0,"max_hp_loss":0.0,"gold_gain":0.0,"event_name":"Back to Basics","player_choice":"Elegance","floor":19.0,"gold_loss":0.0,"damage_taken":0.0},{"cards_removed":["Defend_P"],"damage_healed":0.0,"max_hp_gain":0.0,"max_hp_loss":0.0,"gold_gain":0.0,"event_name":"Beggar","player_choice":"Gave Gold","floor":20.0,"gold_loss":75.0,"damage_taken":0.0}],"is_beta":false,"boss_relics":[{"not_picked":["SacredBark","Tiny House"],"picked":"Black Star"}],"items_purged_floors":[14],"is_endless":false,"potions_floor_spawned":[2,8,11,13],"killed_by":"Cultist and Chosen","ascension_level":20}}