{"host":"SteinPartDos","time":1609799087,"event":{"mods":["BaseMod","Colored Map","Minty Spire (QoL Compilation)","StSLib"],"gold_per_floor":[118,193,210,210,221,221,256,256,256,35,69,69,84,111,111,211,211,229,129,139,139,149,149,177,177,177,212,227,237,271,290,290,391,391,407,426,449,449,465,465,493,493,564,212,212,245,245,277,277,277,277,277,48,74,74],"floor_reached":56,"playtime":2596,"items_purged":["Regret","Strike_B","Strike_B"],"score":1514,"play_id":"b4cd04d0-c9e2-44e5-be3a-e4b0739f4e8b","local_time":"20210104172447","is_ascension_mode":true,"campfire_choices":[{"floor":6.0,"key":"DIG"},{"floor":8.0,"key":"DIG"},{"floor":12.0,"key":"DIG"},{"floor":15.0,"key":"DIG"},{"floor":23.0,"key":"DIG"},{"floor":25.0,"key":"DIG"},{"floor":32,"key":"DIG"},{"floor":40,"key":"RECALL"},{"floor":42,"key":"DIG"},{"floor":49,"key":"DIG"},{"floor":52,"key":"DIG"}],"circlet_count":0,"master_deck":["Strike_B","Strike_B","Defend_B","Defend_B+1","Defend_B","Defend_B","Zap","Dualcast","Ball Lightning+1","Compile Driver","Lockon","Self Repair","Buffer","Reinforced Body","Thunder Strike","Tempest+1","Double Energy","Hologram+1","Capacitor","Defragment","Defragment+1","Coolheaded","Conserve Battery","White Noise","Coolheaded","Biased Cognition+1","Glacier+1","Go for the Eyes+1","Cold Snap+1","Coolheaded","Capacitor+1","Heatsinks","Hologram+1","Coolheaded+1","Glacier","Force Field+1"],"relics":["Cracked Core","Shovel","Pear","Blood Vial","Meat on the Bone","Anchor","OrangePellets","Tiny Chest","Bottled Tornado","WingedGreaves","Lizard Tail","Coffee Dripper","Bag of Marbles","Bottled Lightning","Smiling Mask","White Beast Statue","Prayer Wheel","Question Card","Shuriken","Velvet Choker","PreservedInsect","Pantograph","Medical Kit","Happy Flower","Pen Nib","Pocketwatch","Oddly Smooth Stone","Bag of Preparation","Mercury Hourglass","Orrery","Mummified Hand"],"acts_visited":["Exordium","TheCity","TheBeyond","TheEnding"],"potions_floor_usage":[33,55,55,55,55,55],"damage_taken":[{"damage":5.0,"enemies":"Jaw Worm","floor":1.0,"turns":5.0},{"damage":3.0,"enemies":"2 Louse","floor":3.0,"turns":3.0},{"damage":3.0,"enemies":"Cultist","floor":5.0,"turns":3.0},{"damage":23.0,"enemies":"3 Sentries","floor":7.0,"turns":5.0},{"damage":16.0,"enemies":"Lagavulin","floor":11.0,"turns":5.0},{"damage":0.0,"enemies":"Exordium Thugs","floor":13.0,"turns":4.0},{"damage":28.0,"enemies":"3 Sentries","floor":14.0,"turns":7.0},{"damage":11.0,"enemies":"Slime Boss","floor":16.0,"turns":9.0},{"damage":30.0,"enemies":"3 Byrds","floor":18.0,"turns":6.0},{"damage":5.0,"enemies":"Shell Parasite","floor":20.0,"turns":5.0},{"damage":0.0,"enemies":"Snecko","floor":22.0,"turns":4.0},{"damage":51.0,"enemies":"Slavers","floor":24.0,"turns":5.0},{"damage":18.0,"enemies":"Book of Stabbing","floor":27.0,"turns":4.0},{"damage":5.0,"enemies":"Cultist and Chosen","floor":28.0,"turns":4.0},{"damage":1.0,"enemies":"Snake Plant","floor":29.0,"turns":3.0},{"damage":6.0,"enemies":"Gremlin Leader","floor":30.0,"turns":5.0},{"damage":8.0,"enemies":"Centurion and Healer","floor":31.0,"turns":6.0},{"damage":10,"enemies":"Automaton","floor":33,"turns":14},{"damage":10,"enemies":"3 Shapes","floor":35,"turns":3},{"damage":0,"enemies":"Orb Walker","floor":36,"turns":3},{"damage":11,"enemies":"3 Darklings","floor":39,"turns":5},{"damage":0,"enemies":"Nemesis","floor":41,"turns":5},{"damage":0,"enemies":"Giant Head","floor":46,"turns":7},{"damage":0,"enemies":"Nemesis","floor":48,"turns":11},{"damage":13,"enemies":"Awakened One","floor":50,"turns":12},{"damage":17,"enemies":"Shield and Spear","floor":54,"turns":6},{"damage":19,"enemies":"The Heart","floor":55,"turns":11}],"seed_played":"160112770523998505","potions_obtained":[{"floor":1.0,"key":"Weak Potion"},{"floor":3.0,"key":"Swift Potion"},{"floor":14.0,"key":"EssenceOfDarkness"},{"floor":16.0,"key":"Ancient Potion"},{"floor":22.0,"key":"Strength Potion"},{"floor":27.0,"key":"Block Potion"},{"floor":28.0,"key":"FocusPotion"},{"floor":29.0,"key":"Explosive Potion"},{"floor":30.0,"key":"EntropicBrew"},{"floor":31,"key":"LiquidBronze"},{"floor":33,"key":"Explosive Potion"},{"floor":35,"key":"Weak Potion"},{"floor":39,"key":"PotionOfCapacity"},{"floor":48,"key":"Dexterity Potion"}],"is_trial":false,"path_per_floor":["M","?","M","?","M","R","E","R","T","$","E","R","M","E","R","B",null,"M","$","M","?","M","R","E","R","T","E","M","M","E","M","R","B",null,"M","M","T","?","M","R","E","R","T","$","?","E","T","E","R","B",null,"R","$","E","B",null],"character_chosen":"DEFECT","items_purchased":["OrangePellets","Medical Kit","Happy Flower","Heatsinks","Orrery"],"campfire_rested":0,"item_purchase_floors":[10,44,44,53,53],"current_hp_per_floor":[70,59,56,41,38,48,25,25,25,25,30,30,44,37,37,40,85,55,55,59,51,60,60,30,30,30,33,49,50,46,59,59,58,85,82,85,85,85,81,81,83,83,83,83,83,85,85,85,85,79,85,85,85,68,73],"gold":74,"neow_bonus":"ONE_RARE_RELIC","is_daily":false,"chose_seed":false,"campfire_upgraded":0,"win_rate":0.0,"timestamp":1609799087,"path_taken":["M","?","M","?","M","R","E","R","T","$","E","R","M","E","R","BOSS","M","$","M","?","M","R","E","R","T","E","M","M","E","?","R","BOSS","M","M","?","?","?","R","E","R","T","$","?","E","?","E","R","BOSS","R","$","E","BOSS"],"items_purchased_type":["Relic","Relic","Relic","Card","Relic"],"build_version":"2020-12-18","purchased_purges":3,"victory":true,"max_hp_per_floor":[75,75,75,75,75,85,85,85,85,85,85,85,85,85,85,85,85,85,85,85,85,85,85,85,85,85,85,85,85,85,85,85,85,85,85,85,85,85,85,85,85,85,85,85,85,85,85,85,85,85,85,85,85,85,85],"card_choices":[{"not_picked":["Steam Power","Stack"],"picked":"Ball Lightning","floor":1.0},{"not_picked":["Melter","Sweeping Beam"],"picked":"Compile Driver","floor":3.0},{"not_picked":["Storm","Glacier"],"picked":"Lockon","floor":5.0},{"not_picked":["Steam","Redo"],"picked":"Self Repair","floor":7.0},{"not_picked":["BootSequence","Redo"],"picked":"Buffer","floor":11.0},{"not_picked":["Redo","Compile Driver","Steam"],"picked":"SKIP","floor":13.0},{"not_picked":["Streamline","Stack"],"picked":"Reinforced Body","floor":14.0},{"not_picked":["Creative AI","Amplify"],"picked":"Thunder Strike","floor":16.0},{"not_picked":["Beam Cell","Compile Driver"],"picked":"Tempest+1","floor":18.0},{"not_picked":["Cold Snap","Fusion+1","Aggregate"],"picked":"SKIP","floor":20.0},{"not_picked":["Gash","Sweeping Beam"],"picked":"Double Energy","floor":22.0},{"not_picked":["Sweeping Beam","FTL"],"picked":"Hologram+1","floor":24.0},{"not_picked":["Gash+1","Cold Snap","Barrage"],"picked":"SKIP","floor":27.0},{"not_picked":["Hello World","Consume"],"picked":"Capacitor","floor":28.0},{"not_picked":["Beam Cell","Hologram"],"picked":"Defragment","floor":28.0},{"not_picked":["Hologram","Storm+1"],"picked":"Defragment+1","floor":29.0},{"not_picked":["Capacitor","Reboot"],"picked":"Coolheaded","floor":29.0},{"not_picked":["Beam Cell+1","Ball Lightning"],"picked":"Conserve Battery","floor":30.0},{"not_picked":["Chaos","Conserve Battery","Coolheaded"],"picked":"White Noise","floor":31},{"not_picked":["Sweeping Beam","Undo","Stack"],"picked":"Coolheaded","floor":31},{"not_picked":["Rainbow","Thunder Strike","Reboot"],"picked":"Biased Cognition","floor":33},{"not_picked":["Self Repair+1","BootSequence","Steam+1"],"picked":"Glacier+1","floor":35},{"not_picked":["Sweeping Beam+1","Genetic Algorithm","Hologram"],"picked":"Go for the Eyes+1","floor":35},{"not_picked":["Fusion+1","Steam","Gash+1"],"picked":"Seek","floor":36},{"not_picked":["Defragment+1","Hologram+1","Self Repair"],"picked":"Cold Snap+1","floor":36},{"not_picked":["Conserve Battery+1","Lockon+1","Compile Driver"],"picked":"Coolheaded","floor":39},{"not_picked":["Leap","Compile Driver+1","Redo+1","Ball Lightning+1"],"picked":"SKIP","floor":39},{"not_picked":["Cold Snap+1","Ball Lightning","Chaos"],"picked":"Capacitor+1","floor":41},{"not_picked":["Chaos+1","Compile Driver+1","Ball Lightning+1","Go for the Eyes+1"],"picked":"SKIP","floor":46},{"not_picked":["BootSequence+1","Compile Driver+1","Go for the Eyes+1","Rebound"],"picked":"SKIP","floor":48},{"not_picked":["Redo","Coolheaded","Go for the Eyes"],"picked":"Hologram+1","floor":53},{"not_picked":["Compile Driver+1","Sweeping Beam+1","Buffer"],"picked":"Coolheaded+1","floor":53},{"not_picked":["Reprogram+1","Conserve Battery","Redo"],"picked":"Glacier","floor":53},{"not_picked":["Redo","Coolheaded+1","Sweeping Beam+1"],"picked":"Force Field+1","floor":54}],"player_experience":12750,"relics_obtained":[{"floor":6.0,"key":"Pear"},{"floor":7.0,"key":"Blood Vial"},{"floor":8.0,"key":"Meat on the Bone"},{"floor":9.0,"key":"Anchor"},{"floor":11.0,"key":"Tiny Chest"},{"floor":12.0,"key":"Bottled Tornado"},{"floor":14.0,"key":"WingedGreaves"},{"floor":15.0,"key":"Lizard Tail"},{"floor":23.0,"key":"Bag of Marbles"},{"floor":24.0,"key":"Bottled Lightning"},{"floor":25.0,"key":"Smiling Mask"},{"floor":26.0,"key":"White Beast Statue"},{"floor":27.0,"key":"Prayer Wheel"},{"floor":30.0,"key":"Question Card"},{"floor":32,"key":"Shuriken"},{"floor":42,"key":"PreservedInsect"},{"floor":43,"key":"Pantograph"},{"floor":46,"key":"Pen Nib"},{"floor":47,"key":"Pocketwatch"},{"floor":48,"key":"Oddly Smooth Stone"},{"floor":49,"key":"Bag of Preparation"},{"floor":52,"key":"Mercury Hourglass"},{"floor":54,"key":"Mummified Hand"}],"event_choices":[{"damage_healed":0.0,"max_hp_gain":0.0,"max_hp_loss":0.0,"gold_gain":75.0,"event_name":"World of Goop","player_choice":"Gather Gold","floor":2.0,"gold_loss":0.0,"damage_taken":11.0},{"damage_healed":0.0,"max_hp_gain":0.0,"max_hp_loss":0.0,"gold_gain":0.0,"event_name":"Shining Light","player_choice":"Entered Light","floor":4.0,"gold_loss":0.0,"damage_taken":15.0,"cards_upgraded":["Ball Lightning","Defend_B"]},{"damage_healed":0.0,"max_hp_gain":0.0,"max_hp_loss":0.0,"gold_gain":0.0,"event_name":"Wheel of Change","player_choice":"Damaged","floor":21.0,"gold_loss":0.0,"damage_taken":8.0},{"damage_healed":0,"gold_gain":0,"player_choice":"Upgraded","damage_taken":0,"max_hp_gain":0,"max_hp_loss":0,"event_name":"Upgrade Shrine","floor":38,"gold_loss":0,"cards_upgraded":["Biased Cognition"]},{"cards_removed":["Seek"],"damage_healed":0,"gold_gain":0,"player_choice":"Removed Skill","damage_taken":0,"max_hp_gain":0,"max_hp_loss":0,"event_name":"Falling","floor":45,"gold_loss":0}],"is_beta":true,"boss_relics":[{"not_picked":["Empty Cage","Runic Dome"],"picked":"Coffee Dripper"},{"not_picked":["Cursed Key","SlaversCollar"],"picked":"Velvet Choker"}],"items_purged_floors":[10,19,44],"is_endless":false,"potions_floor_spawned":[1,3,14,16,22,27,28,29,30,31,33,35,36,39,41,46,48,54],"ascension_level":1}}