{"host":"bf9sa99gaumonoeu","time":1609776699,"event":{"mods":["AchievementEnabler","Act Like it!","BaseMod","Better Sensory Stone","Colored Map","Colored Powertips","Downfall","Duelist Mod","Friendly Minions","Gensokyo","GifTheSpireLib","Hallownest","Hermit","Hubris","Jorbs\u0027s Wanderer Trilogy","KinomotoSakuraMod(????)","Koishi","Lobotomy","Marisa????????","Minty Spire (QoL Compilation)","Rare Cards Sparkle","Reimu??????","Remilia??????","Replay The Spire","Shop Mod","StSLib","The Administrix","The Animator","The Blue Laboratory","The Bug Knight","The Construct","The Cursed","The Disciple","The Hierophant","The Mystic","The Necromancer","The Poker Player","The Runesmith","The Senshi","The Servant 0.9.4","Waifu the Spire"],"gold_per_floor":[128,128,156,156,170,170,20,46,46,46,46],"floor_reached":10,"playtime":604,"items_purged":["animator:Strike"],"score":89,"play_id":"ba28d775-83e0-46d7-89ae-060e2d4685c7","local_time":"20210104141139","is_ascension_mode":true,"campfire_choices":[{"data":"animator:Cocytus","floor":6,"key":"SMITH"}],"circlet_count":0,"master_deck":["animator:Strike_Overlord","animator:Defend_Overlord","animator:Strike","animator:Strike","animator:Strike","animator:Defend","animator:Defend","animator:Defend","animator:Cocytus+1","animator:Demiurge","animator:PandorasActor","animator:Spearman","animator:Shalltear","animator:GoblinSlayer","animator:GuildGirl"],"relics":["animator:LivingPicture","animator:TheMissingPiece","HornCleat","Question Card"],"acts_visited":["Exordium"],"potions_floor_usage":[8],"damage_taken":[{"damage":3,"enemies":"2 Louse","floor":1,"turns":3},{"damage":1,"enemies":"Cultist","floor":3,"turns":5},{"damage":9,"enemies":"Jaw Worm","floor":5,"turns":4},{"damage":30,"enemies":"Lagavulin","floor":8,"turns":9},{"damage":37,"enemies":"Gremlin Nob","floor":10,"turns":4}],"seed_played":"-8195713242778899074","potions_obtained":[{"floor":5,"key":"EssenceOfSteel"}],"is_trial":false,"path_per_floor":["M","?","M","?","M","R","$","E","T","E"],"character_chosen":"THE_ANIMATOR","items_purchased":["animator:GoblinSlayer"],"campfire_rested":0,"item_purchase_floors":[7],"current_hp_per_floor":[62,67,66,66,57,57,57,28,28,0,0],"gold":46,"neow_bonus":"TEN_PERCENT_HP_BONUS","is_daily":false,"chose_seed":false,"campfire_upgraded":1,"win_rate":0.0,"timestamp":1609776699,"path_taken":["M","?","M","?","?","R","$","E","T","E"],"items_purchased_type":["Card"],"build_version":"2020-12-22","purchased_purges":1,"victory":false,"max_hp_per_floor":[72,77,77,77,77,77,77,78,78,78,78],"card_choices":[{"not_picked":["animator:Megumin","animator:Spearman"],"picked":"animator:PandorasActor","floor":1},{"not_picked":["animator:Chung","animator:Aisha"],"picked":"animator:Spearman","floor":3},{"not_picked":["animator:Aisha","animator:OrikoMikuni","animator:MamiTomoe"],"picked":"SKIP","floor":5},{"not_picked":["animator:CowGirl","animator:LizardPriest"],"picked":"animator:GuildGirl","floor":8}],"player_experience":743376,"relics_obtained":[{"floor":8,"key":"HornCleat"},{"floor":9,"key":"Question Card"}],"event_choices":[{"damage_healed":0,"gold_gain":0,"player_choice":"Donut","damage_taken":0,"max_hp_gain":5,"max_hp_loss":0,"event_name":"Big Fish","floor":2,"gold_loss":0},{"damage_healed":0,"gold_gain":0,"player_choice":"2 cards matched","damage_taken":0,"max_hp_gain":0,"max_hp_loss":0,"event_name":"Match and Keep!","floor":4,"gold_loss":0,"cards_obtained":["animator:Strike","animator:Shalltear"]}],"is_beta":false,"boss_relics":[],"items_purged_floors":[7],"is_endless":false,"potions_floor_spawned":[5],"killed_by":"Gremlin Nob","ascension_level":7}}