{"host":"okln270zkafj6dck","time":1609736885,"event":{"mods":["BaseMod","Minty Spire (QoL Compilation)","Permanent Neow","Quick Restart","Relic Stats","StSLib","SuperFastMode"],"gold_per_floor":[110,127,14,32,43,76,76,106,131,131,166,166,59,73,73,144,144,159,173,186,111,125,159,159,186,261,261,295,295,309,323,323,401,401,414,431,129,129,93,119,119,148,198,213,213,213,88,114,114,114,114],"floor_reached":52,"playtime":2295,"items_purged":["Strike_G","Strike_G","Strike_G"],"score":2136,"play_id":"e2b73201-3f69-436a-bb03-4c9ce2ef052b","local_time":"20210103210805","is_ascension_mode":true,"campfire_choices":[{"floor":7.0,"key":"REST"},{"data":"Predator","floor":10.0,"key":"SMITH"},{"data":"Footwork","floor":12.0,"key":"SMITH"},{"data":"Tools of the Trade","floor":15.0,"key":"SMITH"},{"floor":24.0,"key":"REST"},{"floor":27.0,"key":"REST"},{"floor":32.0,"key":"REST"},{"floor":41.0,"key":"REST"},{"floor":46,"key":"REST"},{"floor":49,"key":"REST"}],"circlet_count":0,"master_deck":["AscendersBane","Strike_G","Strike_G","Defend_G","Defend_G","Defend_G","Defend_G","Defend_G","Survivor","Neutralize","CurseOfTheBell","Blade Dance","Predator+1","Footwork+1","Dagger Spray","Adrenaline","Backflip","Tools of the Trade+1","Poisoned Stab","Malaise","Backflip","Backflip+1","Crippling Poison","Crippling Poison+1","Caltrops","Blade Dance+1","PiercingWail","Corpse Explosion","Deflect","Backflip","Well Laid Plans","Noxious Fumes","Catalyst","Leg Sweep+1","Purity","Catalyst"],"relics":["Calling Bell","Centennial Puzzle","Meat on the Bone","Gambling Chip","Bronze Scales","Strawberry","Bag of Marbles","Nunchaku","Art of War","Fusion Hammer","MealTicket","PreservedInsect","Bottled Tornado","Orichalcum","WristBlade","Oddly Smooth Stone","Snake Skull","Pantograph","Pen Nib","Anchor"],"acts_visited":["Exordium","TheCity","TheBeyond"],"potions_floor_usage":[44],"damage_taken":[{"damage":0.0,"enemies":"2 Louse","floor":1.0,"turns":4.0},{"damage":6.0,"enemies":"Cultist","floor":2.0,"turns":4.0},{"damage":2.0,"enemies":"Small Slimes","floor":4.0,"turns":4.0},{"damage":12.0,"enemies":"Exordium Wildlife","floor":5.0,"turns":4.0},{"damage":26.0,"enemies":"Gremlin Nob","floor":6.0,"turns":4.0},{"damage":25.0,"enemies":"3 Sentries","floor":8.0,"turns":6.0},{"damage":11.0,"enemies":"Lagavulin","floor":11.0,"turns":7.0},{"damage":4.0,"enemies":"Large Slime","floor":14.0,"turns":4.0},{"damage":26.0,"enemies":"The Guardian","floor":16.0,"turns":14.0},{"damage":9.0,"enemies":"Shell Parasite","floor":18.0,"turns":6.0},{"damage":6.0,"enemies":"Chosen","floor":19.0,"turns":7.0},{"damage":7.0,"enemies":"Snecko","floor":20.0,"turns":6.0},{"damage":18.0,"enemies":"3 Cultists","floor":22.0,"turns":6.0},{"damage":25.0,"enemies":"Slavers","floor":23.0,"turns":5.0},{"damage":0.0,"enemies":"Book of Stabbing","floor":25.0,"turns":7.0},{"damage":17.0,"enemies":"Slavers","floor":28.0,"turns":4.0},{"damage":2.0,"enemies":"Sentry and Sphere","floor":30.0,"turns":6.0},{"damage":11.0,"enemies":"Centurion and Healer","floor":31.0,"turns":6.0},{"damage":28.0,"enemies":"Automaton","floor":33.0,"turns":11.0},{"damage":1.0,"enemies":"Orb Walker","floor":35.0,"turns":4.0},{"damage":1.0,"enemies":"3 Darklings","floor":36.0,"turns":2.0},{"damage":12.0,"enemies":"Reptomancer","floor":40.0,"turns":6.0},{"damage":6.0,"enemies":"Nemesis","floor":42.0,"turns":7.0},{"damage":3,"enemies":"4 Shapes","floor":44,"turns":3},{"damage":41,"enemies":"Reptomancer","floor":48,"turns":5},{"damage":39,"enemies":"Donu and Deca","floor":50,"turns":9},{"damage":48,"enemies":"Time Eater","floor":51,"turns":16}],"seed_played":"3557571683070815389","potions_obtained":[{"floor":2.0,"key":"AttackPotion"},{"floor":4.0,"key":"PowerPotion"},{"floor":8.0,"key":"Fruit Juice"},{"floor":11.0,"key":"SteroidPotion"},{"floor":19.0,"key":"Regen Potion"},{"floor":23.0,"key":"SpeedPotion"},{"floor":33.0,"key":"DistilledChaos"},{"floor":40.0,"key":"Swift Potion"},{"floor":44,"key":"GhostInAJar"}],"is_trial":false,"path_per_floor":["M","M","$","M","M","E","R","E","T","R","E","R","?","M","R","B",null,"M","M","M","$","M","E","R","E","T","R","E","?","M","M","R","B",null,"M","M","$","?","$","E","R","E","T","M","?","R","$","E","R","B","B",null],"character_chosen":"THE_SILENT","items_purchased":["Predator","Footwork","Oddly Smooth Stone","Well Laid Plans","Noxious Fumes"],"campfire_rested":7,"item_purchase_floors":[3,3,37,37,39],"current_hp_per_floor":[59,53,53,51,39,25,44,38,38,38,39,39,39,47,47,33,63,54,53,46,46,43,30,53,53,53,76,59,47,45,46,69,41,69,68,67,78,74,74,62,74,68,68,65,55,74,74,45,67,47,36],"gold":114,"neow_bonus":"BOSS_RELIC","is_daily":false,"chose_seed":false,"campfire_upgraded":3,"win_rate":0.0,"timestamp":1609736885,"path_taken":["M","M","$","M","M","E","R","E","T","R","E","R","?","M","R","BOSS","M","M","M","$","?","E","R","E","T","R","E","?","M","M","R","BOSS","M","M","?","?","?","E","R","E","T","M","?","R","$","E","R","BOSS","BOSS"],"items_purchased_type":["Card","Card","Relic","Card","Card"],"build_version":"2020-12-22","purchased_purges":3,"victory":true,"max_hp_per_floor":[66,66,66,66,66,66,66,73,73,73,73,73,73,73,73,73,73,73,78,78,78,78,78,78,78,78,78,78,78,78,78,78,78,78,78,78,78,74,74,74,74,74,74,74,74,74,74,74,74,74,74],"relic_stats":{"counters":[27,167],"PreservedInsect":214,"Snake Skull":[57],"Pen Nib":[3],"Orichalcum":[72],"Centennial Puzzle":[75],"Nunchaku":[28],"Gambling Chip":[59],"Bronze Scales":[478],"Pantograph":32,"MealTicket":11,"Art of War":[33],"obtain_stats":[{"Oddly Smooth Stone":37,"PreservedInsect":25,"Snake Skull":40,"Pen Nib":43,"Bottled Tornado":26,"Orichalcum":28,"Calling Bell":0,"Centennial Puzzle":0,"Nunchaku":11,"Anchor":48,"WristBlade":34,"Gambling Chip":0,"Bronze Scales":6,"Strawberry":8,"Pantograph":42,"MealTicket":23,"Fusion Hammer":17,"Bag of Marbles":9,"Art of War":13,"Ring of the Snake":0,"Meat on the Bone":0},{"Oddly Smooth Stone":21,"PreservedInsect":15,"Snake Skull":22,"Pen Nib":23,"Bottled Tornado":15,"Orichalcum":16,"Calling Bell":0,"Centennial Puzzle":0,"Nunchaku":7,"Anchor":25,"WristBlade":19,"Gambling Chip":0,"Bronze Scales":5,"Strawberry":6,"Pantograph":23,"MealTicket":14,"Fusion Hammer":9,"Bag of Marbles":6,"Art of War":7,"Ring of the Snake":0,"Meat on the Bone":0},{"Oddly Smooth Stone":121,"PreservedInsect":88,"Snake Skull":127,"Pen Nib":134,"Bottled Tornado":88,"Orichalcum":92,"Calling Bell":0,"Centennial Puzzle":0,"Nunchaku":33,"Anchor":142,"WristBlade":115,"Gambling Chip":0,"Bronze Scales":20,"Strawberry":26,"Pantograph":134,"MealTicket":81,"Fusion Hammer":51,"Bag of Marbles":26,"Art of War":33,"Ring of the Snake":0,"Meat on the Bone":0}],"Meat on the Bone":120},"card_choices":[{"not_picked":["Expertise","Prepared"],"picked":"Blade Dance","floor":1.0},{"not_picked":["Slice","Flechettes","Underhanded Strike"],"picked":"SKIP","floor":2.0},{"not_picked":["Bane","Prepared"],"picked":"Dagger Spray","floor":4.0},{"not_picked":["All Out Attack","Slice","Heel Hook"],"picked":"SKIP","floor":5.0},{"not_picked":["Outmaneuver","Deflect"],"picked":"Adrenaline","floor":6.0},{"not_picked":["Deflect","Predator"],"picked":"Backflip","floor":8.0},{"not_picked":["Unload","Prepared"],"picked":"Tools of the Trade","floor":11.0},{"not_picked":["Underhanded Strike","Deflect"],"picked":"Poisoned Stab","floor":14.0},{"not_picked":["A Thousand Cuts","Adrenaline"],"picked":"Malaise","floor":16.0},{"not_picked":["Acrobatics","Bane"],"picked":"Backflip","floor":18.0},{"not_picked":["Prepared","Underhanded Strike+1"],"picked":"Backflip+1","floor":19.0},{"not_picked":["Dagger Throw","Flying Knee"],"picked":"Crippling Poison","floor":20.0},{"not_picked":["Expertise","Outmaneuver","All Out Attack"],"picked":"SKIP","floor":22.0},{"not_picked":["Bane","Malaise"],"picked":"Crippling Poison+1","floor":23.0},{"not_picked":["Expertise","Bane"],"picked":"Caltrops","floor":25.0},{"not_picked":["Doppelganger","Calculated Gamble","Concentrate"],"picked":"SKIP","floor":28.0},{"not_picked":["Sucker Punch","Flying Knee+1"],"picked":"Blade Dance+1","floor":30.0},{"not_picked":["Grand Finale","Poisoned Stab"],"picked":"PiercingWail","floor":31.0},{"not_picked":["Die Die Die","Adrenaline"],"picked":"Corpse Explosion","floor":33.0},{"not_picked":["Accuracy","Prepared"],"picked":"Deflect","floor":35.0},{"not_picked":["Outmaneuver","Sucker Punch+1"],"picked":"Backflip","floor":36.0},{"not_picked":["Deadly Poison","Setup+1","Poisoned Stab"],"picked":"SKIP","floor":40.0},{"not_picked":["Crippling Poison","Deflect+1"],"picked":"Catalyst","floor":42.0},{"not_picked":["Flechettes+1","Masterful Stab+1"],"picked":"Leg Sweep+1","floor":44},{"not_picked":["HandOfGreed","Impatience"],"picked":"Purity","floor":45},{"not_picked":["Underhanded Strike+1","Grand Finale"],"picked":"Catalyst","floor":48}],"player_experience":77639,"relics_obtained":[{"floor":0.0,"key":"Centennial Puzzle"},{"floor":0.0,"key":"Meat on the Bone"},{"floor":0.0,"key":"Gambling Chip"},{"floor":6.0,"key":"Bronze Scales"},{"floor":8.0,"key":"Strawberry"},{"floor":9.0,"key":"Bag of Marbles"},{"floor":11.0,"key":"Nunchaku"},{"floor":23.0,"key":"MealTicket"},{"floor":25.0,"key":"PreservedInsect"},{"floor":26.0,"key":"Bottled Tornado"},{"floor":28.0,"key":"Orichalcum"},{"floor":40.0,"key":"Snake Skull"},{"floor":42.0,"key":"Pantograph"},{"floor":43.0,"key":"Pen Nib"},{"floor":48,"key":"Anchor"}],"event_choices":[{"damage_healed":0.0,"max_hp_gain":0.0,"max_hp_loss":0.0,"gold_gain":0.0,"event_name":"WeMeetAgain","player_choice":"Paid Gold","floor":13.0,"gold_loss":107.0,"damage_taken":0.0,"relics_obtained":["Art of War"]},{"damage_healed":0.0,"max_hp_gain":0.0,"max_hp_loss":0.0,"gold_gain":0.0,"event_name":"Knowing Skull","player_choice":"POTION ","floor":29.0,"potions_obtained":["PowerPotion"],"gold_loss":0.0,"damage_taken":12.0,"cards_obtained":[]},{"damage_healed":0.0,"max_hp_gain":0.0,"max_hp_loss":4.0,"gold_gain":0.0,"event_name":"Winding Halls","player_choice":"Max HP","floor":38.0,"gold_loss":0.0,"damage_taken":0.0},{"damage_healed":0,"gold_gain":0,"player_choice":"Memory 3","damage_taken":10,"max_hp_gain":0,"max_hp_loss":0,"event_name":"SensoryStone","floor":45,"gold_loss":0}],"is_beta":false,"boss_relics":[{"not_picked":["Empty Cage","Velvet Choker"],"picked":"Fusion Hammer"},{"not_picked":["Pandora\u0027s Box","Coffee Dripper"],"picked":"WristBlade"}],"items_purged_floors":[21,37,47],"is_endless":false,"potions_floor_spawned":[2,4,8,11,19,23,33,35,40,44,48],"ascension_level":20}}