{"host":"uv231blk40vjdojr","time":1609761562,"event":{"mods":["BaseMod","Minty Spire (QoL Compilation)","Relic Stats"],"gold_per_floor":[113,133,149,149,38,38,63,63,63,95,120,120,130,146,146,217,217,217,217,172,172,172,172,172,172,172,172,172,172,172,172,172,172,172,172,172,172,172,172,172,172,172,172,172,172,172,172,25,25,25],"floor_reached":51,"playtime":3753,"items_purged":["Corpse Explosion"],"score":1185,"play_id":"bdd31b36-7cc4-4920-afe4-401730fec013","local_time":"20210104125922","is_ascension_mode":true,"campfire_choices":[{"data":"Poisoned Stab","floor":6.0,"key":"SMITH"},{"data":"Well Laid Plans","floor":8.0,"key":"SMITH"},{"data":"Noxious Fumes","floor":12.0,"key":"SMITH"},{"data":"Neutralize","floor":15.0,"key":"SMITH"},{"data":"Terror","floor":23.0,"key":"SMITH"},{"floor":25.0,"key":"REST"},{"data":"Blur","floor":27.0,"key":"SMITH"},{"floor":32.0,"key":"REST"},{"data":"Malaise","floor":41.0,"key":"SMITH"},{"data":"Catalyst","floor":44.0,"key":"SMITH"},{"data":"Madness","floor":46.0,"key":"SMITH"},{"data":"Noxious Fumes","floor":49.0,"key":"SMITH"}],"circlet_count":0,"master_deck":["AscendersBane","Defend_G","Defend_G","Defend_G","Defend_G","Defend_G","Survivor","Neutralize+1","After Image","Noxious Fumes+1","Poisoned Stab+1","Dagger Throw","Finisher","Well Laid Plans+1","Blur+1","Terror+1","Unload","Bite","Bite","Bite","Bite","Bite","Crippling Poison+1","PiercingWail+1","Madness","Madness+1","Malaise+1","Catalyst+1","Noxious Fumes+1"],"relics":["Ring of the Snake","Bottled Tornado","Regal Pillow","Bag of Marbles","Happy Flower","Ectoplasm","Red Mask","PreservedInsect","Centennial Puzzle","Blood Vial","Art of War","Sozu","The Specimen","Gambling Chip","Pen Nib","Mercury Hourglass"],"acts_visited":["Exordium","TheCity","TheBeyond"],"potions_floor_usage":[50,50],"damage_taken":[{"damage":0.0,"enemies":"2 Louse","floor":1.0,"turns":3.0},{"damage":2.0,"enemies":"Jaw Worm","floor":2.0,"turns":5.0},{"damage":0.0,"enemies":"Small Slimes","floor":3.0,"turns":3.0},{"damage":12.0,"enemies":"3 Sentries","floor":7.0,"turns":7.0},{"damage":2.0,"enemies":"Gremlin Nob","floor":10.0,"turns":4.0},{"damage":0.0,"enemies":"Looter","floor":13.0,"turns":3.0},{"damage":1.0,"enemies":"Blue Slaver","floor":14.0,"turns":3.0},{"damage":36.0,"enemies":"The Guardian","floor":16.0,"turns":10.0},{"damage":10.0,"enemies":"Shell Parasite","floor":18.0,"turns":4.0},{"damage":20.0,"enemies":"2 Thieves","floor":20.0,"turns":4.0},{"damage":16.0,"enemies":"Centurion and Healer","floor":21.0,"turns":6.0},{"damage":9.0,"enemies":"Masked Bandits","floor":22.0,"turns":2.0},{"damage":15.0,"enemies":"Gremlin Leader","floor":24.0,"turns":5.0},{"damage":8.0,"enemies":"Cultist and Chosen","floor":28.0,"turns":4.0},{"damage":9.0,"enemies":"Snake Plant","floor":30.0,"turns":4.0},{"damage":31.0,"enemies":"Slavers","floor":31.0,"turns":3.0},{"damage":17.0,"enemies":"Champ","floor":33.0,"turns":12.0},{"damage":5.0,"enemies":"3 Darklings","floor":35.0,"turns":3.0},{"damage":10.0,"enemies":"Mind Bloom Boss Battle","floor":36.0,"turns":7.0},{"damage":7.0,"enemies":"Orb Walker","floor":39.0,"turns":4.0},{"damage":7.0,"enemies":"Reptomancer","floor":40.0,"turns":4.0},{"damage":9.0,"enemies":"Giant Head","floor":42.0,"turns":6.0},{"damage":0.0,"enemies":"Maw","floor":45.0,"turns":7.0},{"damage":8.0,"enemies":"Writhing Mass","floor":47.0,"turns":6.0},{"damage":48,"enemies":"Time Eater","floor":50,"turns":13}],"seed_played":"-8346983328605012116","potions_obtained":[{"floor":1.0,"key":"Explosive Potion"},{"floor":2.0,"key":"BlessingOfTheForge"},{"floor":10.0,"key":"Regen Potion"},{"floor":14.0,"key":"ColorlessPotion"},{"floor":16.0,"key":"LiquidBronze"},{"floor":21.0,"key":"EntropicBrew"},{"floor":22.0,"key":"LiquidBronze"},{"floor":24.0,"key":"Ancient Potion"},{"floor":31.0,"key":"ColorlessPotion"},{"floor":33.0,"key":"DistilledChaos"}],"is_trial":false,"path_per_floor":["M","M","M","?","$","R","E","R","T","E","T","R","M","M","R","B",null,"M","?","M","M","?","R","E","R","T","R","M","T","M","E","R","B",null,"M","?","?","?","M","E","R","E","T","R","M","R","M","$","R","B",null],"character_chosen":"THE_SILENT","items_purchased":["Finisher","Well Laid Plans","Noxious Fumes"],"campfire_rested":2,"item_purchase_floors":[5,5,48],"current_hp_per_floor":[63,61,61,54,54,54,42,42,42,40,40,40,40,39,39,18,52,42,42,30,28,23,23,20,44,44,44,40,40,43,23,44,39,43,43,42,42,36,37,40,40,44,44,44,44,44,44,44,44,20],"gold":25,"neow_bonus":"THREE_RARE_CARDS","is_daily":false,"chose_seed":false,"campfire_upgraded":10,"win_rate":0.0,"timestamp":1609761562,"path_taken":["M","M","M","?","$","R","E","R","T","E","?","R","M","M","R","BOSS","M","?","M","M","?","R","E","R","T","R","M","?","M","E","R","BOSS","M","?","?","?","M","E","R","E","T","R","M","R","M","$","R","BOSS"],"items_purchased_type":["Card","Card","Card"],"build_version":"2020-12-22","purchased_purges":1,"victory":true,"max_hp_per_floor":[63,63,63,63,63,63,63,63,63,63,63,63,63,63,63,63,63,63,44,44,44,44,44,44,44,44,44,44,44,44,44,44,44,44,44,44,44,44,44,44,44,44,44,44,44,44,44,44,44,44],"relic_stats":{"Regal Pillow":19,"Happy Flower":[36],"counters":[25,132],"PreservedInsect":230,"Pen Nib":[4],"Mercury Hourglass":[69],"Blood Vial":11,"Sozu":3,"Centennial Puzzle":[33],"Gambling Chip":[12],"Ectoplasm":496,"Art of War":[12],"obtain_stats":[{"Regal Pillow":9,"Happy Flower":11,"The Specimen":36,"PreservedInsect":24,"Pen Nib":42,"Bottled Tornado":7,"Mercury Hourglass":43,"Blood Vial":29,"Sozu":34,"Centennial Puzzle":26,"Gambling Chip":40,"Ectoplasm":17,"Bag of Marbles":10,"Red Mask":22,"Art of War":31,"Ring of the Snake":0},{"Regal Pillow":4,"Happy Flower":5,"The Specimen":19,"PreservedInsect":13,"Pen Nib":22,"Bottled Tornado":4,"Mercury Hourglass":22,"Blood Vial":14,"Sozu":17,"Centennial Puzzle":13,"Gambling Chip":21,"Ectoplasm":8,"Bag of Marbles":5,"Red Mask":12,"Art of War":16,"Ring of the Snake":0},{"Regal Pillow":18,"Happy Flower":22,"The Specimen":92,"PreservedInsect":59,"Pen Nib":106,"Bottled Tornado":18,"Mercury Hourglass":106,"Blood Vial":63,"Sozu":82,"Centennial Puzzle":59,"Gambling Chip":100,"Ectoplasm":38,"Bag of Marbles":22,"Red Mask":54,"Art of War":70,"Ring of the Snake":0}],"Ring of the Snake":[50]},"card_choices":[{"not_picked":["Wraith Form v2","Tools of the Trade"],"picked":"After Image","floor":0.0},{"not_picked":["Predator","Dagger Spray"],"picked":"Noxious Fumes","floor":1.0},{"not_picked":["Setup","Deadly Poison"],"picked":"Poisoned Stab","floor":2.0},{"not_picked":["Expertise","Deflect"],"picked":"Dagger Throw","floor":3.0},{"not_picked":["Acrobatics","Reflex"],"picked":"Blur","floor":7.0},{"not_picked":["Dagger Throw","Choke"],"picked":"Terror","floor":10.0},{"not_picked":["Deadly Poison","Poisoned Stab","Quick Slash"],"picked":"SKIP","floor":13.0},{"not_picked":["Dodge and Roll","Distraction","Caltrops"],"picked":"SKIP","floor":14.0},{"not_picked":["Night Terror","Storm of Steel"],"picked":"Unload","floor":16.0},{"not_picked":["Poisoned Stab","Setup","Acrobatics"],"picked":"SKIP","floor":18.0},{"not_picked":["Cloak And Dagger","Distraction+1","Dagger Throw"],"picked":"SKIP","floor":20.0},{"not_picked":["Dagger Spray","Tactician"],"picked":"Corpse Explosion","floor":21.0},{"not_picked":["Dagger Throw","Flying Knee"],"picked":"Crippling Poison+1","floor":22.0},{"not_picked":["Backstab","Phantasmal Killer","Distraction"],"picked":"SKIP","floor":24.0},{"not_picked":["Reflex","Dagger Spray","Quick Slash"],"picked":"SKIP","floor":28.0},{"not_picked":["Expertise","Heel Hook","Dodge and Roll"],"picked":"SKIP","floor":30.0},{"not_picked":["Deadly Poison","Dagger Spray","Setup"],"picked":"SKIP","floor":31.0},{"not_picked":["Burst","Wraith Form v2"],"picked":"A Thousand Cuts","floor":33.0},{"not_picked":["Choke","Acrobatics","Concentrate"],"picked":"SKIP","floor":35.0},{"not_picked":["Dagger Throw","Noxious Fumes"],"picked":"PiercingWail+1","floor":36.0},{"not_picked":["Dagger Spray","Deflect","Grand Finale"],"picked":"SKIP","floor":39.0},{"not_picked":["Blur+1","Caltrops"],"picked":"Malaise","floor":40.0},{"not_picked":["Sucker Punch","All Out Attack"],"picked":"Catalyst","floor":42.0},{"not_picked":["Dodge and Roll","Outmaneuver+1","Escape Plan"],"picked":"SKIP","floor":45.0},{"not_picked":["Quick Slash","Sucker Punch","Crippling Poison+1"],"picked":"SKIP","floor":47.0}],"player_experience":563491,"relics_obtained":[{"floor":7.0,"key":"Bottled Tornado"},{"floor":9.0,"key":"Regal Pillow"},{"floor":10.0,"key":"Bag of Marbles"},{"floor":11.0,"key":"Happy Flower"},{"floor":22.0,"key":"Red Mask"},{"floor":24.0,"key":"PreservedInsect"},{"floor":26.0,"key":"Centennial Puzzle"},{"floor":29.0,"key":"Blood Vial"},{"floor":31.0,"key":"Art of War"},{"floor":36.0,"key":"The Specimen"},{"floor":40.0,"key":"Gambling Chip"},{"floor":42.0,"key":"Pen Nib"},{"floor":43.0,"key":"Mercury Hourglass"}],"event_choices":[{"cards_removed":["Strike_G"],"damage_healed":0.0,"max_hp_gain":0.0,"max_hp_loss":0.0,"gold_gain":0.0,"event_name":"Golden Wing","player_choice":"Card Removal","floor":4.0,"gold_loss":0.0,"damage_taken":7.0},{"damage_healed":0.0,"max_hp_gain":0.0,"max_hp_loss":19.0,"gold_gain":0.0,"event_name":"Vampires","player_choice":"Became a vampire","floor":19.0,"gold_loss":0.0,"damage_taken":0.0,"cards_obtained":["Bite","Bite","Bite","Bite","Bite"]},{"damage_healed":0.0,"max_hp_gain":0.0,"max_hp_loss":0.0,"gold_gain":0.0,"event_name":"Masked Bandits","player_choice":"Fought Bandits","floor":22.0,"gold_loss":0.0,"damage_taken":0.0},{"damage_healed":0.0,"max_hp_gain":0.0,"max_hp_loss":0.0,"gold_gain":0.0,"event_name":"MindBloom","player_choice":"Fight","floor":36.0,"gold_loss":0.0,"damage_taken":0.0},{"cards_removed":["A Thousand Cuts"],"damage_healed":0.0,"max_hp_gain":0.0,"max_hp_loss":0.0,"gold_gain":0.0,"event_name":"Falling","player_choice":"Removed Power","floor":37.0,"gold_loss":0.0,"damage_taken":0.0},{"damage_healed":0.0,"max_hp_gain":0.0,"max_hp_loss":0.0,"gold_gain":0.0,"event_name":"Winding Halls","player_choice":"Embrace Madness","floor":38.0,"gold_loss":0.0,"damage_taken":6.0,"cards_obtained":["Madness","Madness"]}],"is_beta":false,"boss_relics":[{"not_picked":["Busted Crown","Runic Dome"],"picked":"Ectoplasm"},{"not_picked":["Philosopher\u0027s Stone","HoveringKite"],"picked":"Sozu"}],"items_purged_floors":[48],"is_endless":false,"potions_floor_spawned":[1,2,10,14,16,21,22,24,31,33,36,42,47],"ascension_level":13}}