{"host":"vumwfieg2b2mnrfl","time":1609729473,"event":{"mods":["AchievementEnabler","BaseMod","Minty Spire (QoL Compilation)","Rare Cards Sparkle","Relic Stats"],"gold_per_floor":[110,127,127,139,157,187,207,224,249,249,300,317,349,349,349,422,422,441,441,241,255,267,267,298,298,371,396,409,409,438,465,465,465,465],"floor_reached":33,"playtime":1395,"items_purged":["Defend_G"],"score":599,"play_id":"0d86154c-5efa-4849-9395-002ad54df9ff","local_time":"20210103210433","is_ascension_mode":true,"campfire_choices":[{"floor":10.0,"key":"REST"},{"data":"Bouncing Flask","floor":15.0,"key":"SMITH"},{"floor":23.0,"key":"REST"},{"data":"Leg Sweep","floor":25,"key":"SMITH"},{"floor":29,"key":"REST"},{"floor":32,"key":"REST"}],"circlet_count":0,"master_deck":["AscendersBane","Strike_G","Strike_G","Strike_G","Strike_G","Defend_G","Defend_G","Defend_G","Defend_G","Survivor","Neutralize","Poisoned Stab","Bouncing Flask+1","Terror","Poisoned Stab","Deflect","All Out Attack","Backflip","Bullet Time","Corpse Explosion","Leg Sweep+1","Footwork+1","Footwork","Deflect","Blur","Dash"],"relics":["Ring of the Snake","NeowsBlessing","White Beast Statue","Smiling Mask","Regal Pillow","Orichalcum","Toy Ornithopter","Nloth\u0027s Gift","Lantern","Peace Pipe","Pear","CaptainsWheel","Ancient Tea Set","Red Mask"],"acts_visited":["Exordium","TheCity"],"potions_floor_usage":[27,30,31,31,33],"damage_taken":[{"damage":0.0,"enemies":"Cultist","floor":1.0,"turns":1.0},{"damage":0.0,"enemies":"Jaw Worm","floor":2.0,"turns":1.0},{"damage":0.0,"enemies":"2 Louse","floor":4.0,"turns":1.0},{"damage":7.0,"enemies":"Large Slime","floor":5.0,"turns":6.0},{"damage":7.0,"enemies":"Lagavulin","floor":6.0,"turns":5.0},{"damage":19.0,"enemies":"Gremlin Gang","floor":7.0,"turns":7.0},{"damage":3.0,"enemies":"Looter","floor":8.0,"turns":3.0},{"damage":3.0,"enemies":"Blue Slaver","floor":12.0,"turns":4.0},{"damage":2.0,"enemies":"3 Sentries","floor":13.0,"turns":10.0},{"damage":35.0,"enemies":"Slime Boss","floor":16.0,"turns":10.0},{"damage":2.0,"enemies":"Chosen","floor":18.0,"turns":5.0},{"damage":23.0,"enemies":"2 Thieves","floor":21.0,"turns":3.0},{"damage":13.0,"enemies":"Snecko","floor":22.0,"turns":6.0},{"damage":15.0,"enemies":"Slavers","floor":24.0,"turns":3.0},{"damage":34,"enemies":"Gremlin Leader","floor":27,"turns":6},{"damage":24,"enemies":"Centurion and Healer","floor":28,"turns":7},{"damage":31,"enemies":"Slavers","floor":30,"turns":3},{"damage":16,"enemies":"Masked Bandits","floor":31,"turns":4},{"damage":57,"enemies":"Champ","floor":33,"turns":17}],"seed_played":"-6491319983499959603","potions_obtained":[{"floor":2.0,"key":"SkillPotion"},{"floor":4.0,"key":"BlessingOfTheForge"},{"floor":6.0,"key":"Ancient Potion"},{"floor":7.0,"key":"EssenceOfSteel"},{"floor":8.0,"key":"Poison Potion"},{"floor":13.0,"key":"SteroidPotion"},{"floor":16.0,"key":"Energy Potion"},{"floor":18.0,"key":"GamblersBrew"},{"floor":21.0,"key":"SneckoOil"},{"floor":22.0,"key":"DuplicationPotion"},{"floor":24.0,"key":"Explosive Potion"},{"floor":27,"key":"SteroidPotion"},{"floor":28,"key":"Fire Potion"},{"floor":30,"key":"SteroidPotion"},{"floor":31,"key":"Energy Potion"}],"is_trial":false,"path_per_floor":["M","M","T","M","M","E","M","M","T","R","T","M","E","?","R","B",null,"M","?","$","M","M","R","E","R","T","E","M","R","E","?","R","B"],"character_chosen":"THE_SILENT","items_purchased":["Lantern"],"campfire_rested":4,"item_purchase_floors":[20],"current_hp_per_floor":[59,59,59,59,52,45,26,23,23,57,57,54,52,52,52,27,56,54,54,54,36,28,62,51,51,61,32,8,45,19,13,50,0,0],"gold":465,"neow_bonus":"THREE_ENEMY_KILL","is_daily":false,"chose_seed":false,"campfire_upgraded":2,"win_rate":0.0,"timestamp":1609729473,"path_taken":["M","?","?","?","M","E","?","?","T","R","?","M","E","?","R","BOSS","M","?","$","M","M","R","E","R","T","E","?","R","E","?","R","BOSS"],"items_purchased_type":["Relic"],"build_version":"2020-12-22","purchased_purges":1,"victory":false,"max_hp_per_floor":[66,66,66,66,66,66,66,66,66,66,66,66,66,66,66,66,66,66,66,66,66,66,66,66,66,76,76,76,76,76,76,76,76,76],"relic_stats":{"Peace Pipe":0,"Regal Pillow":60,"counters":[19,102],"Nloth\u0027s Gift":0,"Orichalcum":[180],"Smiling Mask":25,"obtain_stats":[{"Regal Pillow":9,"Lantern":20,"Pear":26,"NeowsBlessing":0,"Orichalcum":11,"Smiling Mask":6,"Ancient Tea Set":30,"White Beast Statue":3,"Peace Pipe":24,"CaptainsWheel":27,"Nloth\u0027s Gift":19,"Red Mask":31,"Toy Ornithopter":13,"Ring of the Snake":0,"Runic Pyramid":17},{"Regal Pillow":7,"Lantern":11,"Pear":14,"NeowsBlessing":0,"Orichalcum":7,"Smiling Mask":5,"Ancient Tea Set":17,"White Beast Statue":2,"Peace Pipe":14,"CaptainsWheel":15,"Nloth\u0027s Gift":11,"Red Mask":18,"Toy Ornithopter":9,"Ring of the Snake":0,"Runic Pyramid":10},{"Regal Pillow":24,"Lantern":53,"Pear":65,"NeowsBlessing":0,"Orichalcum":24,"Smiling Mask":14,"Ancient Tea Set":81,"White Beast Statue":2,"Peace Pipe":65,"CaptainsWheel":71,"Nloth\u0027s Gift":53,"Red Mask":85,"Toy Ornithopter":38,"Ring of the Snake":0,"Runic Pyramid":48}],"Toy Ornithopter":49,"Ring of the Snake":[38]},"card_choices":[{"not_picked":["Cloak And Dagger","Bane"],"picked":"Poisoned Stab","floor":1.0},{"not_picked":["Prepared","Underhanded Strike","Eviscerate"],"picked":"SKIP","floor":2.0},{"not_picked":["Backstab","Footwork"],"picked":"Bouncing Flask","floor":4.0},{"not_picked":["PiercingWail","Prepared"],"picked":"Terror","floor":5.0},{"not_picked":["Wraith Form v2","Sucker Punch"],"picked":"Poisoned Stab","floor":6.0},{"not_picked":["Flying Knee","Setup","Accuracy"],"picked":"SKIP","floor":7.0},{"not_picked":["Flying Knee","Underhanded Strike"],"picked":"Deflect","floor":8.0},{"not_picked":["Underhanded Strike","Flying Knee"],"picked":"All Out Attack","floor":12.0},{"not_picked":["Caltrops","Masterful Stab"],"picked":"Backflip","floor":13.0},{"not_picked":["Die Die Die","Phantasmal Killer"],"picked":"Corpse Explosion","floor":16.0},{"not_picked":["Sucker Punch","Slice","Cloak And Dagger"],"picked":"SKIP","floor":18.0},{"not_picked":["Quick Slash","Poisoned Stab"],"picked":"Leg Sweep","floor":21.0},{"not_picked":["Deflect","Concentrate"],"picked":"Footwork+1","floor":22.0},{"not_picked":["Reflex","Expertise+1","After Image"],"picked":"SKIP","floor":24.0},{"not_picked":["Outmaneuver","Adrenaline"],"picked":"Footwork","floor":27},{"not_picked":["Masterful Stab","Deadly Poison"],"picked":"Deflect","floor":28},{"not_picked":["Flying Knee","Bane"],"picked":"Blur","floor":30},{"not_picked":["Concentrate","Doppelganger"],"picked":"Dash","floor":31}],"player_experience":359304,"relics_obtained":[{"floor":3.0,"key":"White Beast Statue"},{"floor":6.0,"key":"Smiling Mask"},{"floor":9.0,"key":"Regal Pillow"},{"floor":11.0,"key":"Orichalcum"},{"floor":13.0,"key":"Toy Ornithopter"},{"floor":24.0,"key":"Peace Pipe"},{"floor":26,"key":"Pear"},{"floor":27,"key":"CaptainsWheel"},{"floor":30,"key":"Ancient Tea Set"},{"floor":31,"key":"Red Mask"}],"event_choices":[{"damage_healed":0.0,"max_hp_gain":0.0,"max_hp_loss":0.0,"gold_gain":0.0,"cards_transformed":["Strike_G"],"event_name":"Living Wall","player_choice":"Change","floor":14.0,"gold_loss":0.0,"damage_taken":0.0,"cards_obtained":["Bullet Time"]},{"damage_healed":0.0,"max_hp_gain":0.0,"max_hp_loss":0.0,"gold_gain":0.0,"event_name":"N\u0027loth","player_choice":"Traded Relic","floor":19.0,"relics_lost":["Runic Pyramid"],"gold_loss":0.0,"damage_taken":0.0,"relics_obtained":["Nloth\u0027s Gift"]},{"damage_healed":0,"gold_gain":0,"player_choice":"Fought Bandits","damage_taken":0,"max_hp_gain":0,"max_hp_loss":0,"event_name":"Masked Bandits","floor":31,"gold_loss":0}],"is_beta":false,"boss_relics":[{"not_picked":["Fusion Hammer","WristBlade"],"picked":"Runic Pyramid"}],"items_purged_floors":[20],"is_endless":false,"potions_floor_spawned":[2,4,5,6,7,8,12,13,16,18,21,22,24,27,28,30,31],"killed_by":"Champ","ascension_level":15}}