{"host":"ty2cix8xj6r3ad26","time":1609748173,"event":{"mods":["AchievementEnabler","BaseMod","BetterRewards","Minty Spire (QoL Compilation)","StSLib","SuperFastMode"],"gold_per_floor":[110,110,121,121,133,165,165,165,165],"floor_reached":8,"playtime":662,"items_purged":["Strike_R","Strike_R"],"score":78,"play_id":"e8647bd8-87fb-4d89-9d62-b66b5df21523","local_time":"20210104101613","is_ascension_mode":true,"campfire_choices":[{"data":"Uppercut","floor":7,"key":"SMITH"}],"circlet_count":0,"master_deck":["Strike_R","Strike_R","Strike_R","Defend_R","Defend_R","Defend_R","Bash","Uppercut+1","Dropkick"],"relics":["Burning Blood","Sling","Ornamental Fan","White Beast Statue","Vajra"],"acts_visited":["Exordium"],"potions_floor_usage":[6,6,8,8],"damage_taken":[{"damage":0,"enemies":"Small Slimes","floor":1,"turns":3},{"damage":4,"enemies":"Cultist","floor":3,"turns":3},{"damage":4,"enemies":"Jaw Worm","floor":5,"turns":4},{"damage":32,"enemies":"Lagavulin","floor":6,"turns":6},{"damage":25,"enemies":"3 Sentries","floor":8,"turns":5}],"seed_played":"-9077821420513269208","potions_obtained":[{"floor":1,"key":"Weak Potion"},{"floor":3,"key":"GamblersBrew"},{"floor":5,"key":"Weak Potion"},{"floor":6,"key":"SteroidPotion"}],"is_trial":false,"path_per_floor":["M","?","M","?","M","E","R","E"],"character_chosen":"IRONCLAD","items_purchased":["Sling","Ornamental Fan","White Beast Statue"],"campfire_rested":0,"item_purchase_floors":[0,0,0],"current_hp_per_floor":[42,42,44,49,51,25,25,0,0],"gold":165,"neow_bonus":"","is_daily":false,"chose_seed":false,"campfire_upgraded":1,"win_rate":0.0,"timestamp":1609748173,"path_taken":["M","?","?","?","M","E","R","E"],"items_purchased_type":["Relic","Relic","Relic"],"build_version":"2020-12-22","purchased_purges":2,"victory":false,"max_hp_per_floor":[80,80,80,85,85,85,85,85,85],"card_choices":[{"not_picked":["Wild Strike","Feel No Pain"],"picked":"Uppercut","floor":1},{"not_picked":["Havoc","Sever Soul","Sword Boomerang"],"picked":"SKIP","floor":3},{"not_picked":["Searing Blow","Sword Boomerang","Warcry"],"picked":"SKIP","floor":5},{"not_picked":["Juggernaut","Seeing Red"],"picked":"Dropkick","floor":6}],"player_experience":411262,"relics_obtained":[{"floor":6,"key":"Vajra"}],"event_choices":[{"cards_removed":["Defend_R"],"damage_healed":0,"gold_gain":0,"player_choice":"Purged","damage_taken":0,"max_hp_gain":0,"max_hp_loss":0,"event_name":"Purifier","floor":2,"gold_loss":0},{"damage_healed":0,"gold_gain":0,"player_choice":"Donut","damage_taken":0,"max_hp_gain":5,"max_hp_loss":0,"event_name":"Big Fish","floor":4,"gold_loss":0}],"is_beta":false,"boss_relics":[],"items_purged_floors":[0,0],"is_endless":false,"potions_floor_spawned":[1,3,5,6],"killed_by":"3 Sentries","ascension_level":8}}