{"host":"a6mtgqd1w6td3a4j","time":1609745007,"event":{"mods":["BaseMod","Mimic Mod","Minty Spire (QoL Compilation)","Prisma Mod","Remilia£¨?Ú·×é?£©","Shop Mod","StSLib"],"gold_per_floor":[118,118,118,118,131,161,161,9,9,9,39,56,56,67,67,164,164,182,182,198,198,198,198],"floor_reached":22,"playtime":2429,"items_purged":[],"score":217,"play_id":"08d46136-8461-400a-ac08-b1e36d751d02","local_time":"20210104162327","is_ascension_mode":false,"campfire_choices":[{"data":"Eruption","floor":7.0,"key":"SMITH"},{"data":"WindmillStrike","floor":10.0,"key":"SMITH"},{"data":"Perseverance","floor":15.0,"key":"SMITH"}],"circlet_count":0,"master_deck":["Strike_P+1","Strike_P+1","Strike_P+1","Defend_P+1","Defend_P+1","Defend_P+1","Eruption+1","Vigilance","Collect","InnerPeace","Crescendo","Study","WindmillStrike+1","Perseverance+1","FollowUp","BowlingBash","Consecrate","Judgement","WindmillStrike","PathToVictory"],"relics":["PureWater","NeowsBlessing","Tiny Chest","Lantern","Happy Flower","HornCleat","Frozen Egg 2","Philosopher\u0027s Stone","Potion Belt"],"acts_visited":[],"potions_floor_usage":[],"damage_taken":[{"damage":0.0,"enemies":"2 Louse","floor":1.0,"turns":1.0},{"damage":0.0,"enemies":"Small Slimes","floor":5.0,"turns":1.0},{"damage":0.0,"enemies":"Lagavulin","floor":6.0,"turns":1.0},{"damage":18.0,"enemies":"3 Sentries","floor":11.0,"turns":6.0},{"damage":12.0,"enemies":"Jaw Worm","floor":12.0,"turns":3.0},{"damage":2.0,"enemies":"Exordium Thugs","floor":14.0,"turns":3.0},{"damage":16.0,"enemies":"The Guardian","floor":16.0,"turns":9.0},{"damage":14.0,"enemies":"2 Thieves","floor":18.0,"turns":2.0},{"damage":0.0,"enemies":"Chosen","floor":20.0,"turns":4.0},{"damage":0,"enemies":"Shelled Parasite and Fungi","floor":22,"turns":1}],"seed_played":"8128039195390385585","potions_obtained":[{"floor":1.0,"key":"AttackPotion"},{"floor":11.0,"key":"Fire Potion"},{"floor":14.0,"key":"SpeedPotion"},{"floor":16.0,"key":"Dexterity Potion"},{"floor":18.0,"key":"EntropicBrew"},{"floor":20.0,"key":"Energy Potion"}],"is_trial":false,"path_per_floor":["M","?","?","T","M","E","R","$","T","R","E","M","?","M","R","B",null,"M","?","M","T","M"],"character_chosen":"WATCHER","items_purchased":["WindmillStrike","Perseverance"],"campfire_rested":0,"item_purchase_floors":[8,8],"current_hp_per_floor":[72,65,65,65,65,65,65,65,65,65,47,35,23,21,21,5,72,58,58,58,58,58,58],"gold":198,"neow_bonus":"THREE_ENEMY_KILL","is_daily":false,"chose_seed":false,"campfire_upgraded":3,"win_rate":0.0,"timestamp":1609745007,"path_taken":["M","?","?","?","M","E","R","$","T","R","E","?","?","M","R","BOSS","M","?","M","?","M"],"items_purchased_type":["Card","Card"],"build_version":"2020-12-22","purchased_purges":0,"victory":false,"max_hp_per_floor":[72,72,72,72,72,72,72,72,72,72,72,72,72,72,72,72,72,72,72,72,72,72,72],"card_choices":[{"not_picked":["CutThroughFate","FlyingSleeves"],"picked":"Collect","floor":1.0},{"not_picked":["Protect","CutThroughFate"],"picked":"Crescendo","floor":5.0},{"not_picked":["LikeWater","Evaluate"],"picked":"Study","floor":6.0},{"not_picked":["Scrawl","ClearTheMind"],"picked":"FollowUp","floor":11.0},{"not_picked":["EmptyBody","SashWhip"],"picked":"BowlingBash","floor":12.0},{"not_picked":["FollowUp","EmptyBody"],"picked":"Consecrate","floor":14.0},{"not_picked":["LessonLearned","Omniscience"],"picked":"Judgement","floor":16.0},{"not_picked":["ClearTheMind","FollowUp"],"picked":"WindmillStrike","floor":18.0},{"not_picked":["FlurryOfBlows","Evaluate"],"picked":"PathToVictory","floor":20.0}],"player_experience":799867,"relics_obtained":[{"floor":4.0,"key":"Tiny Chest"},{"floor":6.0,"key":"Lantern"},{"floor":9.0,"key":"Happy Flower"},{"floor":11.0,"key":"HornCleat"},{"floor":21.0,"key":"Potion Belt"}],"event_choices":[{"cards_removed":["Defend_P"],"damage_healed":0.0,"max_hp_gain":0.0,"max_hp_loss":0.0,"gold_gain":0.0,"event_name":"Golden Wing","player_choice":"Card Removal","floor":2.0,"gold_loss":0.0,"damage_taken":7.0},{"damage_healed":0.0,"max_hp_gain":0.0,"max_hp_loss":0.0,"gold_gain":0.0,"cards_transformed":["Strike_P"],"event_name":"Living Wall","player_choice":"Change","floor":3.0,"gold_loss":0.0,"damage_taken":0.0,"cards_obtained":["InnerPeace"]},{"damage_healed":0.0,"max_hp_gain":0.0,"max_hp_loss":0.0,"gold_gain":0.0,"event_name":"Scrap Ooze","player_choice":"Success","floor":13.0,"gold_loss":0.0,"damage_taken":12.0,"relics_obtained":["Frozen Egg 2"]},{"damage_healed":0.0,"max_hp_gain":0.0,"max_hp_loss":0.0,"gold_gain":0.0,"event_name":"Back to Basics","player_choice":"Simplicity","floor":19.0,"gold_loss":0.0,"damage_taken":0.0,"cards_upgraded":["Strike_P","Strike_P","Strike_P","Defend_P","Defend_P","Defend_P"]}],"is_beta":false,"boss_relics":[{"not_picked":["VioletLotus","Calling Bell"],"picked":"Philosopher\u0027s Stone"}],"items_purged_floors":[],"is_endless":false,"potions_floor_spawned":[1,11,14,16,18,20],"killed_by":"Shelled Parasite and Fungi","ascension_level":0}}