{"host":"mvz90ilxx8epviq1","time":1609723092,"event":{"mods":["2.2 Compatiblity","Act Like it!","BaseMod","Better Note","Better Third Choice","Better Vampires","Clockwork Mod","Colored Map","Colored Powertips","Gensokyo","Hallownest","Hermit","Hubris","Marisa????????","Minty Spire (QoL Compilation)","Replay The Spire","Shop Mod","Spicy Shops","StSLib","The Alterego","The Bug Knight","The Construct","The Cursed","The Mystic","The Senshi","The Servant 0.9.4","The Wild Card","slay the spire mod where everything is the same but ironclad has a cowboy hat"],"gold_per_floor":[119,119,133,144,69,103,103,118,143,93,120,138,149,83,136,235,235,253,253,253,269,295,320,320,348,348,359,359,369,369,76,76,178,178,195,213,213,213,229,264,264,84,110,169,200,115,142,158,158,158,158,158,22,47,47],"floor_reached":56,"playtime":6578,"items_purged":["theSenshi:SailorBlock"],"score":1433,"play_id":"b827aa80-9048-49f6-b4d3-28dd1711f659","local_time":"20210103201812","is_ascension_mode":false,"campfire_choices":[{"floor":7,"key":"REST"},{"data":"Hallownest:attackMasterCycloneSlash","floor":24,"key":"SMITH"},{"floor":28,"key":"REST"},{"data":"theSenshi:JupitersPower","floor":41,"key":"SMITH"},{"floor":49,"key":"RECALL"},{"data":"theSenshi:JupitersPower","floor":52,"key":"SMITH"}],"circlet_count":1,"master_deck":["theSenshi:SailorKick","theSenshi:SailorKick","theSenshi:SailorKick","theSenshi:SailorKick","theSenshi:SailorBlock","theSenshi:SailorBlock","theSenshi:RoseThrow+1","theSenshi:MoonPrismPowerMakeUp","theSenshi:MoonPunch","Pot Of Greed","theSenshi:GatheringStrength","Pot Of Greed","theSenshi:TuxedoMaskAssists","theSenshi:SaturnsMystery","theSenshi:MoonlightKnight","theSenshi:JupitersPower+1","theSenshi:MoonPunch","theSenshi:JupitersPower+1","Hallownest:attackMasterCycloneSlash+1","theSenshi:MoonPunch","theSenshi:SailorUranusAssists","theSenshi:MoonPunch","theSenshi:LateForSchool+1","theSenshi:GlimpseOfThePast","Pot Of Greed","theSenshi:MoonGorgeousMeditation","theSenshi:SupersonicWaves+1","theSenshi:SailorNeptuneAssists+1","theSenshi:SailorMarsAssists+1","theSenshi:SailorPlanetPower+1","theSenshi:SailorV","Hallownest:skillKingdomsEdgeMap","theSenshi:LunasBite+1","theSenshi:MoonCosmicPowerMakeUp+1","theSenshi:JupitersPower+1","theSenshi:MoonCosmicPowerMakeUp","theSenshi:MoonCosmicPowerMakeUp","Pot Of Greed","theSenshi:SailorMercuryAssists+1"],"relics":["theSenshi:TransformationBroochRelic","Grinning Jar","Replay:Baseball","Bronze Scales","Replay:Mystery Machine","Durian","Runic Dome","Nunchaku","Oddly Smooth Stone","theSenshi:TiaraRelic","Gambling Chip","Eternal Feather","hubris:Icosahedron","hubris:EmptyBottle","Toy Ornithopter","hubris:Towel","hubris:GrandSneckoEye","Circlet","Nunchaku","Hallownest:StagBellRelic1","Counterbalance","Simple Rune","ReplayTheSpireMod:Lightbulb","DollysMirror","Replay:Rubber Ducky"],"acts_visited":["Exordium","Hallownest:CityofTears","Hallownest:KingdomsEdge","TheEnding"],"potions_floor_usage":[13,21,25,33,33,36,39,39,40,50,54,55,55,55],"damage_taken":[{"damage":5,"enemies":"Small Slimes","floor":1,"turns":4},{"damage":4,"enemies":"Cultist","floor":3,"turns":3},{"damage":0,"enemies":"Jaw Worm","floor":4,"turns":4},{"damage":20,"enemies":"Replay:BlueRogue","floor":6,"turns":5},{"damage":2,"enemies":"Exordium Wildlife","floor":8,"turns":4},{"damage":20,"enemies":"Lagavulin","floor":11,"turns":7},{"damage":9,"enemies":"Blue Slaver","floor":12,"turns":4},{"damage":6,"enemies":"3 Louse","floor":13,"turns":3},{"damage":48,"enemies":"The Guardian","floor":16,"turns":8},{"damage":20,"enemies":"Hallownest:Flukemon_and_Top","floor":18,"turns":4},{"damage":10,"enemies":"Hallownest:3_Youths","floor":21,"turns":4},{"damage":0,"enemies":"Hallownest:eliteSoulWarrior","floor":23,"turns":5},{"damage":40,"enemies":"Hallownest:eliteWatcherKnight","floor":25,"turns":9},{"damage":16,"enemies":"Hallownest:Master_and_Novice","floor":27,"turns":3},{"damage":2,"enemies":"Hallownest:Warrior_and_Youth","floor":29,"turns":2},{"damage":32,"enemies":"Hallownest:BossSoulMaster","floor":33,"turns":6},{"damage":38,"enemies":"Hallownest:3_Siblings","floor":35,"turns":4},{"damage":35,"enemies":"Hallownest:Shield_Heavy","floor":36,"turns":4},{"damage":0,"enemies":"Hallownest:2_Wing_and_1_Kings","floor":39,"turns":3},{"damage":6,"enemies":"Hallownest:eliteCollector","floor":40,"turns":3},{"damage":11,"enemies":"Hallownest:2_Primals","floor":44,"turns":4},{"damage":0,"enemies":"Hallownest:StalkingDevout","floor":45,"turns":3},{"damage":3,"enemies":"Hallownest:eliteHiveKnight","floor":47,"turns":4},{"damage":10,"enemies":"Hallownest:monsterPrimalAspid","floor":48,"turns":2},{"damage":45,"enemies":"Hallownest:BossHollowKnight","floor":50,"turns":3},{"damage":0,"enemies":"Shield and Spear","floor":54,"turns":5},{"damage":68,"enemies":"The Heart","floor":55,"turns":6}],"seed_played":"6358179851074713695","potions_obtained":[{"floor":1,"key":"Flashbang"},{"floor":4,"key":"Adrenaline Potion"},{"floor":12,"key":"Fire Potion"},{"floor":18,"key":"SpeedPotion"},{"floor":21,"key":"FearPotion"},{"floor":25,"key":"Dexterity Potion"},{"floor":29,"key":"DuplicationPotion"},{"floor":33,"key":"Fire Potion"},{"floor":36,"key":"AttackPotion"},{"floor":44,"key":"BlessingOfTheForge"},{"floor":48,"key":"ColorlessPotion"},{"floor":54,"key":"PowerPotion"}],"is_trial":false,"path_per_floor":["M","?","M","M","$","E","R","M","T","?","E","M","M","$","R_BF","B",null,"M","?","?","M","T","E","R","E","T","M","R","M","?","$","R_BF","B",null,"M","M","?","?","M","E","R","?","T","?","E","?","E","M","R","B",null,"R","$","E","B",null],"character_chosen":"THE_SENSHI","items_purchased":["Durian","hubris:EmptyBottle","Toy Ornithopter","DollysMirror","theSenshi:MoonCosmicPowerMakeUp"],"campfire_rested":2,"item_purchase_floors":[14,31,31,53,53],"current_hp_per_floor":[70,70,66,66,66,46,68,69,69,69,55,53,57,62,62,29,80,60,60,60,58,58,66,66,33,33,27,63,61,61,61,76,54,80,42,22,18,18,39,68,80,80,80,69,74,74,79,70,80,40,80,80,80,80,14],"gold":47,"neow_bonus":"UPGRADE_CARD","is_daily":false,"chose_seed":false,"campfire_upgraded":3,"win_rate":0.0,"timestamp":1609723092,"path_taken":["M","?","M","?","$","E","R","M","T","?","E","M","M","?","R_BF","BOSS","M","?","?","M","?","E","R","E","T","M","R","M","?","$","R_BF","BOSS","M","M","?","?","?","E","R","?","T","?","E","?","E","M","R","BOSS","R","$","E","BOSS"],"items_purchased_type":["Relic","Relic","Relic","Relic","Card"],"build_version":"2020-12-22","purchased_purges":1,"victory":true,"max_hp_per_floor":[75,75,75,75,75,75,75,75,75,75,75,75,75,80,80,80,80,80,80,80,80,80,80,80,80,80,80,80,80,80,80,80,80,80,80,80,80,80,80,80,80,80,80,80,80,80,80,80,80,80,80,80,80,80,80],"card_choices":[{"not_picked":["theSenshi:Sidestep","theSenshi:LunasBite"],"picked":"theSenshi:MoonPunch","floor":1},{"not_picked":["theSenshi:SailorNeptuneAssists","theSenshi:SupersonicWaves"],"picked":"theSenshi:GatheringStrength","floor":3},{"not_picked":["theSenshi:MoonKick","theSenshi:TuxedoSmokingBomber"],"picked":"theSenshi:TuxedoMaskAssists","floor":4},{"not_picked":["theSenshi:YouCanTalk","theSenshi:SailorMarsAssists"],"picked":"theSenshi:SaturnsMystery","floor":6},{"not_picked":["theSenshi:MoonsReflection","theSenshi:SailorUranusAssists"],"picked":"theSenshi:MoonlightKnight","floor":8},{"not_picked":["theSenshi:MoonPrincessHalation","theSenshi:MoonKick"],"picked":"theSenshi:JupitersPower","floor":11},{"not_picked":["theSenshi:KlutzyLuck","theSenshi:TallSilhouette"],"picked":"theSenshi:MoonPunch","floor":12},{"not_picked":["theSenshi:KlutzyLuck","theSenshi:SupersonicWaves","theSenshi:TallSilhouette"],"picked":"SKIP","floor":13},{"not_picked":["theSenshi:LunaSensingAllies","theSenshi:InTheNameOfTheMoon"],"picked":"theSenshi:JupitersPower","floor":16},{"not_picked":["theSenshi:MoonTiaraMagic","theSenshi:SupersonicWaves","theSenshi:Sidestep"],"picked":"SKIP","floor":18},{"not_picked":["theSenshi:MoonKick","theSenshi:SupersonicWaves"],"picked":"theSenshi:MoonPunch","floor":21},{"not_picked":["theSenshi:SupersonicWaves","theSenshi:SailorPlanetAttack"],"picked":"theSenshi:SailorUranusAssists","floor":23},{"not_picked":["theSenshi:SailorPlanetAttack","theSenshi:SchoolBag"],"picked":"theSenshi:MoonPunch","floor":25},{"not_picked":["theSenshi:MoonPrincessHalation+1","theSenshi:SchoolBag"],"picked":"theSenshi:LateForSchool+1","floor":27},{"not_picked":["theSenshi:SupersonicWaves+1","theSenshi:CrisisMakeUp"],"picked":"theSenshi:GlimpseOfThePast","floor":29},{"not_picked":["theSenshi:SailorCosmosAssists","theSenshi:ChibiMoonsLove"],"picked":"theSenshi:MoonGorgeousMeditation","floor":33},{"not_picked":["theSenshi:SupersonicWaves","theSenshi:FatedKiss","theSenshi:SailorVenusAssists"],"picked":"SKIP","floor":35},{"not_picked":["theSenshi:SailorMarsAssists","theSenshi:LunasBite+1"],"picked":"theSenshi:SupersonicWaves+1","floor":36},{"not_picked":["theSenshi:SailorPlutoAssists","theSenshi:SupersonicWaves+1"],"picked":"theSenshi:SailorNeptuneAssists+1","floor":39},{"not_picked":["theSenshi:PlutosSolemnity","theSenshi:MoonGorgeousMeditation"],"picked":"theSenshi:SailorMarsAssists+1","floor":40},{"not_picked":["theSenshi:SailorMarsAssists+1","theSenshi:TuxedoMaskAssists"],"picked":"theSenshi:SailorPlanetPower+1","floor":44},{"not_picked":["theSenshi:TallSilhouette","theSenshi:HesSoDreamy"],"picked":"theSenshi:SailorV","floor":45},{"not_picked":["theSenshi:SupersonicWaves","theSenshi:TuxedoSmokingBomber"],"picked":"theSenshi:LunasBite+1","floor":47},{"not_picked":["theSenshi:EncouragingSpeech","theSenshi:SailorMercuryAssists+1"],"picked":"theSenshi:MoonCosmicPowerMakeUp+1","floor":48},{"not_picked":["theSenshi:LunaWiseMentor+1","theSenshi:LateForSchool"],"picked":"theSenshi:SailorMercuryAssists+1","floor":54}],"player_experience":431235,"relics_obtained":[{"floor":6,"key":"Replay:Baseball"},{"floor":9,"key":"Bronze Scales"},{"floor":11,"key":"Replay:Mystery Machine"},{"floor":22,"key":"Oddly Smooth Stone"},{"floor":23,"key":"theSenshi:TiaraRelic"},{"floor":25,"key":"Gambling Chip"},{"floor":26,"key":"Eternal Feather"},{"floor":40,"key":"Nunchaku"},{"floor":44,"key":"Counterbalance"},{"floor":45,"key":"Simple Rune"},{"floor":47,"key":"ReplayTheSpireMod:Lightbulb"},{"floor":54,"key":"Replay:Rubber Ducky"}],"event_choices":[{"damage_healed":0,"gold_gain":0,"player_choice":"Gave Potion","damage_taken":0,"relics_obtained":["Grinning Jar"],"max_hp_gain":0,"max_hp_loss":0,"event_name":"WeMeetAgain","floor":2,"gold_loss":0},{"cards_removed":["theSenshi:SailorBlock"],"damage_healed":0,"gold_gain":0,"player_choice":"Card Removal","damage_taken":0,"max_hp_gain":0,"max_hp_loss":0,"event_name":"The Cleric","floor":10,"gold_loss":50}],"is_beta":false,"boss_relics":[{"not_picked":["Pandora\u0027s Box","construct:ClawGrip"],"picked":"Runic Dome"},{"not_picked":["Replay:Wanted Poster","SlaversCollar"],"picked":"hubris:GrandSneckoEye"}],"items_purged_floors":[5],"is_endless":false,"potions_floor_spawned":[1,4,12,18,21,25,29,33,35,36,44,48,54],"ascension_level":0}}