{"host":"31s8hzukbhz1k6i6","time":1609799792,"event":{"mods":["AchievementEnabler","BaseMod","Bestiary","Colored Map","Filter the Spire","Minty Spire (QoL Compilation)","Relic Stats","ojb\u0027s Info Mod"],"gold_per_floor":[111,36,36,46,66,66,93,93,120,120,155,104,135,145,145,145,145],"floor_reached":16,"playtime":562,"items_purged":[],"score":236,"play_id":"eae9f93d-1ad4-4153-8a34-f46def8b8486","local_time":"20210104143632","is_ascension_mode":true,"campfire_choices":[{"data":"Pommel Strike","floor":6,"key":"SMITH"},{"data":"Seeing Red","floor":8,"key":"SMITH"},{"data":"Bash","floor":10,"key":"SMITH"},{"data":"Strike_R","floor":15,"key":"PURGE"}],"circlet_count":0,"master_deck":["AscendersBane","Strike_R","Defend_R","Defend_R","Bash+1","Pommel Strike+1","Cleave+1","Blood for Blood+1","Pommel Strike+1","Shrug It Off","Flame Barrier","Seeing Red+1","True Grit","Dropkick"],"relics":["Astrolabe","Tiny Chest","Bag of Preparation","Blue Candle","Peace Pipe"],"acts_visited":["Exordium"],"potions_floor_usage":[16,16],"damage_taken":[{"damage":2,"enemies":"Jaw Worm","floor":1,"turns":3},{"damage":0,"enemies":"2 Louse","floor":4,"turns":2},{"damage":0,"enemies":"Cultist","floor":5,"turns":3},{"damage":28,"enemies":"Gremlin Nob","floor":7,"turns":4},{"damage":15,"enemies":"Lagavulin","floor":11,"turns":5},{"damage":3,"enemies":"3 Sentries","floor":13,"turns":6},{"damage":1,"enemies":"Exordium Thugs","floor":14,"turns":4},{"damage":25,"enemies":"Slime Boss","floor":16,"turns":10}],"seed_played":"2449616850623238863","potions_obtained":[{"floor":4,"key":"GamblersBrew"},{"floor":13,"key":"SpeedPotion"}],"is_trial":false,"path_per_floor":["M","?","?","M","M","R","E","R","T","R","E","$","E","M","R","B"],"character_chosen":"IRONCLAD","items_purchased":["True Grit"],"campfire_rested":0,"item_purchase_floors":[12],"current_hp_per_floor":[66,66,66,66,66,66,38,38,38,38,23,23,20,19,19,0,0],"gold":145,"neow_bonus":"BOSS_RELIC","is_daily":false,"chose_seed":false,"campfire_upgraded":3,"win_rate":0.0,"timestamp":1609799792,"path_taken":["M","?","?","M","?","R","E","R","T","R","E","?","E","M","R","BOSS"],"items_purchased_type":["Card"],"build_version":"2020-12-22","purchased_purges":0,"victory":false,"max_hp_per_floor":[75,75,75,75,75,75,75,75,75,75,75,75,75,75,75,75,75],"relic_stats":{"Peace Pipe":1,"counters":[8,37],"Astrolabe":["Pommel Strike","Cleave","Blood for Blood"],"Blue Candle":[0],"Tiny Chest":0,"Bag of Preparation":[8],"obtain_stats":[{"Peace Pipe":13,"Astrolabe":0,"Blue Candle":11,"Tiny Chest":7,"Bag of Preparation":9,"Burning Blood":0},{"Peace Pipe":6,"Astrolabe":0,"Blue Candle":5,"Tiny Chest":4,"Bag of Preparation":4,"Burning Blood":0},{"Peace Pipe":23,"Astrolabe":0,"Blue Candle":17,"Tiny Chest":12,"Bag of Preparation":12,"Burning Blood":0}]},"card_choices":[{"not_picked":["Warcry","Twin Strike","Hemokinesis"],"picked":"SKIP","floor":1},{"not_picked":["Thunderclap","Havoc"],"picked":"Shrug It Off","floor":4},{"not_picked":["Body Slam","Heavy Blade"],"picked":"Flame Barrier","floor":5},{"not_picked":["Cleave","Bludgeon"],"picked":"Seeing Red","floor":7},{"not_picked":["Pommel Strike","Flex","Entrench"],"picked":"SKIP","floor":11},{"not_picked":["Warcry","Clash","Perfected Strike"],"picked":"SKIP","floor":13},{"not_picked":["Rampage","Heavy Blade"],"picked":"Dropkick","floor":14}],"player_experience":154573,"relics_obtained":[{"floor":7,"key":"Tiny Chest"},{"floor":9,"key":"Bag of Preparation"},{"floor":11,"key":"Blue Candle"},{"floor":13,"key":"Peace Pipe"}],"event_choices":[{"cards_removed":["Strike_R"],"damage_healed":0,"gold_gain":0,"player_choice":"Card Removal","damage_taken":0,"max_hp_gain":0,"max_hp_loss":0,"event_name":"The Cleric","floor":2,"gold_loss":75},{"damage_healed":0,"gold_gain":0,"cards_transformed":["Strike_R"],"player_choice":"Transformed","damage_taken":0,"max_hp_gain":0,"max_hp_loss":0,"event_name":"Transmorgrifier","floor":3,"gold_loss":0,"cards_obtained":["Pommel Strike"]}],"is_beta":false,"boss_relics":[],"items_purged_floors":[],"is_endless":false,"potions_floor_spawned":[4,13],"killed_by":"Slime Boss","ascension_level":20}}