{"host":"kig4ty9d1aubg29s","time":1609744355,"event":{"mods":["BaseMod","Minty Spire (QoL Compilation)","READ ME - Guardian Mod","READ ME - Snecko Mod","StSLib","The Cursed","The Gatherer","The Hierophant","The Runesmith"],"gold_per_floor":[15,35,35,52,68,68,98,98,98,98,98,117,151,151,151,246,246,265,288,288,203,219,219,262,262,262,262,286,286,326,326,326],"floor_reached":31,"playtime":1096,"items_purged":[],"score":509,"play_id":"8b9bb615-c755-451b-8e3c-219ea69d1d63","local_time":"20210104161235","is_ascension_mode":true,"campfire_choices":[{"floor":6,"key":"REST"},{"data":"Apotheosis","floor":8,"key":"SMITH"},{"floor":11,"key":"REST"},{"floor":15,"key":"REST"},{"floor":23,"key":"REST"},{"floor":25,"key":"REST"}],"circlet_count":0,"master_deck":["AscendersBane","Strike_G","Strike_G","Strike_G","Strike_G","Strike_G","Defend_G","Defend_G","Defend_G","Defend_G","Defend_G","Survivor","Neutralize","Apotheosis+1","Prepared","Dagger Throw","Regret","Deadly Poison","Underhanded Strike","Heel Hook","Injury","Well Laid Plans","Blade Dance","Phantasmal Killer","Backstab","Infinite Blades","Dagger Spray+1","Accuracy","Infinite Blades","Slice","Flying Knee"],"relics":["Ring of the Snake","Tiny Chest","Meat on the Bone","Centennial Puzzle","Golden Idol","Runesmith:Nanobots","WristBlade","Mummified Hand","Sundial","Bag of Preparation","StoneCalendar","PreservedInsect","Happy Flower"],"acts_visited":["Exordium","TheCity"],"potions_floor_usage":[13,22,28,30,31],"damage_taken":[{"damage":4,"enemies":"Cultist","floor":1,"turns":4},{"damage":1,"enemies":"Jaw Worm","floor":2,"turns":4},{"damage":12,"enemies":"Small Slimes","floor":4,"turns":3},{"damage":3,"enemies":"Red Slaver","floor":5,"turns":3},{"damage":22,"enemies":"Lagavulin","floor":7,"turns":7},{"damage":0,"enemies":"Looter","floor":12,"turns":2},{"damage":5,"enemies":"3 Sentries","floor":13,"turns":7},{"damage":41,"enemies":"Slime Boss","floor":16,"turns":10},{"damage":1,"enemies":"Chosen","floor":18,"turns":2},{"damage":3,"enemies":"Spheric Guardian","floor":19,"turns":3},{"damage":22,"enemies":"3 Cultists","floor":22,"turns":5},{"damage":55,"enemies":"Gremlin Leader","floor":24,"turns":7},{"damage":18,"enemies":"Snake Plant","floor":28,"turns":2},{"damage":32,"enemies":"Book of Stabbing","floor":30,"turns":3},{"damage":19,"enemies":"Shelled Parasite and Fungi","floor":31,"turns":1}],"seed_played":"7169172321091536075","potions_obtained":[{"floor":1,"key":"Regen Potion"},{"floor":7,"key":"BlessingOfTheForge"},{"floor":16,"key":"Weak Potion"},{"floor":24,"key":"Swift Potion"},{"floor":30,"key":"EssenceOfSteel"}],"is_trial":false,"path_per_floor":["M","M","?","M","M","R","E","R","T","?","R","M","E","?","R","B",null,"M","M","T","?","M","R","E","R","T","?","M","T","E","M"],"character_chosen":"THE_SILENT","items_purchased":[],"campfire_rested":5,"item_purchase_floors":[],"current_hp_per_floor":[55,54,54,42,39,58,36,36,36,36,55,55,50,46,65,36,59,58,55,55,55,45,64,21,40,40,40,39,39,19,0,0],"gold":326,"neow_bonus":"RANDOM_COLORLESS_2","is_daily":false,"chose_seed":false,"campfire_upgraded":1,"win_rate":0.0,"timestamp":1609744355,"path_taken":["M","?","?","M","M","R","E","R","T","?","R","M","E","?","R","BOSS","M","?","?","?","M","R","E","R","T","?","?","?","E","M"],"items_purchased_type":[],"build_version":"2020-12-22","purchased_purges":0,"victory":false,"max_hp_per_floor":[66,66,66,66,66,66,66,66,66,66,66,66,66,66,66,66,66,66,66,66,66,66,66,66,66,66,66,66,66,66,66,66],"card_choices":[{"not_picked":["Secret Technique","HandOfGreed"],"picked":"Apotheosis","floor":0},{"not_picked":["PiercingWail","Finisher"],"picked":"Prepared","floor":1},{"not_picked":["Bane","Backflip"],"picked":"Dagger Throw","floor":2},{"not_picked":["Expertise","Sucker Punch"],"picked":"Deadly Poison","floor":4},{"not_picked":["Dagger Spray","Crippling Poison"],"picked":"Underhanded Strike","floor":5},{"not_picked":["Dagger Throw","Masterful Stab"],"picked":"Heel Hook","floor":7},{"not_picked":["Cloak And Dagger","Burst"],"picked":"Well Laid Plans","floor":12},{"not_picked":["Outmaneuver","Prepared"],"picked":"Blade Dance","floor":13},{"not_picked":["Burst","Glass Knife"],"picked":"Phantasmal Killer","floor":16},{"not_picked":["Setup+1","Dagger Spray"],"picked":"Backstab","floor":18},{"not_picked":["Underhanded Strike","Accuracy"],"picked":"Infinite Blades","floor":19},{"not_picked":["Deflect","Quick Slash"],"picked":"Dagger Spray+1","floor":22},{"not_picked":["Choke","Well Laid Plans"],"picked":"Accuracy","floor":24},{"not_picked":["Backflip+1","Deadly Poison"],"picked":"Slice","floor":28},{"not_picked":["Expertise","Cloak And Dagger"],"picked":"Flying Knee","floor":30}],"player_experience":1906787,"relics_obtained":[{"floor":7,"key":"Meat on the Bone"},{"floor":9,"key":"Centennial Puzzle"},{"floor":13,"key":"Runesmith:Nanobots"},{"floor":20,"key":"Mummified Hand"},{"floor":24,"key":"Bag of Preparation"},{"floor":26,"key":"StoneCalendar"},{"floor":29,"key":"PreservedInsect"},{"floor":30,"key":"Happy Flower"}],"event_choices":[{"damage_healed":0,"gold_gain":0,"player_choice":"Box","damage_taken":0,"relics_obtained":["Tiny Chest"],"max_hp_gain":0,"max_hp_loss":0,"event_name":"Big Fish","floor":3,"gold_loss":0,"cards_obtained":["Regret"]},{"damage_healed":0,"gold_gain":0,"player_choice":"Take Wound","damage_taken":0,"relics_obtained":["Golden Idol"],"max_hp_gain":0,"max_hp_loss":0,"event_name":"Golden Idol","floor":10,"gold_loss":0,"cards_obtained":["Injury"]},{"damage_healed":0,"gold_gain":0,"player_choice":"Bought 0 Potions","damage_taken":0,"max_hp_gain":0,"max_hp_loss":0,"event_name":"The Woman in Blue","floor":14,"gold_loss":0},{"damage_healed":0,"gold_gain":0,"player_choice":"Obtained Relic","damage_taken":0,"relics_obtained":["Sundial"],"max_hp_gain":0,"max_hp_loss":0,"event_name":"Addict","floor":21,"gold_loss":85},{"damage_healed":0,"gold_gain":0,"player_choice":"Copied","damage_taken":0,"max_hp_gain":0,"max_hp_loss":0,"event_name":"Duplicator","floor":27,"gold_loss":0,"cards_obtained":["Infinite Blades"]}],"is_beta":false,"boss_relics":[{"not_picked":["Cursed Key","Black Star"],"picked":"WristBlade"}],"items_purged_floors":[],"is_endless":false,"potions_floor_spawned":[1,7,16,18,24,30],"killed_by":"Shelled Parasite and Fungi","ascension_level":16}}