{"host":"0fmi5fguj5lvt8pf","time":1609719174,"event":{"mods":["BaseMod","Colored Map","Curses Come First","Downfall","Minty Spire (QoL Compilation)","Permanent Neow","StSLib","Waifu the Spire"],"gold_per_floor":[99,99,199,199,199,199,199,199,7,7,18,18,3,15,25,128,128,128,145,159,159,159,159,159,172,202,187,202,52,68,84,104,204,204,129,148,167,185,122,137,137,237,256,118,118,118,136,151,161,161,161,187,32,32,32,32,32],"floor_reached":55,"playtime":3290,"items_purged":["champ:HeavySlash+1","champ:Defend"],"score":731,"play_id":"1a20538c-6684-4182-a7d7-2e132561309c","local_time":"20210103161254","is_ascension_mode":false,"campfire_choices":[{"floor":1.0,"key":"RECALL"},{"data":"champ:Strike","floor":6.0,"key":"SMITH"},{"data":"champ:CrookedStrike","floor":10.0,"key":"SMITH"},{"data":"expansioncontent:DashGenerateEvil","floor":12.0,"key":"SMITH"},{"data":"champ:EnchantCrown","floor":18.0,"key":"SMITH"},{"data":"champ:Duel","floor":29.0,"key":"SMITH"},{"data":"champ:HeavySlash","floor":35.0,"key":"SMITH"},{"floor":54.0,"key":"REST"}],"circlet_count":0,"master_deck":["champ:Strike","champ:Strike","champ:Strike+1","champ:Defend+1","champ:Defend+1","champ:Defend","champ:Execute","champ:CrookedStrike+1","expansioncontent:DashGenerateEvil+1","champ:CrookedStrike","champ:CrookedStrike","champ:Duel+1","champ:EnchantCrown+1","champ:RapidStrikes+1","champ:PerfectedStrike+1","champ:CrookedStrike+1","champ:RisingSlash+1","champ:Duel+1","champ:CrookedStrike+1","champ:RisingSlash+1"],"relics":["champ:ChampionCrownUpgraded","downfall:HeartsMalice","Akabeko","hexamod:BolsterEngine","downfall:HeartBlessingRed","downfall:HeartBlessingGreen","Busted Crown","downfall:HeartBlessingBlue","Molten Egg 2","Incense Burner","Potion Belt","Sundial","War Paint"],"acts_visited":["Exordium","TheCity","TheBeyond","TheEnding"],"potions_floor_usage":[55,55,55],"damage_taken":[{"damage":0.0,"enemies":"2 Louse","floor":5.0,"turns":1.0},{"damage":0.0,"enemies":"Small Slimes","floor":8.0,"turns":1.0},{"damage":0.0,"enemies":"downfall:FleeingMerchant","floor":9.0,"turns":1.0},{"damage":0.0,"enemies":"Cultist","floor":11.0,"turns":3.0},{"damage":5.0,"enemies":"downfall:FleeingMerchant","floor":13.0,"turns":4.0},{"damage":7.0,"enemies":"Exordium Thugs","floor":14.0,"turns":3.0},{"damage":25.0,"enemies":"3 Louse","floor":15.0,"turns":3.0},{"damage":40.0,"enemies":"downfall:Ironclad","floor":16.0,"turns":8.0},{"damage":0.0,"enemies":"Spheric Guardian","floor":19.0,"turns":3.0},{"damage":5.0,"enemies":"Centurion and Healer","floor":20.0,"turns":5.0},{"damage":14.0,"enemies":"Snake Plant","floor":25.0,"turns":3.0},{"damage":37.0,"enemies":"Slavers","floor":26.0,"turns":6.0},{"damage":22.0,"enemies":"downfall:FleeingMerchant","floor":27.0,"turns":4.0},{"damage":27.0,"enemies":"Shelled Parasite and Fungi","floor":28.0,"turns":3.0},{"damage":18.0,"enemies":"Snecko","floor":30.0,"turns":2.0},{"damage":6.0,"enemies":"Snake Plant","floor":31.0,"turns":2.0},{"damage":11.0,"enemies":"Sentry and Sphere","floor":32.0,"turns":2.0},{"damage":44.0,"enemies":"downfall:Defect","floor":33.0,"turns":7.0},{"damage":12.0,"enemies":"Orb Walker","floor":36.0,"turns":2.0},{"damage":12.0,"enemies":"3 Darklings","floor":37.0,"turns":3.0},{"damage":22.0,"enemies":"Writhing Mass","floor":38.0,"turns":3.0},{"damage":3.0,"enemies":"downfall:FleeingMerchant","floor":39.0,"turns":3.0},{"damage":24.0,"enemies":"Maw","floor":40.0,"turns":5.0},{"damage":36.0,"enemies":"downfall:LadyInBlue","floor":42.0,"turns":2.0},{"damage":15.0,"enemies":"4 Shapes","floor":43.0,"turns":2.0},{"damage":18.0,"enemies":"Writhing Mass","floor":47.0,"turns":2.0},{"damage":27.0,"enemies":"Maw","floor":48.0,"turns":4.0},{"damage":18.0,"enemies":"Jaw Worm Horde","floor":49.0,"turns":2.0},{"damage":63.0,"enemies":"downfall:Silent","floor":50.0,"turns":5.0},{"damage":55.0,"enemies":"downfall:CharBossMerchant","floor":52.0,"turns":5.0},{"damage":134,"enemies":"downfall:NeowBoss","floor":55,"turns":25}],"seed_played":"-5955650522299666697","potions_obtained":[{"floor":14.0,"key":"SneckoOil"},{"floor":15.0,"key":"Energy Potion"},{"floor":20.0,"key":"BlessingOfTheForge"},{"floor":28.0,"key":"AttackPotion"},{"floor":30.0,"key":"champ:CounterPotion"},{"floor":32.0,"key":"champ:TechniquePotion"},{"floor":42.0,"key":"LiquidMemories"},{"floor":42.0,"key":"Ancient Potion"},{"floor":42.0,"key":"EssenceOfSteel"},{"floor":48.0,"key":"champ:UltimateStancePotion"}],"is_trial":false,"path_per_floor":["R","?","?","?","M","R","T","M","$","R","M","R","$","M","M","B",null,"R","M","M","?","?","?","T","M","E","$","M","R","M","M","M","B",null,"R","M","M","M","$","M","T","?","M","$","?","$","M","M","M","B",null,"E","$","R","B"],"character_chosen":"THE_CHAMP","items_purchased":["expansioncontent:DashGenerateEvil","Molten Egg 2","champ:RisingSlash+1","champ:RisingSlash+1","War Paint"],"campfire_rested":1,"item_purchase_floors":[9,39,39,44,53],"current_hp_per_floor":[90,90,90,90,90,90,90,90,90,90,90,90,90,83,68,28,90,90,90,90,90,90,90,90,90,67,67,54,54,54,54,54,23,90,100,100,100,100,100,96,96,96,96,96,96,96,100,100,100,61,100,68,68,98,0,0,0],"gold":32,"neow_bonus":"THREE_ENEMY_KILL","is_daily":false,"chose_seed":false,"campfire_upgraded":6,"win_rate":0.0,"timestamp":1609719174,"path_taken":["R","?","?","?","?","R","T","M","$","R","M","R","?","M","M","BOSS","R","M","M","?","?","?","T","?","E","$","M","R","M","M","M","BOSS","R","M","M","M","$","M","T","?","M","?","?","$","M","M","M","BOSS","E","$","R","BOSS"],"items_purchased_type":["Card","Relic","Card","Card","Relic"],"build_version":"2020-12-22","purchased_purges":2,"victory":false,"max_hp_per_floor":[90,90,90,90,90,90,90,90,90,90,90,90,90,90,90,90,90,90,90,90,90,90,90,90,90,90,90,90,90,90,90,90,90,90,100,100,100,100,100,100,100,100,100,100,100,100,100,100,100,100,100,100,100,100,100,100,100],"card_choices":[{"not_picked":["champ:TornadoPunch","champ:BladeFlurry","champ:BerserkersShout"],"picked":"SKIP","floor":5.0},{"not_picked":["champ:Riposte","champ:RageSigil"],"picked":"champ:CrookedStrike","floor":8.0},{"not_picked":["champ:FocusedGladiator","champ:FaceSlap","champ:Riposte"],"picked":"SKIP","floor":9.0},{"not_picked":["champ:EndlessRage","champ:ArenaPreparation"],"picked":"champ:CrookedStrike","floor":11.0},{"not_picked":["champ:FaceSlap","champ:EnragedBash","champ:Circumvent"],"picked":"SKIP","floor":13.0},{"not_picked":["champ:GladiatorsShout","champ:Backstep"],"picked":"champ:CrookedStrike","floor":14.0},{"not_picked":["champ:FalseCounter","champ:BladeFlurry"],"picked":"champ:Duel","floor":15.0},{"not_picked":["champ:ShieldSlam","champ:MurderStrike"],"picked":"champ:EnchantCrown","floor":16.0},{"not_picked":["champ:DeathBlow+1","champ:FanOfKnives","champ:Balance"],"picked":"SKIP","floor":19.0},{"not_picked":["champ:Backstep","champ:BladeFlurry","champ:RecklessLeap"],"picked":"SKIP","floor":20.0},{"not_picked":["champ:ShieldWall","champ:Balance+1","champ:AdrenalArmor"],"picked":"SKIP","floor":25.0},{"not_picked":["champ:Haymaker+1","champ:Duel"],"picked":"champ:RapidStrikes","floor":26.0},{"not_picked":["champ:GutPunch","champ:Duel","champ:FanOfKnives"],"picked":"SKIP","floor":27.0},{"not_picked":["champ:Backstep","champ:SteelEdge","champ:EnragedBash"],"picked":"SKIP","floor":28.0},{"not_picked":["champ:FocusedBerserking","champ:RageSigil"],"picked":"champ:PerfectedStrike+1","floor":30.0},{"not_picked":["champ:FaceSlap+1","champ:FlashCut"],"picked":"champ:CrookedStrike+1","floor":31.0},{"not_picked":["champ:EnGarde+1","champ:RecklessLeap","champ:PerfectedStrike"],"picked":"SKIP","floor":32.0},{"not_picked":["champ:ShieldSlam","champ:StrikeOfGenius"],"picked":"champ:HeavySlash","floor":33.0},{"not_picked":["champ:PerfectedStrike"],"picked":"SKIP","floor":36.0},{"not_picked":["champ:BladeFlurry+1"],"picked":"SKIP","floor":37.0},{"not_picked":["champ:FaceSlap"],"picked":"SKIP","floor":38.0},{"not_picked":["champ:TornadoPunch"],"picked":"SKIP","floor":39.0},{"not_picked":[],"picked":"champ:Duel+1","floor":40.0},{"not_picked":[],"picked":"champ:CrookedStrike+1","floor":43.0},{"not_picked":["champ:Aggression+1"],"picked":"SKIP","floor":47.0},{"not_picked":["champ:BladeFlurry+1"],"picked":"SKIP","floor":48.0},{"not_picked":["champ:Encircle+1"],"picked":"SKIP","floor":49.0},{"not_picked":["champ:GladiatorStyle"],"picked":"SKIP","floor":52.0}],"player_experience":1274528,"relics_obtained":[{"floor":24.0,"key":"Akabeko"},{"floor":26.0,"key":"hexamod:BolsterEngine"},{"floor":41.0,"key":"Incense Burner"},{"floor":42.0,"key":"Potion Belt"},{"floor":52.0,"key":"Sundial"}],"event_choices":[{"cards_removed":["champ:Taunt"],"damage_healed":0.0,"max_hp_gain":0.0,"max_hp_loss":0.0,"gold_gain":0.0,"event_name":"The Cleric","player_choice":"Card Removal","floor":2.0,"gold_loss":0.0,"damage_taken":0.0},{"cards_removed":["champ:Strike"],"damage_healed":0.0,"max_hp_gain":0.0,"max_hp_loss":0.0,"gold_gain":0.0,"event_name":"Purifier","player_choice":"Purged","floor":4.0,"gold_loss":0.0,"damage_taken":0.0},{"damage_healed":0.0,"max_hp_gain":0.0,"max_hp_loss":0.0,"gold_gain":0.0,"event_name":"Ghosts","player_choice":"Ignored","floor":21.0,"gold_loss":0.0,"damage_taken":0.0},{"damage_healed":0.0,"max_hp_gain":0.0,"max_hp_loss":0.0,"gold_gain":0.0,"event_name":"Upgrade Shrine","player_choice":"Upgraded","floor":45.0,"gold_loss":0.0,"damage_taken":0.0,"cards_upgraded":["champ:RapidStrikes"]}],"is_beta":false,"boss_relics":[{"not_picked":["Runic Pyramid","Astrolabe"],"picked":"champ:ChampionCrownUpgraded"},{"not_picked":["SacredBark","Tiny House"],"picked":"Busted Crown"}],"items_purged_floors":[39,44],"is_endless":false,"potions_floor_spawned":[14,15,20,28,30,31,32,37,43,47,48],"killed_by":"downfall:NeowBoss","ascension_level":0}}