{"host":"x2ek6o6i0zlpy2ld","time":1609794727,"event":{"mods":["AchievementEnabler","BaseMod","Downfall","Minty Spire (QoL Compilation)","Quick Restart","StSLib"],"gold_per_floor":[99,111,124,134,151,181,204,304,319,244,255,255,240,275,291,291,291,291],"floor_reached":16,"playtime":907,"items_purged":[],"score":114,"play_id":"428b6676-217f-4a64-b598-80dd077d79f1","local_time":"20210104151207","is_ascension_mode":false,"campfire_choices":[{"floor":1.0,"key":"RECALL"},{"data":"Guardian:GuardianWhirl","floor":10.0,"key":"SMITH"},{"data":"Guardian:PiercingHide","floor":12.0,"key":"SMITH"}],"circlet_count":0,"master_deck":["Guardian:Strike_Guardian","Guardian:Strike_Guardian","Guardian:Strike_Guardian","Guardian:Strike_Guardian","Guardian:Defend_Guardian","Guardian:Defend_Guardian","Guardian:Defend_Guardian","Guardian:Defend_Guardian","Guardian:CurlUp","Guardian:TwinSlam","Guardian:GuardianWhirl+1","Guardian:PrismaticBarrier","Guardian:PiercingHide+1","Guardian:Harden","Guardian:CrystalBeam","Guardian:RollAttack","Guardian:Gem_Green","Guardian:ArmoredProtocol","Guardian:Gem_Red"],"relics":["Guardian:ModeShifter","Smiling Mask","Oddly Smooth Stone","downfall:HeartBlessingRed","Lantern"],"acts_visited":["Exordium"],"potions_floor_usage":[16,16],"damage_taken":[{"damage":2.0,"enemies":"Small Slimes","floor":2.0,"turns":4.0},{"damage":9.0,"enemies":"Jaw Worm","floor":3.0,"turns":4.0},{"damage":2.0,"enemies":"2 Louse","floor":4.0,"turns":2.0},{"damage":7.0,"enemies":"Blue Slaver","floor":5.0,"turns":4.0},{"damage":18.0,"enemies":"3 Sentries","floor":6.0,"turns":10.0},{"damage":9.0,"enemies":"Lots of Slimes","floor":9.0,"turns":5.0},{"damage":2.0,"enemies":"3 Louse","floor":11.0,"turns":2.0},{"damage":0.0,"enemies":"downfall:FleeingMerchant","floor":13.0,"turns":4.0},{"damage":23.0,"enemies":"Lagavulin","floor":14.0,"turns":9.0},{"damage":0.0,"enemies":"Exordium Wildlife","floor":15.0,"turns":3.0},{"damage":23,"enemies":"downfall:Defect","floor":16,"turns":6}],"seed_played":"-4065644091781741660","potions_obtained":[{"floor":4.0,"key":"AttackPotion"},{"floor":5.0,"key":"LiquidMemories"},{"floor":11.0,"key":"Fruit Juice"},{"floor":15.0,"key":"sneckomod:MuddlingPotion"}],"is_trial":false,"path_per_floor":["R","M","M","M","M","E","T","?","M","R","M","R","$","E","M","B"],"character_chosen":"GUARDIAN","items_purchased":[],"campfire_rested":0,"item_purchase_floors":[],"current_hp_per_floor":[88,86,77,75,68,50,50,50,41,41,44,44,44,21,21,0,0,0],"gold":291,"neow_bonus":"TEN_PERCENT_HP_BONUS","is_daily":false,"chose_seed":false,"campfire_upgraded":2,"win_rate":0.0,"timestamp":1609794727,"path_taken":["R","M","M","M","M","E","T","?","M","R","M","R","$","E","M","BOSS"],"items_purchased_type":[],"build_version":"2020-12-22","purchased_purges":0,"victory":false,"max_hp_per_floor":[88,88,88,88,88,88,88,88,88,88,93,93,93,93,93,93,93,93],"card_choices":[{"not_picked":["Guardian:ChargeCore","Guardian:Planning"],"picked":"Guardian:GuardianWhirl","floor":2.0},{"not_picked":["Guardian:Gem_Green","Guardian:DecasProtection"],"picked":"Guardian:PrismaticBarrier","floor":3.0},{"not_picked":["Guardian:TemporalShield","Guardian:Reroute"],"picked":"Guardian:PiercingHide","floor":4.0},{"not_picked":["Guardian:WalkerClaw","Guardian:Reroute"],"picked":"Guardian:Harden","floor":5.0},{"not_picked":["Guardian:Reroute","Guardian:RefractedBeam"],"picked":"Guardian:CrystalBeam","floor":6.0},{"not_picked":["Guardian:Gem_Fragmented","Guardian:ChargeCore"],"picked":"Guardian:RollAttack","floor":9.0},{"not_picked":["Guardian:RefractedBeam","Guardian:FastForward"],"picked":"Guardian:Gem_Red","floor":11.0},{"not_picked":["Guardian:CrystalBeam","Guardian:PrimingBeam"],"picked":"Guardian:Gem_Green","floor":13.0},{"not_picked":["Guardian:Reroute","Guardian:Gem_White"],"picked":"Guardian:ArmoredProtocol","floor":14.0},{"not_picked":["Guardian:ChargeCore","Guardian:WalkerClaw"],"picked":"Guardian:Gem_Red","floor":15.0}],"player_experience":310201,"relics_obtained":[{"floor":6.0,"key":"Smiling Mask"},{"floor":7.0,"key":"Oddly Smooth Stone"},{"floor":14.0,"key":"Lantern"}],"event_choices":[],"is_beta":false,"boss_relics":[],"items_purged_floors":[],"is_endless":false,"potions_floor_spawned":[4,5,11,15],"killed_by":"downfall:Defect","ascension_level":0}}