{"host":"4lxzgdqpvzyot39g","time":1609732900,"event":{"mods":["100% Spire Juice","Abigail Mod","Act Like it!","Aspiration","BaseMod","Beaked The Cultist","Better Altar","Better Match","Better Note","Better Sensory Stone","Better Skull","Better Third Choice","CCEM","Colored Map","Colored Powertips","Conspire","Displayed Cursed Tome","Dota2Spire","Energized Spire","Friendly Minions","Gensokyo","GifTheSpireLib","Halation","Hallownest","Hermit","Highlight Path","Hubris","Infinite Spire","Jedi Mod","JesterMod","Mari Mod (Legacy)","Mari\u0027s V1 Patch","MarisaÅiñ∂âJÅ@ñÇóùçπÅj","Minty Spire (QoL Compilation)","Prisma Mod","Quarter Circle Forward PUNCH!","Relic Filter","Replay The Spire","Robot Space Explorer","SCP261 Mod","Small Relic Pack","Spicy Shops","Spikes Relics","StSLib","Stuff the Spire","The Alterego","The Animator","The Blue Laboratory","The Bug Knight","The Cursed","The Fake Hero","The Servant 0.9.4","The Wild Card","Trackpad","Waifu the Spire","WarShipGirlsR/??è≠èóR mod","vexMod","Åy?ï®?îvÅzREMEMod"],"gold_per_floor":[112,137,137,62,97,156,156,55,79,98,88,105,105,134,14,118,118,128,128,128,142,142,167,177,177,203,229,229,255,271,302,302,484,484,522,522,7,61,61,177,177,77,77,123,3,67,112,37,37,99,99,99,99,88,152,152],"floor_reached":55,"playtime":3597,"items_purged":["Moonworks:ImOnFire","Moonworks:Strike","Moonworks:Defend","Moonworks:Defend"],"score":1232,"play_id":"167135eb-048e-48c5-a9de-d182c5bcd543","local_time":"20210103230140","is_ascension_mode":true,"campfire_choices":[{"data":"Replay:Fractal Strike","floor":7.0,"key":"SMITH"},{"data":"Moonworks:JonathanRush","floor":13.0,"key":"SMITH"},{"data":"Moonworks:LongDistanceShot","floor":15.0,"key":"SMITH"},{"floor":28.0,"key":"RECALL"},{"data":"Moonworks:Accelerator","floor":32.0,"key":"SMITH"},{"data":"Moonworks:CloudOfSeagulls","floor":49.0,"key":"SMITH"},{"data":"Moonworks:CloudOfSeagulls","floor":52.0,"key":"SMITH"}],"circlet_count":0,"master_deck":["Moonworks:Defend","Moonworks:Defend","Moonworks:Ambush","Moonworks:LongDistanceShot+1","Gensokyo:RisingWorld","Moonworks:WindyEnchantment","Replay:Fractal Strike+1","Moonworks:JonathanRush+1","Moonworks:NicePresent","Moonworks:HolyNight","Moonworks:JonathanRush+1","Moonworks:WindyEnchantment","Replay:Fractal Strike","Moonworks:WindyEnchantment","Moonworks:Accelerator+1","Moonworks:WindyEnchantment","Moonworks:Dash","Moonworks:NicePresent","Moonworks:EvilSpyWorkPreparation","Moonworks:CloudOfSeagulls+1","Moonworks:EvilSpyWorkPreparation","Moonworks:EvilSpyWorkPreparation","Moonworks:CloudOfSeagulls","Moonworks:CloudOfSeagulls+1","Moonworks:NicePresent","Moonworks:EvilSpyWorkPreparation+1","Moonworks:Accelerator","Moonworks:DeployBits+1"],"relics":["Moonworks:BrokenBomb","Moonworks:Homemark","REME_ComplimentaryCards","trackpad:AdjectivePendant","hubris:SlimyHat","hubris:CrystalStatue","Kunai","Dota2Spire:RefresherOrb","Dota2Spire:DrumOfEndurance","Hallownest:DreamNailRelic","Turnip","aspiration:HiddenCompartment","Replay:PocketPolymizer","Dota2Spire:MagicBottle","Replay:Bandana","REME_DuelDisc","Hallownest:HeavyBlowRelic","CCEMRelics:BiPhaseBiplane","Hallownest:KingsIdolRelic","halation:LettersToHer","hubris:Towel","RetroEgg","hubris:Backtick","trackpad:ToughGloves","CCEMRelics:JestersCrown","RollingBoulder"],"acts_visited":["Hallownest:Greenpath","TheCity","Hallownest:KingdomsEdge","TheEnding"],"potions_floor_usage":[55,55,55],"damage_taken":[{"damage":1.0,"enemies":"Hallownest:2_Tiktiks_and_1_Crawlid","floor":1.0,"turns":5.0},{"damage":1.0,"enemies":"conspire:MimicChest","floor":5.0,"turns":3.0},{"damage":11.0,"enemies":"Hallownest:eliteCrystalGuardian","floor":6.0,"turns":4.0},{"damage":0.0,"enemies":"Hallownest:2_Baldur","floor":8.0,"turns":2.0},{"damage":0.0,"enemies":"Hallownest:monsterHuskWarrior","floor":10.0,"turns":2.0},{"damage":0.0,"enemies":"Hallownest:1_Baldur_1_Crawlid_1_Warrior","floor":12.0,"turns":2.0},{"damage":0.0,"enemies":"Hallownest:eliteMossKnight","floor":14.0,"turns":3.0},{"damage":0.0,"enemies":"Hallownest:BossBrokenVessel","floor":16.0,"turns":4.0},{"damage":0.0,"enemies":"Shell Parasite","floor":18.0,"turns":2.0},{"damage":0.0,"enemies":"3 Byrds","floor":21.0,"turns":3.0},{"damage":0.0,"enemies":"Gremlin Leader","floor":23.0,"turns":3.0},{"damage":0.0,"enemies":"Snake Plant","floor":24.0,"turns":2.0},{"damage":0.0,"enemies":"Slavers","floor":27.0,"turns":1.0},{"damage":0.0,"enemies":"REME_1_Revenger","floor":29.0,"turns":2.0},{"damage":0.0,"enemies":"Shelled Parasite and Fungi","floor":30.0,"turns":1.0},{"damage":0.0,"enemies":"Slavers","floor":31.0,"turns":2.0},{"damage":0.0,"enemies":"Automaton","floor":33.0,"turns":2.0},{"damage":0.0,"enemies":"Hallownest:Shield_Heavy","floor":35.0,"turns":1.0},{"damage":10.0,"enemies":"Hallownest:2_Littles","floor":38.0,"turns":2.0},{"damage":21.0,"enemies":"Hallownest:eliteCollector","floor":40.0,"turns":2.0},{"damage":0.0,"enemies":"Hallownest:2_Great","floor":44.0,"turns":1.0},{"damage":0.0,"enemies":"Hallownest:eliteHiveKnight","floor":46.0,"turns":3.0},{"damage":0.0,"enemies":"Hallownest:Shield_Sturdy","floor":47.0,"turns":1.0},{"damage":18.0,"enemies":"Hallownest:BossGreyPrinceZote","floor":50.0,"turns":2.0},{"damage":10.0,"enemies":"Shield and Spear","floor":54.0,"turns":3.0},{"damage":57,"enemies":"The Heart","floor":55,"turns":3}],"seed_played":"-7024605063664449135","potions_obtained":[{"floor":5.0,"key":"REME_GoldPotion"},{"floor":10.0,"key":"Weak Potion"},{"floor":14.0,"key":"blueLaboratory:BottleOfVodka"},{"floor":24.0,"key":"Dexterity Potion"},{"floor":27.0,"key":"DuplicationPotion"},{"floor":40.0,"key":"SkillPotion"},{"floor":44.0,"key":"SCP261:BostonMolassesPotion"}],"is_trial":false,"path_per_floor":["M","T","?","$","?","E","R","M","T","M","?","M","R","E","R","B",null,"M","?","?","M","AVR","E","M","?","T","E","R","E","M","E","R","B",null,"M","?","$","M","?","E","?","$","T","M","?","E","M","?","R","B",null,"R","$","E","B"],"character_chosen":"THE_STARBREAKER","items_purchased":["Moonworks:CloudOfSeagulls","CCEMRelics:BiPhaseBiplane","Moonworks:CloudOfSeagulls","Moonworks:NicePresent"],"campfire_rested":0,"item_purchase_floors":[37,37,42,42],"current_hp_per_floor":[59,59,43,43,42,31,31,31,31,31,31,31,31,31,31,31,60,60,60,60,60,60,60,60,60,60,60,60,60,60,60,60,60,60,60,60,60,50,50,29,29,29,29,29,29,29,29,29,29,11,45,45,45,35,0,0],"gold":152,"neow_bonus":"TRANSFORM_CARD","is_daily":false,"chose_seed":false,"campfire_upgraded":6,"win_rate":0.0,"timestamp":1609732900,"path_taken":["M","?","?","$","?","E","R","M","T","M","?","M","R","E","R","BOSS","M","?","?","?","AVR","E","M","?","T","E","R","E","M","E","R","BOSS","M","?","$","M","?","E","?","?","T","?","?","E","?","?","R","BOSS","R","$","E","BOSS"],"items_purchased_type":["Card","Relic","Card","Card"],"build_version":"2020-12-22","purchased_purges":4,"victory":false,"max_hp_per_floor":[60,60,60,60,60,60,60,60,60,60,60,60,60,60,60,60,60,60,60,60,60,60,60,60,60,60,60,60,60,60,60,60,60,60,60,60,60,60,60,60,60,60,60,60,45,45,45,45,45,45,45,45,45,45,45,45],"card_choices":[{"not_picked":["Moonworks:IndiscriminateFireSupport","Moonworks:Dinner"],"picked":"Moonworks:WindyEnchantment","floor":1.0},{"not_picked":["infinitespire:SealOfDarkness+","infinitespire:UltimateForm"],"picked":"Replay:Fractal Strike","floor":3.0},{"not_picked":["Moonworks:BigMagnum","Moonworks:ForcedRevival","Moonworks:AwakeningOfTalent"],"picked":"SKIP","floor":6.0},{"not_picked":["Moonworks:ScrambledEve","Moonworks:UnluckyCharm"],"picked":"Moonworks:JonathanRush","floor":8.0},{"not_picked":["Moonworks:LulusLuckyEgg","Moonworks:SakisCookie","Moonworks:UnluckyCharm"],"picked":"SKIP","floor":10.0},{"not_picked":["Moonworks:DeployBits","Moonworks:ImOnFire"],"picked":"Moonworks:NicePresent","floor":12.0},{"not_picked":["Moonworks:AwakeningOfTalent","Moonworks:SelfDestruct","Moonworks:Assault"],"picked":"SKIP","floor":14.0},{"not_picked":["Moonworks:RocketCannon","Moonworks:OutOfAmmo"],"picked":"Moonworks:HolyNight","floor":16.0},{"not_picked":["Moonworks:DevilHand","Moonworks:Assault"],"picked":"Moonworks:JonathanRush+1","floor":18.0},{"not_picked":["Moonworks:BigBangBell","Moonworks:DevilHand"],"picked":"Moonworks:WindyEnchantment","floor":21.0},{"not_picked":["Moonworks:LulusLuckyEgg","Moonworks:BigMagnum","Moonworks:RedAndBlue"],"picked":"SKIP","floor":23.0},{"not_picked":["Moonworks:ImOnFire","Moonworks:AnotherUltimateWeapon"],"picked":"Moonworks:WindyEnchantment","floor":24.0},{"not_picked":["Moonworks:ExtendedPhotonRifle","Moonworks:DeployBits","Moonworks:Bloodlust"],"picked":"SKIP","floor":27.0},{"not_picked":["Moonworks:ScrambledEve+1","Moonworks:BeyondHell"],"picked":"Moonworks:WindyEnchantment","floor":29.0},{"not_picked":["Moonworks:ImOnFire","Moonworks:AngelHand+1"],"picked":"Moonworks:Dash","floor":30.0},{"not_picked":["Moonworks:WeAreWaruda","Moonworks:DeployBits"],"picked":"Moonworks:NicePresent","floor":31.0},{"not_picked":["Moonworks:LulusLuckyEgg","Moonworks:MiracleWalker"],"picked":"Moonworks:EvilSpyWorkPreparation","floor":35.0},{"not_picked":["Moonworks:ScrambledEve+1","Moonworks:WindyEnchantment+1"],"picked":"Moonworks:EvilSpyWorkPreparation","floor":38.0},{"not_picked":["Moonworks:DeployBits+1","Moonworks:BigBangBell+1"],"picked":"Moonworks:EvilSpyWorkPreparation","floor":40.0},{"not_picked":["Moonworks:UnpaidWork","Moonworks:IndiscriminateFireSupport","Moonworks:DeployBits"],"picked":"SKIP","floor":44.0},{"not_picked":["Moonworks:SubspaceTunnel","Moonworks:UnluckyCharm"],"picked":"Moonworks:EvilSpyWorkPreparation+1","floor":46.0},{"not_picked":["Moonworks:UnluckyCharm","Moonworks:IndiscriminateFireSupport","Moonworks:BigMagnum+1"],"picked":"SKIP","floor":47.0},{"not_picked":["Moonworks:Wanted","Moonworks:MixPhenomenon"],"picked":"Moonworks:DeployBits+1","floor":54.0}],"player_experience":1085206,"relics_obtained":[{"floor":2.0,"key":"trackpad:AdjectivePendant"},{"floor":5.0,"key":"hubris:SlimyHat"},{"floor":6.0,"key":"hubris:CrystalStatue"},{"floor":14.0,"key":"Kunai"},{"floor":19.0,"key":"Dota2Spire:DrumOfEndurance"},{"floor":23.0,"key":"Turnip"},{"floor":26.0,"key":"aspiration:HiddenCompartment"},{"floor":27.0,"key":"Replay:PocketPolymizer"},{"floor":29.0,"key":"Dota2Spire:MagicBottle"},{"floor":31.0,"key":"Replay:Bandana"},{"floor":40.0,"key":"halation:LettersToHer"},{"floor":43.0,"key":"halation:LettersToHer"},{"floor":43.0,"key":"RetroEgg"},{"floor":46.0,"key":"CCEMRelics:JestersCrown"},{"floor":54.0,"key":"RollingBoulder"}],"event_choices":[{"damage_healed":0.0,"max_hp_gain":0.0,"max_hp_loss":0.0,"gold_gain":0.0,"event_name":"Ghosts","player_choice":"Ignored","floor":25.0,"gold_loss":0.0,"damage_taken":0.0},{"damage_healed":0.0,"max_hp_gain":0.0,"max_hp_loss":0.0,"gold_gain":0.0,"event_name":"betterMatch:BetterMatch","player_choice":"2","floor":48.0,"gold_loss":0.0,"damage_taken":0.0,"cards_obtained":["betterMatch:UncommonCard"]}],"is_beta":false,"boss_relics":[{"not_picked":["halation:PlatinumPhoenix","jedi:hotpepper"],"picked":"Dota2Spire:RefresherOrb"},{"not_picked":["jedi:endoplasm","Sozu"],"picked":"REME_DuelDisc"}],"items_purged_floors":[4,22,37,37],"is_endless":false,"potions_floor_spawned":[5,10,14,24,27,31,35,40,44,46],"killed_by":"The Heart","ascension_level":1}}