{"host":"29nokk5suv5vtcrv","time":1609768490,"event":{"mods":["BaseMod","Minty Spire (QoL Compilation)","Slay-I"],"gold_per_floor":[111,130,130,130,130,161,161,161,161,161,185,39,54,79,79,204,204,220,220,220,220,220],"floor_reached":21,"playtime":1590,"items_purged":[],"score":310,"play_id":"fe46b5af-20b3-4274-8b5b-c1bed55666cb","local_time":"20210104145450","is_ascension_mode":true,"campfire_choices":[{"data":"Leg Sweep","floor":7,"key":"SMITH"},{"floor":10,"key":"REST"},{"data":"Defend_G","floor":15,"key":"SMITH"}],"circlet_count":0,"master_deck":["AscendersBane","Strike_G+1","Strike_G+1","Strike_G+1","Defend_G+1","Defend_G","Defend_G","Defend_G","Defend_G","Survivor+1","Neutralize+1","Leg Sweep+1","Injury","CurseOfTheBell","Tactician+1","Dodge and Roll","Unload","Necronomicurse"],"relics":["Ring of the Snake","NeowsBlessing","Golden Idol","Orichalcum","StoneCalendar","Medical Kit","Whetstone","Calling Bell","Tiny Chest","Eternal Feather","Girya","Necronomicon"],"acts_visited":["Exordium","TheCity"],"potions_floor_usage":[13,16,16],"damage_taken":[{"damage":0,"enemies":"Cultist","floor":1,"turns":1},{"damage":0,"enemies":"Jaw Worm","floor":2,"turns":1},{"damage":0,"enemies":"3 Sentries","floor":6,"turns":2},{"damage":0,"enemies":"Small Slimes","floor":11,"turns":4},{"damage":3,"enemies":"Looter","floor":13,"turns":3},{"damage":20,"enemies":"Slime Boss","floor":16,"turns":7},{"damage":25,"enemies":"Chosen","floor":18,"turns":7},{"damage":27,"enemies":"Spheric Guardian","floor":21,"turns":6}],"seed_played":"-3013830581389519659","potions_obtained":[{"floor":1,"key":"FearPotion"},{"floor":11,"key":"PowerPotion"},{"floor":13,"key":"ColorlessPotion"}],"is_trial":false,"path_per_floor":["M","M","$","?","?","E","R","?","T","R","M","$","M","T","R","B",null,"M","?","?","M"],"character_chosen":"THE_SILENT","items_purchased":["Medical Kit"],"campfire_rested":1,"item_purchase_floors":[12],"current_hp_per_floor":[63,63,63,63,49,49,49,49,49,70,70,70,67,67,67,47,64,39,39,23,0,0],"gold":220,"neow_bonus":"THREE_ENEMY_KILL","is_daily":false,"chose_seed":false,"campfire_upgraded":2,"win_rate":0.0,"timestamp":1609768490,"path_taken":["M","?","$","?","?","E","R","?","T","R","M","?","?","?","R","BOSS","M","?","?","M"],"items_purchased_type":["Relic"],"build_version":"2020-12-22","purchased_purges":0,"victory":false,"max_hp_per_floor":[70,70,70,70,70,70,70,70,70,70,70,70,70,70,70,70,70,70,70,70,70,70],"card_choices":[{"not_picked":["Endless Agony","Choke","Bane"],"picked":"SKIP","floor":1},{"not_picked":["Backflip","Underhanded Strike"],"picked":"Leg Sweep","floor":2},{"not_picked":["Acrobatics","Concentrate","Blade Dance"],"picked":"SKIP","floor":6},{"not_picked":["Blade Dance","Bane","Well Laid Plans"],"picked":"SKIP","floor":11},{"not_picked":["Acrobatics","Bane","Quick Slash"],"picked":"SKIP","floor":13},{"not_picked":["Bane","Flying Knee"],"picked":"Tactician+1","floor":18}],"player_experience":854204,"relics_obtained":[{"floor":6,"key":"Orichalcum"},{"floor":9,"key":"StoneCalendar"},{"floor":14,"key":"Whetstone"},{"floor":17,"key":"Tiny Chest"},{"floor":17,"key":"Eternal Feather"},{"floor":17,"key":"Girya"},{"floor":20,"key":"Necronomicon"}],"event_choices":[{"damage_healed":0,"gold_gain":0,"player_choice":"Take Wound","damage_taken":0,"relics_obtained":["Golden Idol"],"max_hp_gain":0,"max_hp_loss":0,"event_name":"Golden Idol","floor":4,"gold_loss":0,"cards_obtained":["Injury"]},{"damage_healed":0,"gold_gain":0,"player_choice":"Entered Light","damage_taken":14,"max_hp_gain":0,"max_hp_loss":0,"event_name":"Shining Light","floor":5,"gold_loss":0,"cards_upgraded":["Neutralize","Strike_G"]},{"damage_healed":0,"gold_gain":0,"player_choice":"Grow","damage_taken":0,"max_hp_gain":0,"max_hp_loss":0,"event_name":"Living Wall","floor":8,"gold_loss":0,"cards_upgraded":["Survivor"]},{"damage_healed":0,"gold_gain":0,"cards_transformed":["Strike_G","Strike_G"],"player_choice":"Became Test Subject","damage_taken":0,"max_hp_gain":0,"max_hp_loss":0,"event_name":"Drug Dealer","floor":19,"gold_loss":0,"cards_obtained":["Dodge and Roll","Unload"]},{"damage_healed":0,"gold_gain":0,"player_choice":"Obtained Book","damage_taken":16,"max_hp_gain":0,"max_hp_loss":0,"event_name":"Cursed Tome","floor":20,"gold_loss":0}],"is_beta":false,"boss_relics":[{"not_picked":["Velvet Choker","Ring of the Serpent"],"picked":"Calling Bell"}],"items_purged_floors":[],"is_endless":false,"potions_floor_spawned":[1,11,13],"killed_by":"Spheric Guardian","ascension_level":11}}