{"host":"vlqejv0notyktumz","time":1609722743,"event":{"mods":["AchievementEnabler","BaseMod","Googly Eyes","Minty Spire (QoL Compilation)"],"gold_per_floor":[112,187,204,204,135,167,167,193,193,204,237,237,251,266,266,371,371,371,371,371,371,351,351,351,351,351,351,351,351],"floor_reached":28,"playtime":694,"items_purged":[],"score":391,"play_id":"59c7a49e-eb1d-44e1-b229-94171660b758","local_time":"20210103191223","is_ascension_mode":true,"campfire_choices":[{"data":"Defragment","floor":7,"key":"SMITH"},{"data":"Glacier","floor":12,"key":"SMITH"},{"data":"Loop","floor":15,"key":"SMITH"},{"data":"Undo","floor":23,"key":"SMITH"}],"circlet_count":0,"master_deck":["Strike_B","Strike_B","Strike_B","Strike_B","Defend_B","Defend_B","Defend_B","Defend_B","Zap","Dualcast","Go for the Eyes","Undo+1","Loop+1","Defragment+1","Melter","Static Discharge","Glacier+1","FTL","Defragment+1","Redo+1","Conserve Battery"],"relics":["Cracked Core","NeowsBlessing","Kunai","StrikeDummy","Boot","InkBottle","Ectoplasm","Peace Pipe","Gremlin Horn","Potion Belt"],"acts_visited":["Exordium","TheCity"],"potions_floor_usage":[6,14,27,27],"damage_taken":[{"damage":0,"enemies":"Small Slimes","floor":1,"turns":1},{"damage":0,"enemies":"2 Louse","floor":3,"turns":1},{"damage":0,"enemies":"Gremlin Nob","floor":6,"turns":1},{"damage":25,"enemies":"3 Sentries","floor":8,"turns":6},{"damage":0,"enemies":"Jaw Worm","floor":10,"turns":3},{"damage":17,"enemies":"Lagavulin","floor":11,"turns":5},{"damage":15,"enemies":"2 Fungi Beasts","floor":13,"turns":3},{"damage":0,"enemies":"Red Slaver","floor":14,"turns":5},{"damage":11,"enemies":"Slime Boss","floor":16,"turns":7},{"damage":0,"enemies":"Shell Parasite","floor":18,"turns":6},{"damage":0,"enemies":"Spheric Guardian","floor":20,"turns":2},{"damage":12,"enemies":"Gremlin Leader","floor":24,"turns":9},{"damage":6,"enemies":"Snecko","floor":25,"turns":5},{"damage":21,"enemies":"Slavers","floor":27,"turns":6},{"damage":16,"enemies":"3 Cultists","floor":28,"turns":3}],"seed_played":"544886153082250427","potions_obtained":[{"floor":3,"key":"AttackPotion"},{"floor":6,"key":"SteroidPotion"},{"floor":13,"key":"Regen Potion"},{"floor":16,"key":"CultistPotion"},{"floor":18,"key":"PotionOfCapacity"}],"is_trial":false,"path_per_floor":["M","?","M","?","$","E","R","E","T","M","E","R","M","M","R","B",null,"M","?","M","?","?","R","E","M","T","E","M"],"character_chosen":"DEFECT","items_purchased":["Loop"],"campfire_rested":0,"item_purchase_floors":[5],"current_hp_per_floor":[68,57,57,75,75,75,75,50,50,50,33,33,18,32,32,21,62,62,62,62,48,48,48,36,30,30,9,0,0],"gold":351,"neow_bonus":"THREE_ENEMY_KILL","is_daily":false,"chose_seed":false,"campfire_upgraded":4,"win_rate":0.0,"timestamp":1609722743,"path_taken":["M","?","M","?","?","E","R","E","T","M","E","R","M","M","R","BOSS","M","?","?","?","?","R","E","M","T","E","?"],"items_purchased_type":["Card"],"build_version":"2020-12-22","purchased_purges":0,"victory":false,"max_hp_per_floor":[75,75,75,75,75,75,75,75,75,75,75,75,75,75,75,75,75,75,75,75,80,80,80,80,80,80,80,80,80],"card_choices":[{"not_picked":["Sweeping Beam","White Noise"],"picked":"Go for the Eyes","floor":1},{"not_picked":["Steam Power","Go for the Eyes"],"picked":"Undo","floor":3},{"not_picked":["Cold Snap","Tempest"],"picked":"Defragment","floor":6},{"not_picked":["Compile Driver","Turbo"],"picked":"Melter","floor":8},{"not_picked":["Capacitor","Double Energy"],"picked":"Static Discharge","floor":10},{"not_picked":["Chaos","Cold Snap"],"picked":"Glacier","floor":11},{"not_picked":["Sweeping Beam","Turbo","Heatsinks"],"picked":"SKIP","floor":13},{"not_picked":["Buffer","Doom and Gloom"],"picked":"FTL","floor":14},{"not_picked":["Coolheaded","Hello World+1"],"picked":"Defragment","floor":18},{"not_picked":["Skim","Chill+1"],"picked":"Redo+1","floor":20},{"not_picked":["Heatsinks","FTL","Conserve Battery"],"picked":"SKIP","floor":24},{"not_picked":["Beam Cell","Redo","Tempest"],"picked":"SKIP","floor":25},{"not_picked":["Leap+1","Coolheaded"],"picked":"Conserve Battery","floor":27}],"player_experience":284987,"relics_obtained":[{"floor":6,"key":"Kunai"},{"floor":8,"key":"StrikeDummy"},{"floor":9,"key":"Boot"},{"floor":11,"key":"InkBottle"},{"floor":24,"key":"Peace Pipe"},{"floor":26,"key":"Gremlin Horn"},{"floor":27,"key":"Potion Belt"}],"event_choices":[{"damage_healed":0,"gold_gain":75,"player_choice":"Gather Gold","damage_taken":11,"max_hp_gain":0,"max_hp_loss":0,"event_name":"World of Goop","floor":2,"gold_loss":0},{"damage_healed":25,"gold_gain":0,"player_choice":"Banana","damage_taken":0,"max_hp_gain":0,"max_hp_loss":0,"event_name":"Big Fish","floor":4,"gold_loss":0},{"damage_healed":0,"gold_gain":0,"player_choice":"Upgraded","damage_taken":0,"max_hp_gain":0,"max_hp_loss":0,"event_name":"Upgrade Shrine","floor":19,"gold_loss":0,"cards_upgraded":["Defragment"]},{"damage_healed":0,"gold_gain":0,"player_choice":"Shed Blood","damage_taken":19,"max_hp_gain":5,"max_hp_loss":0,"event_name":"Forgotten Altar","floor":21,"gold_loss":0},{"damage_healed":0,"gold_gain":0,"player_choice":"Bought 1 Potion","damage_taken":0,"max_hp_gain":0,"max_hp_loss":0,"event_name":"The Woman in Blue","floor":22,"gold_loss":0}],"is_beta":false,"boss_relics":[{"not_picked":["Coffee Dripper","SacredBark"],"picked":"Ectoplasm"}],"items_purged_floors":[],"is_endless":false,"potions_floor_spawned":[3,6,13,16,18,25],"killed_by":"3 Cultists","ascension_level":6}}