{"host":"3y33rrrkia6pkpow","time":1609735472,"event":{"mods":["2.2 Compatiblity","AchievementEnabler","Act Like it!","BaseMod","BetterRewards","Colored Map","Gensokyo","Minty Spire (QoL Compilation)","Quick Restart","Replay The Spire","Shop Mod","Spicy Shops","StSLib","Synergy Search","The Animator"],"gold_per_floor":[123,143,154,154,169,169,194,194,243,243,29,41,84,33,33,136,236,246,75,0,0],"floor_reached":20,"playtime":2027,"items_purged":[],"score":273,"play_id":"230cd978-e2bf-4f53-ba30-46f3a3b73af8","local_time":"20210103224432","is_ascension_mode":true,"campfire_choices":[{"floor":6.0,"key":"REST"},{"floor":8.0,"key":"REST"},{"floor":10.0,"key":"REST"},{"floor":15.0,"key":"REST"}],"circlet_count":0,"master_deck":["AscendersBane","animator:Strike_HitsugiNoChaika","animator:Defend_HitsugiNoChaika","animator:Strike","animator:Strike","animator:Strike","animator:Defend","animator:Defend","animator:Defend","animator:AcuraAkari","animator:Gillette","animator:AcuraShin","animator:ElricEdward+1","animator:ElricAlphonse","animator:Ara","animator:Tyuule","animator:RoyMustang","animator:Ara","animator:Arpeggio","animator:Arpeggio","animator:Ain","animator:ChaikaTrabant","animator:Gillette","animator:Boros","animator:Guy","animator:AliceMargatroid","animator:Layla"],"relics":["animator:LivingPicture","animator:TheMissingPiece","animator:PurgingStone","HandDrill","Paper Crane","Anchor","ReplayTheSpireMod:Lightbulb","Pet Ghost","Replay:Bottled Snecko","Replay:Wanted Poster"],"acts_visited":["Exordium","TheCity"],"potions_floor_usage":[],"damage_taken":[{"damage":3.0,"enemies":"Cultist","floor":1.0,"turns":4.0},{"damage":2.0,"enemies":"Jaw Worm","floor":2.0,"turns":3.0},{"damage":10.0,"enemies":"Small Slimes","floor":3.0,"turns":3.0},{"damage":15.0,"enemies":"Blue Slaver","floor":5.0,"turns":4.0},{"damage":27.0,"enemies":"3 Sentries","floor":7.0,"turns":6.0},{"damage":1.0,"enemies":"Looter","floor":12.0,"turns":2.0},{"damage":27.0,"enemies":"Replay:BlueRogue","floor":13.0,"turns":5.0},{"damage":51,"enemies":"Slime Boss","floor":16,"turns":8},{"damage":6,"enemies":"Shell Parasite","floor":18,"turns":6},{"damage":58,"enemies":"2 Thieves","floor":20,"turns":3}],"seed_played":"-7440030983589188732","potions_obtained":[{"floor":1.0,"key":"LifebloodPotion"},{"floor":5.0,"key":"Elixir"},{"floor":13.0,"key":"BlessingOfTheForge"}],"is_trial":false,"path_per_floor":["M","M","M","T","M","R","E","R","T","R","$","M","E","$","R","B",null,"M","$","M"],"character_chosen":"THE_ANIMATOR","items_purchased":["animator:AcuraShin","HandDrill","animator:ElricEdward+1","animator:Arpeggio","Pet Ghost","animator:Gillette","animator:AliceMargatroid","animator:Layla"],"campfire_rested":4,"item_purchase_floors":[0,0,0,11,11,14,19,19],"current_hp_per_floor":[56,54,44,44,30,50,23,43,43,63,63,62,35,35,55,4,51,52,52,0,0],"gold":0,"neow_bonus":"","is_daily":false,"chose_seed":true,"campfire_upgraded":0,"win_rate":0.0,"timestamp":1609735472,"path_taken":["M","M","?","?","M","R","E","R","T","R","?","M","E","$","R","BOSS","M","$","?"],"items_purchased_type":["Card","Relic","Card","Card","Relic","Card","Card","Card"],"build_version":"2020-12-22","purchased_purges":0,"victory":false,"max_hp_per_floor":[66,66,66,66,67,67,67,67,67,67,67,67,67,67,67,67,67,68,68,68,68],"card_choices":[{"not_picked":["animator:Shuna","animator:Hakurou"],"picked":"animator:ElricAlphonse","floor":1.0},{"not_picked":["animator:Guy","animator:Kaijin"],"picked":"animator:Ara","floor":2.0},{"not_picked":["animator:YoshinoHaruhiko","animator:Chung"],"picked":"animator:Tyuule","floor":3.0},{"not_picked":["animator:MaesHughes","animator:Sloth"],"picked":"animator:RoyMustang","floor":5.0},{"not_picked":["animator:ToukaNishikujou","animator:Guy"],"picked":"animator:Ara","floor":7.0},{"not_picked":["animator:Kuribayashi","animator:Raven"],"picked":"animator:Ain","floor":12.0},{"not_picked":["animator:Kuribayashi","animator:SakuyaOhtori"],"picked":"animator:ChaikaTrabant","floor":13.0},{"not_picked":["animator:Envy","animator:HiedaNoAkyuu"],"picked":"animator:Boros","floor":16},{"not_picked":["animator:ChaikaBohdan","animator:Viivi"],"picked":"animator:Guy","floor":18}],"player_experience":827218,"relics_obtained":[{"floor":4.0,"key":"Paper Crane"},{"floor":7.0,"key":"Anchor"},{"floor":9.0,"key":"ReplayTheSpireMod:Lightbulb"},{"floor":13.0,"key":"Replay:Bottled Snecko"}],"event_choices":[],"is_beta":false,"boss_relics":[{"not_picked":["ChewingGum","Busted Crown"],"picked":"Replay:Wanted Poster"}],"items_purged_floors":[],"is_endless":false,"potions_floor_spawned":[1,5,13],"killed_by":"2 Thieves","ascension_level":10}}