{"host":"5dk97cf2ubw2v967","time":1609783505,"event":{"mods":["AlwaysNeverKeys","BaseMod","Better Altar","Better Vampires","Block Reminder","Colored Powertips","Downfall","Googly Eyes","Highlight Path","Minty Spire (QoL Compilation)","Permanent Neow","Potion Indicator Mod","Quick Restart","Relic Filter","Relic Stats","Say the Spire","Spicy Shops","StSLib","Waifu the Spire","everything is the same but u backflip on backflip"],"gold_per_floor":[112,112,112,112,37,71,87,87,87,115,35,52,70,70,70],"floor_reached":14,"playtime":552,"items_purged":["Defend_G","Defend_G"],"score":196,"play_id":"5807a531-2dff-49fc-b370-884ad6c2443e","local_time":"20210104180505","is_ascension_mode":true,"campfire_choices":[{"floor":8,"key":"REST"}],"circlet_count":0,"master_deck":["AscendersBane","Strike_G","Strike_G","Strike_G","Strike_G","Strike_G","Defend_G","Defend_G","Defend_G+1","Survivor","Neutralize+1","Tools of the Trade","Dash","Infinite Blades","Deflect","Tactician","Infinite Blades"],"relics":["Ring of the Snake","Boot","The Courier","Omamori"],"acts_visited":["Exordium"],"potions_floor_usage":[10,13],"damage_taken":[{"damage":5,"enemies":"Jaw Worm","floor":1,"turns":6},{"damage":32,"enemies":"3 Sentries","floor":6,"turns":12},{"damage":0,"enemies":"2 Louse","floor":7,"turns":4},{"damage":8,"enemies":"Gremlin Nob","floor":10,"turns":4},{"damage":0,"enemies":"Cultist","floor":12,"turns":4},{"damage":10,"enemies":"Exordium Thugs","floor":13,"turns":6},{"damage":22,"enemies":"3 Sentries","floor":14,"turns":5}],"seed_played":"-3539117933280511282","potions_obtained":[{"floor":6,"key":"AttackPotion"},{"floor":7,"key":"LiquidBronze"},{"floor":12,"key":"ColorlessPotion"}],"is_trial":false,"path_per_floor":["M","?","?","?","$","E","M","R","T","E","$","M","M","E"],"character_chosen":"THE_SILENT","items_purchased":[],"campfire_rested":1,"item_purchase_floors":[],"current_hp_per_floor":[54,34,34,56,56,24,24,43,43,35,35,35,25,3,3],"gold":70,"neow_bonus":"THREE_RARE_CARDS","is_daily":false,"chose_seed":false,"campfire_upgraded":0,"win_rate":0.0,"timestamp":1609783505,"path_taken":["M","?","?","?","$","E","M","R","T","E","?","M","?","E"],"items_purchased_type":[],"build_version":"2020-12-22","purchased_purges":2,"victory":false,"max_hp_per_floor":[66,66,66,66,66,66,66,66,66,66,66,66,66,66,66],"relic_stats":{"counters":[7,41],"Boot":[22],"obtain_stats":[{"The Courier":9,"Omamori":10,"Boot":6,"Ring of the Snake":0},{"The Courier":3,"Omamori":4,"Boot":2,"Ring of the Snake":0},{"The Courier":22,"Omamori":26,"Boot":18,"Ring of the Snake":0}],"Ring of the Snake":[14]},"card_choices":[{"not_picked":["Corpse Explosion","Doppelganger"],"picked":"Tools of the Trade","floor":0},{"not_picked":["Dagger Throw","Dodge and Roll"],"picked":"Dash","floor":1},{"not_picked":["Escape Plan","Eviscerate"],"picked":"Infinite Blades","floor":6},{"not_picked":["Prepared","Bouncing Flask","Acrobatics"],"picked":"SKIP","floor":7},{"not_picked":["Quick Slash","A Thousand Cuts"],"picked":"Deflect","floor":10},{"not_picked":["Leg Sweep","Prepared"],"picked":"Tactician","floor":12},{"not_picked":["Dagger Throw","Sucker Punch"],"picked":"Infinite Blades","floor":13}],"player_experience":1295114,"relics_obtained":[{"floor":6,"key":"Boot"},{"floor":9,"key":"The Courier"},{"floor":10,"key":"Omamori"}],"event_choices":[{"damage_healed":0,"gold_gain":0,"player_choice":"Entered Light","damage_taken":20,"max_hp_gain":0,"max_hp_loss":0,"event_name":"Shining Light","floor":2,"gold_loss":0,"cards_upgraded":["Defend_G","Neutralize"]},{"cards_removed":["Writhe"],"damage_healed":0,"gold_gain":0,"player_choice":"Forget","damage_taken":0,"max_hp_gain":0,"max_hp_loss":0,"event_name":"Living Wall","floor":3,"gold_loss":0},{"damage_healed":22,"gold_gain":0,"player_choice":"Banana","damage_taken":0,"max_hp_gain":0,"max_hp_loss":0,"event_name":"Big Fish","floor":4,"gold_loss":0}],"is_beta":false,"boss_relics":[],"items_purged_floors":[5,11],"is_endless":false,"potions_floor_spawned":[6,7,12],"killed_by":"3 Sentries","ascension_level":20}}