{"host":"ans2icmd9zrt2z0k","time":1609763698,"event":{"mods":["Aspiration","BaseMod","Better Altar","Better Match","Better Note","Better Skull","Colored Powertips","Conspire","Downfall","Hermit","Infinite Spire","Jorbs\u0027s Wanderer Trilogy","Minty Spire (QoL Compilation)","Potionbrewer","Replay The Spire","Robot Space Explorer","StSLib","The Cursed","The Marked","The Runesmith","Wandering Minibosses"],"gold_per_floor":[109,124,77,77,77,112,125,152,175,204,78,78,78,78,78,182,182,193,193,213,213,227,227,239,270,296,307,307,307,307,307,320,56,56,164,164,181,205,205,223,257,257,257,282,306,79,79,132,132,184,184,206,206],"floor_reached":52,"playtime":2750,"items_purged":["hermit:ImpendingDoom"],"score":623,"play_id":"c61c4046-ab05-456c-81c4-1a29a85b86ec","local_time":"20210104233458","is_ascension_mode":false,"campfire_choices":[{"floor":12,"key":"RECALL"},{"data":"Infernal Blade","floor":15,"key":"SMITH"},{"data":"ReplayTheSpireMod:??????????????????????","floor":23,"key":"SMITH"},{"floor":28,"key":"REST"},{"floor":34,"key":"DIG"},{"floor":42,"key":"DIG"},{"floor":47,"key":"DIG"},{"floor":49,"key":"REST"},{"floor":51,"key":"DIG"}],"circlet_count":0,"master_deck":["Strike_R+2","Strike_R+1","Strike_R+1","Strike_R+1","Strike_R+1","Defend_R+1","Defend_R+4","Defend_R+1","Defend_R+1","Bash+1","Heavy Blade+1","Heavy Blade+1","Anger+1","Flex+1","Infernal Blade+1","Cleave+1","Replay:SS_hec_4+1","hexamod:FifthSeal","hexamod:SixthSeal","stsjorbsmod:Rebuttal+2","stsjorbsmod:Materialize+1","ReplayTheSpireMod:??????????????????????+1","Backstab+1","Deadly Poison+1","hexamod:FourthSeal","stsjorbsmod:ChatteringStrike+1","hexamod:SecondSeal","conspire:Rain+1","hexamod:FirstSeal","Runesmith:Terraform+1","Flex+1","hexamod:SixthSeal","Judgement","Replay:Vibes+1","hexamod:SixthSeal","Double Energy+1","hexamod:SecondSeal","Guardian:Gem_White","hexamod:FirstSeal","Dark Shackles+1","Accuracy+1","hexamod:ThirdSeal","Replay:Undeath\u0027s Touch+1","hexamod:SecondSeal","RobotSpaceExplorer:ScrapMissile+1"],"relics":["Burning Blood","aspiration:Nostalgia","Sizzling Blood","Ancient Tea Set","The Courier","Pen Nib","Another Sword","PrismaticShard","conspire:RoyalGoblet","infinitespire:PuzzleCube","MutagenicStrength","Shovel","Ornamental Fan","aspiration:SecretTechniqueScroll","ReplayTheSpireMod:Ring of Collecting","Ring of Fury","Juzu Bracelet","Ring of Searing","ReplayTheSpireMod:Spearhead","ReplayTheSpireMod:CursedCoin","Akabeko","infinitespire:Midas Blood","Kunai","Simple Rune","conspire:BottledYoYo","Anchor"],"acts_visited":["Exordium","TheCity","TheBeyond"],"potions_floor_usage":[8,10,25,25,25,27,32,35,35,40,41,41,48,48,52],"damage_taken":[{"damage":1,"enemies":"Cultist","floor":1,"turns":3},{"damage":2,"enemies":"2 Louse","floor":2,"turns":3},{"damage":29,"enemies":"Replay:BlueRogue","floor":6,"turns":6},{"damage":0,"enemies":"Small Slimes","floor":7,"turns":3},{"damage":17,"enemies":"3 Sentries","floor":8,"turns":5},{"damage":24,"enemies":"Lagavulin","floor":10,"turns":5},{"damage":6,"enemies":"Fading Forest","floor":16,"turns":11},{"damage":25,"enemies":"Spheric Guardian","floor":18,"turns":4},{"damage":18,"enemies":"conspire:FuzzyDice","floor":20,"turns":4},{"damage":0,"enemies":"Snecko","floor":22,"turns":3},{"damage":10,"enemies":"Centurion and Healer","floor":24,"turns":3},{"damage":37,"enemies":"Book of Stabbing","floor":25,"turns":5},{"damage":25,"enemies":"conspire:HollyBat","floor":27,"turns":12},{"damage":0,"enemies":"Chosen and Byrds","floor":32,"turns":4},{"damage":63,"enemies":"Collector","floor":35,"turns":8},{"damage":0,"enemies":"Orb Walker","floor":37,"turns":2},{"damage":23,"enemies":"3 Shapes","floor":38,"turns":3},{"damage":26,"enemies":"Spire Growth","floor":40,"turns":4},{"damage":44,"enemies":"4 Shapes","floor":41,"turns":8},{"damage":10,"enemies":"Jaw Worm Horde","floor":44,"turns":3},{"damage":68,"enemies":"Nemesis","floor":48,"turns":5},{"damage":31,"enemies":"Giant Head","floor":50,"turns":6},{"damage":55,"enemies":"infinitespire:MassOfShapes","floor":52,"turns":4}],"seed_played":"-1007186698994997858","potions_obtained":[{"floor":7,"key":"Explosive Potion"},{"floor":8,"key":"Block Potion"},{"floor":18,"key":"potionbrewer:BarricadePotion"},{"floor":22,"key":"potionbrewer:FreezingPotion"},{"floor":24,"key":"EntropicBrew"},{"floor":27,"key":"champ:CounterPotion"},{"floor":27,"key":"Block Potion"},{"floor":32,"key":"potionbrewer:FreezingPotion"},{"floor":35,"key":"PowerPotion"},{"floor":37,"key":"hexamod:EctoCoolerPotion"},{"floor":40,"key":"potionbrewer:SplittingPotion"},{"floor":50,"key":"Death Potion"}],"is_trial":false,"path_per_floor":["M","M","$","?","?","E","M","E","T","E","$","R","?","?","R","B",null,"M","?","M","AVR","M","R","M","E","T","M","R","PTL","PTL","?","M","$","R","B",null,"M","M","?","M","M","R","?","M","T","$","R","E","R","E","R","B"],"character_chosen":"IRONCLAD","items_purchased":["Anger","PrismaticShard","Shovel","Flex","ReplayTheSpireMod:CursedCoin","Akabeko","infinitespire:Midas Blood"],"campfire_rested":2,"item_purchase_floors":[3,11,33,33,46,46,46],"current_hp_per_floor":[84,84,84,84,84,65,75,68,68,54,54,54,37,37,37,51,84,69,69,61,61,71,71,71,44,44,29,54,54,54,54,64,64,64,18,84,84,71,71,62,35,35,35,42,42,42,42,42,67,53,53,0,0],"gold":206,"neow_bonus":"NOSTALGIA","is_daily":false,"chose_seed":false,"campfire_upgraded":2,"win_rate":0.0,"timestamp":1609763698,"path_taken":["M","?","$","?","?","E","?","E","T","E","$","R","?","?","R","BOSS","M","?","M","AVR","M","R","M","E","T","M","R","PTL","PTL","?","M","?","R","BOSS","M","?","?","M","M","R","?","M","T","$","R","E","R","E","R","BOSS"],"items_purchased_type":["Card","Relic","Relic","Card","Relic","Relic","Relic"],"build_version":"2020-12-22","purchased_purges":1,"victory":false,"max_hp_per_floor":[84,84,84,84,84,84,84,84,84,84,84,84,84,84,84,84,84,84,84,84,84,84,84,84,84,84,84,84,84,84,84,84,84,84,84,84,84,84,84,84,84,84,84,84,84,84,84,84,84,84,84,84,84],"card_choices":[{"not_picked":["True Grit","Warcry"],"picked":"Heavy Blade","floor":1},{"not_picked":["Rampage","ReplayTheSpireMod:Strike From Hell"],"picked":"Heavy Blade","floor":2},{"not_picked":["Sword Boomerang","Feel No Pain","Bloodletting"],"picked":"SKIP","floor":6},{"not_picked":["Pommel Strike","Armaments"],"picked":"Flex","floor":7},{"not_picked":["Power Through","Twin Strike"],"picked":"Infernal Blade","floor":8},{"not_picked":["Ghostly Armor","Power Through"],"picked":"Cleave","floor":10},{"not_picked":["ReplayTheSpireMod:Private Reserves+1","Replay:SS_hec_1+1"],"picked":"Replay:SS_hec_4+1","floor":14},{"not_picked":["champ:CheapShot","TheCursedMod:DemonSword"],"picked":"hexamod:FifthSeal","floor":16},{"not_picked":["hexamod:FourthSeal","hexamod:ThirdSeal"],"picked":"hexamod:SixthSeal","floor":18},{"not_picked":["Runesmith:ChiselStab+1","theMarked:RepellingDischarge"],"picked":"stsjorbsmod:Rebuttal","floor":18},{"not_picked":["Warcry+1","sneckomod:UnknownClassDEFAULT_GRAY_COLOR"],"picked":"stsjorbsmod:Materialize","floor":20},{"not_picked":["champ:StanceDance","hexamod:SwordOfDarkness"],"picked":"Backstab+1","floor":22},{"not_picked":["RobotSpaceExplorer:RigExplosive","champ:RisingSlash"],"picked":"Deadly Poison+1","floor":24},{"not_picked":["hexamod:SixthSeal","hexamod:ThirdSeal"],"picked":"hexamod:FourthSeal","floor":25},{"not_picked":["champ:Circumvent+1","potionbrewer:ChemicalShroud"],"picked":"stsjorbsmod:ChatteringStrike","floor":25},{"not_picked":["hexamod:FourthSeal","hexamod:ThirdSeal"],"picked":"hexamod:SecondSeal","floor":27},{"not_picked":["hermit:WideOpen","stsjorbsmod:ParryingBlow"],"picked":"conspire:Rain","floor":27},{"not_picked":["hexamod:SecondSeal","hexamod:SixthSeal"],"picked":"hexamod:FirstSeal","floor":32},{"not_picked":["potionbrewer:FlareUp","Iron Wave+1"],"picked":"Runesmith:Terraform","floor":32},{"not_picked":["hexamod:FourthSeal","hexamod:SecondSeal"],"picked":"hexamod:SixthSeal","floor":35},{"not_picked":["potionbrewer:TwoForOne","Midas Touch"],"picked":"Judgement","floor":35},{"not_picked":["Defragment+1","Runesmith:Repurpose+1"],"picked":"Replay:Vibes+1","floor":37},{"not_picked":["hexamod:FirstSeal","hexamod:FourthSeal"],"picked":"hexamod:SixthSeal","floor":38},{"not_picked":["Expertise+1","sneckomod:UnknownBlock"],"picked":"Double Energy","floor":38},{"not_picked":["hexamod:FirstSeal","hexamod:SixthSeal"],"picked":"hexamod:SecondSeal","floor":40},{"not_picked":["Runesmith:EnergizedChisel+1","Underhanded Strike"],"picked":"Guardian:Gem_White","floor":40},{"not_picked":["hexamod:FourthSeal","hexamod:SecondSeal"],"picked":"hexamod:FirstSeal","floor":41},{"not_picked":["stsjorbsmod:Channel+1","Slimebound:SlimeSpikes+1"],"picked":"Dark Shackles+1","floor":41},{"not_picked":["ReplayTheSpireMod:Trickstab","hermit:Virtue+1"],"picked":"Accuracy+1","floor":44},{"not_picked":["hexamod:FourthSeal","hexamod:FirstSeal"],"picked":"hexamod:ThirdSeal","floor":48},{"not_picked":["hermit:Feint+1","Havoc+1"],"picked":"Replay:Undeath\u0027s Touch+1","floor":48},{"not_picked":["hexamod:FirstSeal","hexamod:SixthSeal"],"picked":"hexamod:SecondSeal","floor":50},{"not_picked":["RobotSpaceExplorer:SwiftStep+1","TheCursedMod:ShockAndAwe"],"picked":"RobotSpaceExplorer:ScrapMissile+1","floor":50}],"player_experience":528007,"relics_obtained":[{"floor":6,"key":"Ancient Tea Set"},{"floor":8,"key":"The Courier"},{"floor":9,"key":"Pen Nib"},{"floor":10,"key":"Another Sword"},{"floor":25,"key":"infinitespire:PuzzleCube"},{"floor":34,"key":"Ornamental Fan"},{"floor":39,"key":"ReplayTheSpireMod:Ring of Collecting"},{"floor":39,"key":"Ring of Fury"},{"floor":42,"key":"Juzu Bracelet"},{"floor":45,"key":"Ring of Searing"},{"floor":45,"key":"ReplayTheSpireMod:Spearhead"},{"floor":47,"key":"Kunai"},{"floor":48,"key":"Simple Rune"},{"floor":50,"key":"conspire:BottledYoYo"},{"floor":51,"key":"Anchor"}],"event_choices":[{"cards_removed":["Heavy Blade"],"damage_healed":0,"gold_gain":0,"player_choice":"Give","damage_taken":0,"max_hp_gain":0,"max_hp_loss":0,"event_name":"betterNote:BetterNote","floor":5,"gold_loss":0,"cards_obtained":["Defend_G"]},{"damage_healed":0,"gold_gain":0,"player_choice":"Entered Light","damage_taken":17,"max_hp_gain":0,"max_hp_loss":0,"event_name":"Shining Light","floor":13,"gold_loss":0,"cards_upgraded":["Flex","Heavy Blade"]},{"damage_healed":0,"gold_gain":0,"player_choice":"2","damage_taken":0,"max_hp_gain":0,"max_hp_loss":0,"event_name":"betterMatch:BetterMatch","floor":14,"gold_loss":0,"cards_obtained":["betterMatch:ColorlessUncommonCard"]},{"damage_healed":0,"gold_gain":0,"player_choice":"Simplicity","damage_taken":0,"max_hp_gain":0,"max_hp_loss":0,"event_name":"Back to Basics","floor":19,"gold_loss":0,"cards_upgraded":["Strike_R","Strike_R","Strike_R","Strike_R","Strike_R","Defend_R","Defend_R","Defend_R","Defend_R"]},{"damage_healed":0,"gold_gain":0,"player_choice":"Inject Mutagens","damage_taken":0,"relics_obtained":["MutagenicStrength"],"max_hp_gain":0,"max_hp_loss":0,"event_name":"Drug Dealer","floor":31,"gold_loss":0},{"damage_healed":0,"gold_gain":0,"player_choice":"Ignored","damage_taken":0,"max_hp_gain":0,"max_hp_loss":0,"event_name":"Tomb of Lord Red Mask","floor":43,"gold_loss":0}],"is_beta":false,"boss_relics":[{"not_picked":["infinitespire:Burning Sword","conspire:RunicOctahedron"],"picked":"conspire:RoyalGoblet"},{"not_picked":["Fusion Hammer","Runesmith:UraniumAnvil"],"picked":"aspiration:SecretTechniqueScroll"}],"items_purged_floors":[46],"is_endless":false,"potions_floor_spawned":[7,8,18,22,24,27,32,37,40],"killed_by":"infinitespire:MassOfShapes","ascension_level":0}}