{"host":"27tk4xseidcli2mr","time":1609786212,"event":{"mods":["2.2 Compatiblity","AchievementEnabler","Aspiration","BaseMod","Better Third Choice","Conspire","Custom Start","Downfall","Hubris","Infinite Spire","Jorbs\u0027s Wanderer Trilogy","Minty Spire (QoL Compilation)","Replay The Spire","StSLib","SuperFastMode","[IsaacMod]????"],"gold_per_floor":[109,124,24,42,42,70,70,96,122,142,142,155,170,203,203,298,298,312,312,329,329,339,339,366,72,72,72,98,98,110,110,110,215,215,228,228,228],"floor_reached":36,"playtime":1400,"items_purged":["WindmillStrike"],"score":616,"play_id":"c085cfa7-b4bb-410d-a20d-c570e86fe969","local_time":"20210104195012","is_ascension_mode":true,"campfire_choices":[{"floor":7.0,"key":"REST"},{"floor":11.0,"key":"REST"},{"data":"Ghostly","floor":15.0,"key":"SMITH"},{"data":"MasterReality","floor":23.0,"key":"SMITH"},{"floor":29.0,"key":"RECALL"},{"data":"PathToVictory","floor":32,"key":"SMITH"}],"circlet_count":0,"master_deck":["Defend_P","Eruption","Vigilance","Ghostly+1","BattleHymn","FearNoEvil","PathToVictory","Consecrate","Consecrate","MasterReality+1","DevaForm","EmptyFist+1","PathToVictory+1","PathToVictory","Prostrate","Fasting2","FearNoEvil","PathToVictory+1","Vault"],"relics":["PureWater","HushsDoor","BookofShadows","Replay:PocketPolymizer","Gremlin Horn","Anchor","Strawberry","Vajra","Empty Cage","Pear","Oddly Smooth Stone","Garlic","Replay:Wax Seal","hubris:TerracottaHorce"],"acts_visited":["Exordium","TheCity","TheBeyond"],"potions_floor_usage":[],"damage_taken":[{"damage":0.0,"enemies":"Jaw Worm","floor":1.0,"turns":3.0},{"damage":7.0,"enemies":"2 Louse","floor":2.0,"turns":3.0},{"damage":0.0,"enemies":"Cultist","floor":4.0,"turns":2.0},{"damage":57.0,"enemies":"Lagavulin","floor":6.0,"turns":6.0},{"damage":18.0,"enemies":"3 Sentries","floor":8.0,"turns":6.0},{"damage":2.0,"enemies":"Blue Slaver","floor":10.0,"turns":3.0},{"damage":1.0,"enemies":"Looter","floor":12.0,"turns":2.0},{"damage":0.0,"enemies":"Large Slime","floor":13.0,"turns":3.0},{"damage":2.0,"enemies":"Gremlin Nob","floor":14.0,"turns":3.0},{"damage":10.0,"enemies":"Hexaghost","floor":16.0,"turns":7.0},{"damage":27.0,"enemies":"Shell Parasite","floor":18.0,"turns":6.0},{"damage":0.0,"enemies":"Chosen","floor":20.0,"turns":4.0},{"damage":6.0,"enemies":"3 Cultists","floor":22.0,"turns":4.0},{"damage":0.0,"enemies":"Book of Stabbing","floor":24.0,"turns":5.0},{"damage":4.0,"enemies":"Gremlin Leader","floor":28.0,"turns":4.0},{"damage":2.0,"enemies":"Shelled Parasite and Fungi","floor":30.0,"turns":4.0},{"damage":32,"enemies":"Champ","floor":33,"turns":6},{"damage":34,"enemies":"3 Darklings","floor":35,"turns":5},{"damage":6,"enemies":"infinitespire:Three Voidlings","floor":36,"turns":3},{"damage":54,"enemies":"Nightmare_Alpha","floor":36,"turns":8}],"seed_played":"-9090696223150744750","potions_obtained":[{"floor":2.0,"key":"Explosive Potion"},{"floor":4.0,"key":"Adrenaline Potion"},{"floor":8.0,"key":"FearPotion"},{"floor":10.0,"key":"Languid Potion"},{"floor":18.0,"key":"BlessingOfTheForge"},{"floor":24.0,"key":"infinitespire:BlackPotion"}],"is_trial":false,"path_per_floor":["M","M","?","M","?","E","R","E","T","M","R","M","M","E","R","B",null,"M","?","M","?","M","R","E","$","T","T","E","R","M","?","R","B",null,"M","?"],"character_chosen":"WATCHER","items_purchased":["Fasting2","Oddly Smooth Stone"],"campfire_rested":2,"item_purchase_floors":[25,25],"current_hp_per_floor":[79,72,72,72,72,15,38,20,27,25,50,49,49,47,47,37,86,59,42,42,42,36,36,46,46,46,46,52,52,50,83,83,51,89,55,0,0],"gold":228,"neow_bonus":"TEN_PERCENT_HP_BONUS","is_daily":false,"chose_seed":false,"campfire_upgraded":3,"win_rate":0.0,"timestamp":1609786212,"path_taken":["M","M","?","M","?","E","R","E","T","?","R","M","M","E","R","BOSS","M","?","M","?","M","R","E","$","T","?","E","R","M","?","R","BOSS","M","?"],"items_purchased_type":["Card","Relic"],"build_version":"2020-12-22","purchased_purges":1,"victory":false,"max_hp_per_floor":[79,79,79,79,79,79,79,79,86,86,86,86,86,86,86,86,86,86,91,91,91,91,91,101,101,101,101,101,101,101,101,101,101,101,101,101,101],"card_choices":[{"not_picked":["Study","Bomb","Replay:LoomingThreat"],"picked":"SKIP","floor":1.0},{"not_picked":["Worship","Replay:AtTheReady","Nirvana"],"picked":"SKIP","floor":2.0},{"not_picked":["ClearTheMind","WreathOfFlame","DeceiveReality"],"picked":"SKIP","floor":4.0},{"not_picked":["FearNoEvil","DeceiveReality"],"picked":"BattleHymn","floor":6.0},{"not_picked":["ConjureBlade","Halt"],"picked":"Bomb","floor":8.0},{"not_picked":["Collect","Swivel"],"picked":"PathToVictory","floor":10.0},{"not_picked":["FollowUp","Prostrate"],"picked":"Consecrate","floor":12.0},{"not_picked":["SignatureMove","DeceiveReality"],"picked":"Consecrate","floor":13.0},{"not_picked":["Replay:Hum","JustLucky","Collect"],"picked":"SKIP","floor":14.0},{"not_picked":["Brilliance","Establishment"],"picked":"DevaForm","floor":16.0},{"not_picked":["JustLucky","Wireheading+1"],"picked":"EmptyFist+1","floor":18.0},{"not_picked":["ReachHeaven","FearNoEvil"],"picked":"PathToVictory+1","floor":20.0},{"not_picked":["Fasting2","Replay:ManipulateFuture"],"picked":"PathToVictory","floor":22.0},{"not_picked":["EmptyFist","Replay:AtTheReady","Worship"],"picked":"SKIP","floor":24.0},{"not_picked":["CrushJoints","Replay:LoomingThreat","Replay:ManipulateFuture+1"],"picked":"SKIP","floor":28.0},{"not_picked":["EmptyFist","Evaluate","BowlingBash"],"picked":"SKIP","floor":30.0},{"not_picked":["MasterReality","Scrawl"],"picked":"Vault","floor":33},{"not_picked":["Meditate","SandsOfTime","CutThroughFate+1"],"picked":"SKIP","floor":35}],"player_experience":1266829,"relics_obtained":[{"floor":6.0,"key":"Gremlin Horn"},{"floor":8.0,"key":"Anchor"},{"floor":9.0,"key":"Strawberry"},{"floor":14.0,"key":"Vajra"},{"floor":24.0,"key":"Pear"},{"floor":27.0,"key":"Garlic"},{"floor":28.0,"key":"Replay:Wax Seal"}],"event_choices":[{"damage_healed":0.0,"max_hp_gain":0.0,"max_hp_loss":0.0,"gold_gain":0.0,"event_name":"conspire:LoneGhost","player_choice":"Argue","floor":3.0,"gold_loss":0.0,"damage_taken":0.0},{"damage_healed":0.0,"max_hp_gain":0.0,"max_hp_loss":0.0,"gold_gain":0.0,"event_name":"Big Fish","player_choice":"Box","floor":5.0,"gold_loss":0.0,"damage_taken":0.0,"relics_obtained":["Replay:PocketPolymizer"],"cards_obtained":["Regret"]},{"damage_healed":0.0,"max_hp_gain":5.0,"max_hp_loss":0.0,"gold_gain":0.0,"event_name":"Forgotten Altar","player_choice":"Shed Blood","floor":19.0,"gold_loss":0.0,"damage_taken":22.0},{"damage_healed":33,"gold_gain":0,"player_choice":"Heal","damage_taken":0,"max_hp_gain":0,"max_hp_loss":0,"event_name":"The Library","floor":31,"gold_loss":0}],"is_beta":false,"boss_relics":[{"not_picked":["Calling Bell","aspiration:SilentSkillbook"],"picked":"Empty Cage"},{"not_picked":[]},{"not_picked":["Runic Dome","aspiration:SecretTechniqueScroll"],"picked":"hubris:TerracottaHorce"},{"not_picked":[]}],"items_purged_floors":[25],"is_endless":false,"potions_floor_spawned":[2,4,8,10,18,24],"killed_by":"Nightmare_Alpha","ascension_level":4}}