{"host":"d7qmn60fs48wu5y6","time":1609790301,"event":{"mods":["BaseMod","Downfall","Marisa????????","Minty Spire (QoL Compilation)","Shade Mod","StSLib","The Bug Knight","The Cursed","The Necromancer","The Servant 0.9.4"],"gold_per_floor":[109,120,120,120,139,139,158,217,217,217,237,40,74,86,86,189,189,205,234,246,22,22,37,37,37],"floor_reached":24,"playtime":1149,"items_purged":["Strike_R"],"score":208,"play_id":"8042a351-f2ec-403c-9b1f-693a2600d4ea","local_time":"20210104115821","is_ascension_mode":true,"campfire_choices":[{"data":"Body Slam","floor":6,"key":"SMITH"},{"data":"Entrench","floor":10,"key":"SMITH"},{"data":"Armaments","floor":15,"key":"SMITH"}],"circlet_count":0,"master_deck":["Strike_R","Strike_R","Defend_R","Defend_R","Defend_R","Defend_R","Bash+1","Iron Wave+1","Reckless Charge","Body Slam+1","Entrench+1","Shrug It Off","Flame Barrier","Metallicize","Armaments+1","Shrug It Off","True Grit","Dark Embrace"],"relics":["Burning Blood","Red Skull","Orichalcum","Regal Pillow","Empty Cage","Red Mask","Oddly Smooth Stone"],"acts_visited":["Exordium","TheCity"],"potions_floor_usage":[8,16,19,19,24],"damage_taken":[{"damage":3,"enemies":"Jaw Worm","floor":1,"turns":4},{"damage":5,"enemies":"Cultist","floor":2,"turns":4},{"damage":0,"enemies":"2 Louse","floor":5,"turns":2},{"damage":5,"enemies":"Looter","floor":7,"turns":3},{"damage":19,"enemies":"Gremlin Nob","floor":8,"turns":4},{"damage":4,"enemies":"Blue Slaver","floor":11,"turns":3},{"damage":16,"enemies":"Lagavulin","floor":13,"turns":8},{"damage":0,"enemies":"Large Slime","floor":14,"turns":5},{"damage":18,"enemies":"Slime Boss","floor":16,"turns":11},{"damage":14,"enemies":"Spheric Guardian","floor":18,"turns":7},{"damage":27,"enemies":"Masked Bandits","floor":19,"turns":10},{"damage":2,"enemies":"Chosen","floor":20,"turns":5},{"damage":8,"enemies":"Shelled Parasite and Fungi","floor":23,"turns":9},{"damage":53,"enemies":"Gremlin Leader","floor":24,"turns":9}],"seed_played":"-50823442803917739","potions_obtained":[{"floor":5,"key":"GamblersBrew"},{"floor":11,"key":"SpeedPotion"},{"floor":13,"key":"AttackPotion"},{"floor":14,"key":"Strength Potion"},{"floor":19,"key":"Swift Potion"},{"floor":20,"key":"GamblersBrew"}],"is_trial":false,"path_per_floor":["M","M","?","?","M","R","M","?","T","R","M","$","E","M","R","B",null,"M","?","M","$","?","M","E"],"character_chosen":"IRONCLAD","items_purchased":["Flame Barrier","Block Potion","Oddly Smooth Stone","Dark Embrace"],"campfire_rested":0,"item_purchase_floors":[12,12,21,21],"current_hp_per_floor":[80,80,73,73,79,79,80,67,67,67,69,69,59,65,65,53,80,72,51,55,55,55,53,0,0],"gold":37,"neow_bonus":"UPGRADE_CARD","is_daily":false,"chose_seed":false,"campfire_upgraded":3,"win_rate":0.0,"timestamp":1609790301,"path_taken":["M","M","?","?","?","R","M","?","T","R","M","$","E","M","R","BOSS","M","?","M","$","?","M","E"],"items_purchased_type":["Card","Potion","Relic","Card"],"build_version":"2020-12-22","purchased_purges":1,"victory":false,"max_hp_per_floor":[80,80,80,80,80,80,80,80,80,80,80,80,80,80,80,80,80,80,80,80,80,80,80,80,80],"card_choices":[{"not_picked":["Clothesline","Flame Barrier"],"picked":"Iron Wave","floor":1},{"not_picked":["Anger","Entrench"],"picked":"Reckless Charge","floor":2},{"not_picked":["Dark Embrace","Havoc"],"picked":"Body Slam","floor":5},{"not_picked":["Disarm","Heavy Blade"],"picked":"Entrench","floor":7},{"not_picked":["Clash","Body Slam"],"picked":"Shrug It Off","floor":8},{"not_picked":["Sword Boomerang","Heavy Blade","Sentinel"],"picked":"SKIP","floor":11},{"not_picked":["Dual Wield","Blood for Blood"],"picked":"Metallicize","floor":13},{"not_picked":["Havoc","Body Slam"],"picked":"Armaments","floor":14},{"not_picked":["Power Through","Shockwave"],"picked":"Shrug It Off","floor":18},{"not_picked":["Heavy Blade","Thunderclap+1"],"picked":"True Grit","floor":20},{"not_picked":["Flex+1","Havoc","Dropkick"],"picked":"SKIP","floor":23}],"player_experience":906766,"relics_obtained":[{"floor":13,"key":"Regal Pillow"},{"floor":19,"key":"Red Mask"}],"event_choices":[{"damage_healed":0,"gold_gain":0,"player_choice":"Success","damage_taken":7,"relics_obtained":["Red Skull"],"max_hp_gain":0,"max_hp_loss":0,"event_name":"Scrap Ooze","floor":3,"gold_loss":0},{"damage_healed":0,"gold_gain":0,"player_choice":"Forge","damage_taken":0,"max_hp_gain":0,"max_hp_loss":0,"event_name":"Accursed Blacksmith","floor":4,"gold_loss":0,"cards_upgraded":["Iron Wave"]},{"damage_healed":0,"gold_gain":0,"player_choice":"Searched \u00272\u0027 times","damage_taken":0,"relics_obtained":["Orichalcum"],"max_hp_gain":0,"max_hp_loss":0,"event_name":"Dead Adventurer","floor":8,"gold_loss":0},{"damage_healed":0,"gold_gain":0,"player_choice":"Fought Bandits","damage_taken":0,"max_hp_gain":0,"max_hp_loss":0,"event_name":"Masked Bandits","floor":19,"gold_loss":0},{"damage_healed":0,"gold_gain":0,"player_choice":"Ignored","damage_taken":0,"max_hp_gain":0,"max_hp_loss":0,"event_name":"Vampires","floor":22,"gold_loss":0}],"is_beta":false,"boss_relics":[{"not_picked":["Fusion Hammer","Runic Dome"],"picked":"Empty Cage"}],"items_purged_floors":[12],"is_endless":false,"potions_floor_spawned":[5,11,13,14,19,20],"killed_by":"Gremlin Leader","ascension_level":1}}