{"host":"6r4na9dgjsffx65e","time":1609787627,"event":{"mods":["BaseMod","Colored Map","Colored Powertips","Minty Spire (QoL Compilation)","Relic Stats","ojb\u0027s Info Mod"],"gold_per_floor":[109,109,284,57,57,57,91,91,165,12,47,72,96,120,132,243,255,284,296,319,351,379,419,431,463,499,511,541,263,288,300,300,395,395,415,429,429,479,80,80,114,126,126,158,158,171,15,45,45,45,45,45,45,78,78],"floor_reached":56,"playtime":4653,"items_purged":["Doubt","Strike_B","Writhe"],"score":1643,"play_id":"1420d00f-ac81-43ce-8895-97a482b5f49d","local_time":"20210104201347","is_ascension_mode":true,"campfire_choices":[{"data":"Seek","floor":6,"key":"SMITH"},{"data":"Dualcast","floor":8,"key":"SMITH"},{"data":"Defragment","floor":15,"key":"SMITH"},{"data":"Fission","floor":24,"key":"SMITH"},{"data":"Loop","floor":27,"key":"SMITH"},{"data":"Barrage","floor":32,"key":"SMITH"},{"floor":40,"key":"RECALL"},{"floor":49,"key":"REST"},{"floor":52,"key":"REST"}],"circlet_count":0,"master_deck":["Strike_B+1","Strike_B+1","Defend_B","Defend_B","Defend_B","Defend_B","Zap","Dualcast+1","Ball Lightning","Seek+1","Rebound","Cold Snap","Defragment+1","Coolheaded","Fission+1","Defragment+1","Compile Driver","Loop+1","Hologram+1","Chill","Barrage+1","Conserve Battery","Loop","Biased Cognition","Barrage+1","Defragment+1","Barrage+1","Echo Form","Amplify","Parasite","Skim"],"relics":["FrozenCore","NeowsBlessing","White Beast Statue","Vajra","Runic Capacitor","PreservedInsect","MawBank","SacredBark","Nunchaku","Whetstone","Strawberry","Red Mask","Lizard Tail","Lantern","Kunai","Du-Vu Doll","Anchor","Potion Belt","Akabeko","DataDisk"],"acts_visited":["Exordium","TheCity","TheBeyond","TheEnding"],"potions_floor_usage":[16,18,20,21,21,21,21,22,22,23,25,30,33,35,38,38,41,42,44,48,55],"damage_taken":[{"damage":0,"enemies":"Small Slimes","floor":1,"turns":1},{"damage":0,"enemies":"3 Sentries","floor":7,"turns":1},{"damage":0,"enemies":"Lagavulin","floor":11,"turns":1},{"damage":0,"enemies":"2 Louse","floor":13,"turns":1},{"damage":0,"enemies":"Jaw Worm","floor":14,"turns":3},{"damage":27,"enemies":"The Guardian","floor":16,"turns":8},{"damage":7,"enemies":"Spheric Guardian","floor":18,"turns":3},{"damage":0,"enemies":"Shell Parasite","floor":20,"turns":4},{"damage":12,"enemies":"Snake Plant","floor":21,"turns":4},{"damage":16,"enemies":"3 Cultists","floor":22,"turns":6},{"damage":16,"enemies":"Book of Stabbing","floor":23,"turns":6},{"damage":1,"enemies":"Centurion and Healer","floor":25,"turns":6},{"damage":18,"enemies":"Shelled Parasite and Fungi","floor":28,"turns":7},{"damage":0,"enemies":"Masked Bandits","floor":30,"turns":3},{"damage":2,"enemies":"3 Cultists","floor":31,"turns":4},{"damage":3,"enemies":"Collector","floor":33,"turns":11},{"damage":0,"enemies":"3 Darklings","floor":35,"turns":5},{"damage":26,"enemies":"3 Shapes","floor":36,"turns":4},{"damage":0,"enemies":"Mind Bloom Boss Battle","floor":38,"turns":4},{"damage":0,"enemies":"Giant Head","floor":41,"turns":6},{"damage":2,"enemies":"Writhing Mass","floor":42,"turns":8},{"damage":24,"enemies":"Reptomancer","floor":44,"turns":7},{"damage":0,"enemies":"Spire Growth","floor":46,"turns":6},{"damage":13,"enemies":"Nemesis","floor":48,"turns":5},{"damage":8,"enemies":"Donu and Deca","floor":50,"turns":10},{"damage":68,"enemies":"Shield and Spear","floor":54,"turns":8},{"damage":25,"enemies":"The Heart","floor":55,"turns":13}],"seed_played":"-1410193667650561642","potions_obtained":[{"floor":7,"key":"FearPotion"},{"floor":11,"key":"DistilledChaos"},{"floor":13,"key":"SteroidPotion"},{"floor":14,"key":"Weak Potion"},{"floor":16,"key":"AttackPotion"},{"floor":18,"key":"EntropicBrew"},{"floor":20,"key":"Swift Potion"},{"floor":21,"key":"BlessingOfTheForge"},{"floor":22,"key":"Explosive Potion"},{"floor":23,"key":"FearPotion"},{"floor":25,"key":"SteroidPotion"},{"floor":28,"key":"Block Potion"},{"floor":30,"key":"Dexterity Potion"},{"floor":31,"key":"FairyPotion"},{"floor":33,"key":"DistilledChaos"},{"floor":35,"key":"FairyPotion"},{"floor":36,"key":"LiquidBronze"},{"floor":38,"key":"Strength Potion"},{"floor":41,"key":"Ancient Potion"},{"floor":42,"key":"Dexterity Potion"},{"floor":44,"key":"BlessingOfTheForge"},{"floor":48,"key":"Explosive Potion"},{"floor":54,"key":"SpeedPotion"}],"is_trial":false,"path_per_floor":["M","?","?","$","?","R","E","R","T","$","E","T","M","M","R","B",null,"M","$","M","M","M","E","R","M","T","R","M","$","?","M","R","B",null,"M","M","?","?","$","R","E","M","T","E","?","M","$","E","R","B",null,"R","$","E","B",null],"character_chosen":"DEFECT","items_purchased":["Seek","Runic Capacitor","Barrage","Strawberry","Echo Form","Lantern","PowerPotion","Potion Belt"],"campfire_rested":2,"item_purchase_floors":[4,10,29,29,39,39,39,47],"current_hp_per_floor":[68,68,68,68,65,65,65,65,65,65,65,65,65,65,65,38,66,59,59,59,47,31,55,55,54,54,54,36,43,43,41,41,38,71,71,45,66,66,66,66,66,64,64,40,40,40,40,27,51,43,72,82,82,14,45],"gold":78,"neow_bonus":"THREE_ENEMY_KILL","is_daily":false,"chose_seed":false,"campfire_upgraded":6,"win_rate":0.0,"timestamp":1609787627,"path_taken":["M","?","?","$","?","R","E","R","T","$","E","?","M","?","R","BOSS","M","$","M","M","M","E","R","M","T","R","M","$","?","M","R","BOSS","M","M","?","?","$","R","E","M","T","E","?","M","$","E","R","BOSS","R","$","E","BOSS"],"items_purchased_type":["Card","Relic","Card","Relic","Card","Relic","Potion","Relic"],"build_version":"2020-12-22","purchased_purges":3,"victory":true,"max_hp_per_floor":[75,75,75,75,75,75,75,75,75,75,75,75,75,75,75,75,75,75,75,75,75,75,75,75,75,75,75,75,82,82,82,82,82,82,82,82,82,82,82,82,82,82,82,82,82,82,82,82,82,82,82,82,82,82,82],"relic_stats":{"Nunchaku":[19],"Lizard Tail":0,"counters":[27,143],"PreservedInsect":340,"Whetstone":["Strike_B","Strike_B"],"Kunai":[13],"MawBank":204,"obtain_stats":[{"Potion Belt":47,"Lantern":39,"NeowsBlessing":0,"SacredBark":17,"Vajra":7,"PreservedInsect":11,"Runic Capacitor":10,"Whetstone":26,"MawBank":12,"White Beast Statue":5,"Akabeko":48,"FrozenCore":34,"Du-Vu Doll":43,"Nunchaku":23,"Lizard Tail":38,"Anchor":44,"DataDisk":54,"Strawberry":29,"Red Mask":30,"Kunai":41,"Cracked Core":0},{"Potion Belt":23,"Lantern":19,"NeowsBlessing":0,"SacredBark":6,"Vajra":2,"PreservedInsect":3,"Runic Capacitor":2,"Whetstone":12,"MawBank":3,"White Beast Statue":1,"Akabeko":24,"FrozenCore":16,"Du-Vu Doll":21,"Nunchaku":11,"Lizard Tail":19,"Anchor":22,"DataDisk":26,"Strawberry":13,"Red Mask":14,"Kunai":20,"Cracked Core":0},{"Potion Belt":108,"Lantern":81,"NeowsBlessing":0,"SacredBark":15,"Vajra":2,"PreservedInsect":3,"Runic Capacitor":2,"Whetstone":43,"MawBank":3,"White Beast Statue":1,"Akabeko":113,"FrozenCore":68,"Du-Vu Doll":95,"Nunchaku":37,"Lizard Tail":81,"Anchor":102,"DataDisk":130,"Strawberry":50,"Red Mask":53,"Kunai":87,"Cracked Core":0}],"FrozenCore":[41]},"card_choices":[{"not_picked":["Leap","Stack"],"picked":"Ball Lightning","floor":1},{"not_picked":["Steam","Consume"],"picked":"Rebound","floor":7},{"not_picked":["Darkness","Go for the Eyes"],"picked":"Cold Snap","floor":11},{"not_picked":["Reprogram","Hello World"],"picked":"Defragment","floor":13},{"not_picked":["Tempest","Sweeping Beam"],"picked":"Coolheaded","floor":14},{"not_picked":["Machine Learning","Thunder Strike"],"picked":"Fission","floor":16},{"not_picked":["Leap","Redo"],"picked":"Defragment+1","floor":18},{"not_picked":["Stack","Ball Lightning","Redo"],"picked":"SKIP","floor":20},{"not_picked":["Gash","Ball Lightning"],"picked":"Compile Driver","floor":21},{"not_picked":["Go for the Eyes","Cold Snap"],"picked":"Loop","floor":22},{"not_picked":["Undo+1","Darkness"],"picked":"Hologram+1","floor":23},{"not_picked":["Hello World","Coolheaded+1","Undo"],"picked":"SKIP","floor":25},{"not_picked":["BootSequence","Melter"],"picked":"Chill","floor":28},{"not_picked":["Turbo+1","BootSequence"],"picked":"Conserve Battery","floor":30},{"not_picked":["Reprogram+1","Steam"],"picked":"Loop","floor":31},{"not_picked":["Machine Learning","Hyperbeam"],"picked":"Biased Cognition","floor":33},{"not_picked":["Gash","Auto Shields+1"],"picked":"Barrage+1","floor":35},{"not_picked":["Stack","Ball Lightning"],"picked":"Defragment+1","floor":36},{"not_picked":["All For One","Go for the Eyes"],"picked":"Barrage+1","floor":38},{"not_picked":["Scrape","White Noise"],"picked":"Amplify","floor":41},{"not_picked":["Sweeping Beam","Fusion","Barrage"],"picked":"SKIP","floor":42},{"not_picked":["Go for the Eyes","Genetic Algorithm+1","Compile Driver+1"],"picked":"SKIP","floor":44},{"not_picked":["Go for the Eyes","Genetic Algorithm+1","Compile Driver+1"],"picked":"SKIP","floor":44},{"not_picked":["Hologram+1","Redo","Conserve Battery+1"],"picked":"SKIP","floor":46},{"not_picked":["Ball Lightning","Static Discharge+1","Beam Cell"],"picked":"SKIP","floor":48},{"not_picked":["Coolheaded","Electrodynamics"],"picked":"Skim","floor":54}],"player_experience":508625,"relics_obtained":[{"floor":7,"key":"Vajra"},{"floor":11,"key":"PreservedInsect"},{"floor":12,"key":"MawBank"},{"floor":23,"key":"Nunchaku"},{"floor":26,"key":"Whetstone"},{"floor":30,"key":"Red Mask"},{"floor":38,"key":"Lizard Tail"},{"floor":41,"key":"Kunai"},{"floor":43,"key":"Du-Vu Doll"},{"floor":44,"key":"Anchor"},{"floor":48,"key":"Akabeko"},{"floor":54,"key":"DataDisk"}],"event_choices":[{"cards_removed":["Strike_B"],"damage_healed":0,"gold_gain":0,"player_choice":"Forget","damage_taken":0,"max_hp_gain":0,"max_hp_loss":0,"event_name":"Living Wall","floor":2,"gold_loss":0},{"damage_healed":0,"gold_gain":175,"player_choice":"AGREE","damage_taken":0,"max_hp_gain":0,"max_hp_loss":0,"event_name":"Liars Game","floor":3,"gold_loss":0,"cards_obtained":["Doubt"]},{"damage_healed":0,"gold_gain":0,"player_choice":"Success","damage_taken":3,"relics_obtained":["White Beast Statue"],"max_hp_gain":0,"max_hp_loss":0,"event_name":"Scrap Ooze","floor":5,"gold_loss":0},{"damage_healed":0,"gold_gain":0,"player_choice":"Fought Bandits","damage_taken":0,"max_hp_gain":0,"max_hp_loss":0,"event_name":"Masked Bandits","floor":30,"gold_loss":0},{"damage_healed":21,"gold_gain":0,"player_choice":"Writhe","damage_taken":0,"max_hp_gain":0,"max_hp_loss":0,"event_name":"Winding Halls","floor":37,"gold_loss":0,"cards_obtained":["Writhe"]},{"damage_healed":0,"gold_gain":0,"player_choice":"Fight","damage_taken":0,"max_hp_gain":0,"max_hp_loss":0,"event_name":"MindBloom","floor":38,"gold_loss":0},{"damage_healed":0,"gold_gain":0,"player_choice":"Ignored","damage_taken":0,"max_hp_gain":0,"max_hp_loss":0,"event_name":"SecretPortal","floor":45,"gold_loss":0}],"is_beta":false,"boss_relics":[{"not_picked":["SlaversCollar","Philosopher\u0027s Stone"],"picked":"SacredBark"},{"not_picked":["Busted Crown","Sozu"],"picked":"FrozenCore"}],"items_purged_floors":[4,29,39],"is_endless":false,"potions_floor_spawned":[7,11,13,14,16,18,20,21,22,23,25,28,30,31,33,35,36,38,41,42,44,46,48,54],"ascension_level":7}}