{"host":"gzsdmyo07u314vug","time":1609727274,"event":{"mods":["2.2 Compatiblity","BaseMod","Downfall","GifTheSpireLib","Minty Spire (QoL Compilation)","Quick Restart","Rare Cards Sparkle","Relic Stats","Replay The Spire","Shop Mod","StSLib","The Bug Knight","The Construct","The Elementalist","The IronCluck","The Servant 0.9.4","Unceasing Turn Reminder","everything is the same but u backflip on backflip","slay the spire mod where everything is the same but ironclad has a cowboy hat","vexMod"],"gold_per_floor":[117,136,146,71,81,81,95,95,166,166,176,176,187,187,187,187,187,288,288,300,315,76,76,76],"floor_reached":23,"playtime":1214,"items_purged":["Strike_B","Strike_B"],"score":343,"play_id":"1afc7a91-2895-4b38-9625-ae7cf973cd22","local_time":"20210103232754","is_ascension_mode":true,"campfire_choices":[{"data":"Buffer","floor":6,"key":"SMITH"},{"data":"Zap","floor":8,"key":"SMITH"},{"data":"Dualcast","floor":12,"key":"SMITH"},{"floor":17,"key":"REST"}],"circlet_count":0,"master_deck":["AscendersBane","Strike_B","Strike_B","Defend_B","Defend_B","Defend_B","Defend_B","Zap+1","Dualcast+1","Buffer+1","Ball Lightning","Hologram+1","Go for the Eyes","Beam Cell","Reinforced Body","Buffer","Leap","Scrape","ReplayGash"],"relics":["Cracked Core","Onion Ring","FaceOfCleric","vexMod:BigBerry"],"acts_visited":["Exordium","TheCity"],"potions_floor_usage":[3,13,18,21],"damage_taken":[{"damage":0,"enemies":"Cultist","floor":1,"turns":4},{"damage":0,"enemies":"2 Louse","floor":2,"turns":2},{"damage":0,"enemies":"Small Slimes","floor":3,"turns":3},{"damage":20,"enemies":"Exordium Thugs","floor":5,"turns":3},{"damage":11,"enemies":"Red Slaver","floor":7,"turns":4},{"damage":0,"enemies":"Looter","floor":11,"turns":2},{"damage":0,"enemies":"Large Slime","floor":13,"turns":3},{"damage":40,"enemies":"The Guardian","floor":18,"turns":12},{"damage":9,"enemies":"Shell Parasite","floor":20,"turns":8},{"damage":16,"enemies":"3 Byrds","floor":21,"turns":5},{"damage":78,"enemies":"3 Cultists","floor":23,"turns":5}],"seed_played":"6465105038328732164","potions_obtained":[{"floor":1,"key":"AttackPotion"},{"floor":5,"key":"sneckomod:MuddlingPotion"},{"floor":11,"key":"Slimebound:ThreeZeroPotion"},{"floor":20,"key":"Weak Potion"}],"is_trial":false,"path_per_floor":["M","M","M","$","M","R","M","R","T","?","M","R","M","PTL","PTL","?","R","B",null,"M","M","$","M"],"character_chosen":"DEFECT","items_purchased":["Scrape","ReplayGash"],"campfire_rested":1,"item_purchase_floors":[22,22],"current_hp_per_floor":[68,68,68,68,48,48,37,37,37,37,38,38,39,39,39,39,62,23,94,86,71,71,0,0],"gold":76,"neow_bonus":"ONE_RANDOM_RARE_CARD","is_daily":false,"chose_seed":false,"campfire_upgraded":3,"win_rate":0.0,"timestamp":1609727274,"path_taken":["M","M","M","$","?","R","M","R","T","?","?","R","M","PTL","PTL","?","R","BOSS","M","M","$","M"],"items_purchased_type":["Card","Card"],"build_version":"2020-12-22","purchased_purges":2,"victory":false,"max_hp_per_floor":[75,75,75,75,75,75,75,75,75,75,76,76,77,77,77,77,77,78,108,109,110,110,110,110],"relic_stats":{"FaceOfCleric":5,"counters":[11,51],"obtain_stats":[{"FaceOfCleric":10,"Onion Ring":9,"Cracked Core":0,"vexMod:BigBerry":19},{"FaceOfCleric":5,"Onion Ring":5,"Cracked Core":0,"vexMod:BigBerry":8},{"FaceOfCleric":16,"Onion Ring":16,"Cracked Core":0,"vexMod:BigBerry":33}]},"card_choices":[{"not_picked":["ReplayGash","Streamline"],"picked":"Ball Lightning","floor":1},{"not_picked":["FTL","Loop"],"picked":"Hologram","floor":2},{"not_picked":["Scrape","Cold Snap"],"picked":"Go for the Eyes","floor":3},{"not_picked":["Steam","Cold Snap"],"picked":"Beam Cell","floor":5},{"not_picked":["Hello World","Steam","Cold Snap"],"picked":"SKIP","floor":7},{"not_picked":["Steam","Coolheaded","Stack"],"picked":"SKIP","floor":11},{"not_picked":["ReplayTheSpireMod:Reroute Power","Steam Power"],"picked":"Reinforced Body","floor":13},{"not_picked":["Mirror Shield","Reboot"],"picked":"Buffer","floor":18},{"not_picked":["Cold Snap+1","Ball Lightning","BasicCrystalCard"],"picked":"SKIP","floor":20},{"not_picked":["Cold Snap","Barrage"],"picked":"Leap","floor":21}],"player_experience":643450,"relics_obtained":[{"floor":9,"key":"Onion Ring"}],"event_choices":[{"damage_healed":0,"gold_gain":0,"player_choice":"Trade","damage_taken":0,"relics_obtained":["FaceOfCleric"],"max_hp_gain":0,"max_hp_loss":0,"event_name":"FaceTrader","floor":10,"gold_loss":0},{"damage_healed":0,"gold_gain":0,"player_choice":"Forge","damage_taken":0,"max_hp_gain":0,"max_hp_loss":0,"event_name":"Accursed Blacksmith","floor":16,"gold_loss":0,"cards_upgraded":["Hologram"]}],"is_beta":false,"boss_relics":[{"not_picked":["vexMod:RockOfEvil","FrozenCore"],"picked":"vexMod:BigBerry"}],"items_purged_floors":[4,22],"is_endless":false,"potions_floor_spawned":[1,5,11,20],"killed_by":"3 Cultists","ascension_level":12}}