{"host":"6999i8eg5ewbhdiq","time":1609778857,"event":{"mods":["AchievementEnabler","BaseMod","Colored Map","Colored Powertips","Highlight Path","Minty Spire (QoL Compilation)"],"gold_per_floor":[119,135,149,24,35,35,35,62,86,86,103,103,132,152,152,256,256,276,292,33,33,51,77,77,89,116,135,152,152,77,109,109,206,206,218,238,248,548,560,560,576,32,32,59,78,127,147,166,166,166],"floor_reached":51,"playtime":2203,"items_purged":["Defend_R","Fiend Fire"],"score":1012,"play_id":"0c5af9b9-c0b2-4f70-8ae2-99ac94e29ec6","local_time":"20210104174737","is_ascension_mode":true,"campfire_choices":[{"data":"Perfected Strike","floor":6.0,"key":"SMITH"},{"data":"Pommel Strike","floor":10.0,"key":"SMITH"},{"data":"Perfected Strike","floor":12.0,"key":"SMITH"},{"data":"Fire Breathing","floor":15.0,"key":"SMITH"},{"data":"Double Tap","floor":29.0,"key":"SMITH"},{"data":"Spot Weakness","floor":32.0,"key":"SMITH"},{"data":"Warcry","floor":40.0,"key":"SMITH"},{"data":"Perfected Strike","floor":49.0,"key":"SMITH"}],"circlet_count":0,"master_deck":["Strike_R","Strike_R","Strike_R","Strike_R","Strike_R","Defend_R","Bash","Perfected Strike+1","Pommel Strike+1","Twin Strike","Twin Strike","Perfected Strike+1","Perfected Strike+1","Fire Breathing+1","Warcry+1","Double Tap+1","Spot Weakness+1","Pommel Strike+1","Wild Strike","Swift Strike","Flex","Wild Strike","Flex","Flex","Normality","Wild Strike+1","Perfected Strike+1","Doubt","Perfected Strike+1"],"relics":["Burning Blood","Strawberry","PreservedInsect","Anchor","Cursed Key","Matryoshka","Letter Opener","Tiny Chest","Centennial Puzzle","Bag of Marbles","Philosopher\u0027s Stone","Vajra","Orrery","Bottled Flame","Bottled Lightning","Pantograph","Potion Belt"],"acts_visited":["Exordium","TheCity","TheBeyond"],"potions_floor_usage":[],"damage_taken":[{"damage":5.0,"enemies":"2 Louse","floor":1.0,"turns":3.0},{"damage":1.0,"enemies":"Cultist","floor":2.0,"turns":3.0},{"damage":9.0,"enemies":"Jaw Worm","floor":3.0,"turns":3.0},{"damage":11.0,"enemies":"Blue Slaver","floor":5.0,"turns":3.0},{"damage":0.0,"enemies":"Gremlin Nob","floor":8.0,"turns":2.0},{"damage":22.0,"enemies":"Exordium Thugs","floor":11.0,"turns":3.0},{"damage":10.0,"enemies":"3 Sentries","floor":13.0,"turns":3.0},{"damage":3.0,"enemies":"Lots of Slimes","floor":14.0,"turns":4.0},{"damage":49.0,"enemies":"Hexaghost","floor":16.0,"turns":5.0},{"damage":1.0,"enemies":"2 Thieves","floor":18.0,"turns":2.0},{"damage":0.0,"enemies":"Spheric Guardian","floor":19.0,"turns":1.0},{"damage":0.0,"enemies":"Snecko","floor":22.0,"turns":2.0},{"damage":28.0,"enemies":"Book of Stabbing","floor":23.0,"turns":3.0},{"damage":0.0,"enemies":"Snake Plant","floor":25.0,"turns":1.0},{"damage":2.0,"enemies":"Cultist and Chosen","floor":27.0,"turns":3.0},{"damage":0.0,"enemies":"Snecko","floor":28.0,"turns":2.0},{"damage":16.0,"enemies":"Slavers","floor":31.0,"turns":3.0},{"damage":20.0,"enemies":"Champ","floor":33.0,"turns":4.0},{"damage":12.0,"enemies":"3 Shapes","floor":35.0,"turns":2.0},{"damage":0.0,"enemies":"Orb Walker","floor":36.0,"turns":1.0},{"damage":23.0,"enemies":"Spire Growth","floor":37.0,"turns":3.0},{"damage":0.0,"enemies":"Transient","floor":39.0,"turns":5.0},{"damage":12.0,"enemies":"3 Darklings","floor":41.0,"turns":4.0},{"damage":0.0,"enemies":"Nemesis","floor":44.0,"turns":1.0},{"damage":0.0,"enemies":"Spire Growth","floor":45.0,"turns":1.0},{"damage":0.0,"enemies":"Writhing Mass","floor":47.0,"turns":1.0},{"damage":12.0,"enemies":"Sphere and 2 Shapes","floor":48.0,"turns":3.0},{"damage":48,"enemies":"Donu and Deca","floor":50,"turns":5}],"seed_played":"8758587147573987758","potions_obtained":[{"floor":2.0,"key":"SteroidPotion"},{"floor":3.0,"key":"Fire Potion"},{"floor":11.0,"key":"SkillPotion"},{"floor":16.0,"key":"EssenceOfSteel"},{"floor":19.0,"key":"Weak Potion"},{"floor":22.0,"key":"BlessingOfTheForge"},{"floor":33.0,"key":"AttackPotion"},{"floor":37.0,"key":"ColorlessPotion"},{"floor":39.0,"key":"Fruit Juice"},{"floor":45.0,"key":"Energy Potion"},{"floor":47.0,"key":"LiquidBronze"}],"is_trial":false,"path_per_floor":["M","M","M","$","M","R","?","E","T","R","M","R","E","M","R","B",null,"M","M","$","?","M","E","$","M","T","M","M","R","?","E","R","B",null,"M","M","M","?","M","R","M","$","T","E","M","T","M","M","R","B",null],"character_chosen":"IRONCLAD","items_purchased":["Twin Strike","Matryoshka","Swift Strike","Vajra","Flex","Orrery"],"campfire_rested":0,"item_purchase_floors":[4,20,42,42,42,42],"current_hp_per_floor":[80,80,77,77,72,72,72,85,85,85,69,69,65,68,68,25,87,87,87,87,87,87,65,65,71,71,75,81,81,81,71,71,57,87,81,87,70,70,81,81,75,75,75,81,87,87,92,86,86,50],"gold":166,"neow_bonus":"REMOVE_CARD","is_daily":false,"chose_seed":false,"campfire_upgraded":8,"win_rate":0.0,"timestamp":1609778857,"path_taken":["M","M","M","$","M","R","?","E","T","R","M","R","E","M","R","BOSS","M","?","$","?","M","E","?","?","T","M","M","R","?","E","R","BOSS","M","M","M","?","M","R","M","?","T","E","M","?","M","?","R","BOSS"],"items_purchased_type":["Card","Relic","Card","Relic","Card","Relic"],"build_version":"2020-12-22","purchased_purges":2,"victory":true,"max_hp_per_floor":[80,80,80,80,80,80,80,87,87,87,87,87,87,87,87,87,87,87,87,87,87,87,87,87,87,87,87,87,87,87,87,87,87,87,87,87,87,87,92,92,92,92,92,92,92,92,92,92,92,92],"card_choices":[{"not_picked":["Clash","Power Through"],"picked":"Perfected Strike","floor":1.0},{"not_picked":["Rampage","Twin Strike"],"picked":"Pommel Strike","floor":2.0},{"not_picked":["Body Slam","Shrug It Off"],"picked":"Twin Strike","floor":3.0},{"not_picked":["Cleave","Entrench"],"picked":"Perfected Strike","floor":5.0},{"not_picked":["Rage","Searing Blow"],"picked":"Fiend Fire","floor":8.0},{"not_picked":["Uppercut","Rage"],"picked":"Perfected Strike","floor":11.0},{"not_picked":["Havoc","Infernal Blade"],"picked":"Fire Breathing","floor":13.0},{"not_picked":["Clash","Iron Wave"],"picked":"Warcry","floor":14.0},{"not_picked":["Bludgeon","Berserk"],"picked":"Double Tap","floor":16.0},{"not_picked":["Metallicize","Heavy Blade","Anger"],"picked":"SKIP","floor":18.0},{"not_picked":["Rupture","Entrench","Armaments"],"picked":"SKIP","floor":19.0},{"not_picked":["Headbutt","Rampage","Pummel"],"picked":"SKIP","floor":22.0},{"not_picked":["Sword Boomerang","Shrug It Off"],"picked":"Pommel Strike+1","floor":23.0},{"not_picked":["Thunderclap","Blood for Blood"],"picked":"Wild Strike","floor":25.0},{"not_picked":["Clothesline+1","Iron Wave","True Grit"],"picked":"SKIP","floor":27.0},{"not_picked":["Intimidate","Flex","Cleave"],"picked":"SKIP","floor":28.0},{"not_picked":["Havoc","Clash","Burning Pact"],"picked":"SKIP","floor":31.0},{"not_picked":["Pummel","Combust","Headbutt"],"picked":"SKIP","floor":35.0},{"not_picked":["Cleave+1","Seeing Red","Thunderclap+1"],"picked":"SKIP","floor":36.0},{"not_picked":["Iron Wave+1","Burning Pact","Combust"],"picked":"SKIP","floor":37.0},{"not_picked":["Havoc+1","Armaments+1","Clothesline+1"],"picked":"SKIP","floor":39.0},{"not_picked":["Iron Wave+1","Body Slam","Cleave+1"],"picked":"SKIP","floor":41.0},{"not_picked":["Clothesline+1","Body Slam+1"],"picked":"Wild Strike","floor":42.0},{"not_picked":["Disarm+1","Shrug It Off+1"],"picked":"Flex","floor":42.0},{"not_picked":["Clothesline+1","Searing Blow"],"picked":"Flex","floor":42.0},{"not_picked":["Heavy Blade","Havoc"],"picked":"Wild Strike+1","floor":44.0},{"not_picked":["Impervious","Spot Weakness+1"],"picked":"Perfected Strike+1","floor":45.0},{"not_picked":["Searing Blow+1","Infernal Blade+1"],"picked":"Perfected Strike","floor":47.0},{"not_picked":["Havoc+1","Pummel","Metallicize+1"],"picked":"SKIP","floor":48.0}],"player_experience":121525,"relics_obtained":[{"floor":8.0,"key":"Strawberry"},{"floor":9.0,"key":"PreservedInsect"},{"floor":13.0,"key":"Anchor"},{"floor":23.0,"key":"Letter Opener"},{"floor":26.0,"key":"Tiny Chest"},{"floor":26.0,"key":"Centennial Puzzle"},{"floor":31.0,"key":"Bag of Marbles"},{"floor":43.0,"key":"Bottled Flame"},{"floor":43.0,"key":"Bottled Lightning"},{"floor":44.0,"key":"Pantograph"},{"floor":46.0,"key":"Potion Belt"}],"event_choices":[{"damage_healed":0.0,"max_hp_gain":0.0,"max_hp_loss":0.0,"gold_gain":0.0,"event_name":"Upgrade Shrine","player_choice":"Upgraded","floor":7.0,"gold_loss":0.0,"damage_taken":0.0,"cards_upgraded":["Perfected Strike"]},{"damage_healed":0.0,"max_hp_gain":0.0,"max_hp_loss":0.0,"gold_gain":0.0,"cards_transformed":["Defend_R"],"event_name":"Transmorgrifier","player_choice":"Transformed","floor":21.0,"gold_loss":0.0,"damage_taken":0.0,"cards_obtained":["Spot Weakness"]},{"cards_removed":["Doubt"],"damage_healed":0.0,"max_hp_gain":0.0,"max_hp_loss":0.0,"gold_gain":0.0,"event_name":"Beggar","player_choice":"Gave Gold","floor":30.0,"gold_loss":75.0,"damage_taken":0.0},{"damage_healed":0.0,"max_hp_gain":0.0,"max_hp_loss":0.0,"gold_gain":300.0,"event_name":"Wheel of Change","player_choice":"Gold","floor":38.0,"gold_loss":0.0,"damage_taken":0.0}],"is_beta":false,"boss_relics":[{"not_picked":["Snecko Eye","Black Blood"],"picked":"Cursed Key"},{"not_picked":["Fusion Hammer","Pandora\u0027s Box"],"picked":"Philosopher\u0027s Stone"}],"items_purged_floors":[4,42],"is_endless":false,"potions_floor_spawned":[2,3,11,16,19,22,27,31,33,37,39,45,47],"ascension_level":4}}