{"host":"0vlubjftylzdr3ny","time":1609754600,"event":{"mods":["Always Whale","BaseMod","GifTheSpireLib","Minty Spire (QoL Compilation)","Relic Filter","StSLib","Stuff the Spire"],"gold_per_floor":[118,118,128,140,22,22,40,40,40,40,40,72,90,40,40,40,40],"floor_reached":16,"playtime":572,"items_purged":["Decay","Strike_R"],"score":200,"play_id":"cb21a753-9788-4619-a7fe-384d79b361ab","local_time":"20210104110320","is_ascension_mode":true,"campfire_choices":[{"data":"Whirlwind","floor":6,"key":"SMITH"},{"data":"Battle Trance","floor":8,"key":"SMITH"},{"data":"Defend_R","floor":11,"key":"SMITH"},{"data":"Inflame","floor":15,"key":"SMITH"}],"circlet_count":0,"master_deck":["AscendersBane","Strike_R","Strike_R","Defend_R","Defend_R","Defend_R","Defend_R+1","Bash","Hemokinesis","Spot Weakness+1","Headbutt","Whirlwind+1","Battle Trance+1","Twin Strike","Inflame+1"],"relics":["Burning Blood","Bottled Flame","Juzu Bracelet","Smiling Mask"],"acts_visited":["Exordium"],"potions_floor_usage":[4,12,12],"damage_taken":[{"damage":5,"enemies":"Cultist","floor":1,"turns":3},{"damage":11,"enemies":"Small Slimes","floor":3,"turns":4},{"damage":13,"enemies":"Jaw Worm","floor":4,"turns":3},{"damage":11,"enemies":"2 Fungi Beasts","floor":7,"turns":2},{"damage":22,"enemies":"Lagavulin","floor":12,"turns":5},{"damage":11,"enemies":"Gremlin Gang","floor":13,"turns":2},{"damage":18,"enemies":"The Guardian","floor":16,"turns":11}],"seed_played":"-828369513099145888","potions_obtained":[{"floor":1,"key":"Fruit Juice"},{"floor":3,"key":"CultistPotion"},{"floor":4,"key":"FearPotion"}],"is_trial":false,"path_per_floor":["M","?","M","M","$","R","M","R","T","?","R","E","M","$","R","B"],"character_chosen":"IRONCLAD","items_purchased":["Battle Trance"],"campfire_rested":0,"item_purchase_floors":[5],"current_hp_per_floor":[69,69,64,62,62,62,57,57,57,39,39,23,18,18,18,0,0],"gold":40,"neow_bonus":"TRANSFORM_TWO_CARDS","is_daily":false,"chose_seed":false,"campfire_upgraded":4,"win_rate":0.0,"timestamp":1609754600,"path_taken":["M","?","M","?","$","R","M","R","T","?","R","E","M","$","R","BOSS"],"items_purchased_type":["Card"],"build_version":"2020-12-22","purchased_purges":2,"victory":false,"max_hp_per_floor":[75,75,75,80,80,80,80,80,80,80,80,80,80,80,80,80,80],"card_choices":[{"not_picked":["StuffTheSpire:Incineration","Perfected Strike","StuffTheSpire:RockThrow"],"picked":"SKIP","floor":1},{"not_picked":["StuffTheSpire:BloodClot","Searing Blow"],"picked":"Headbutt","floor":3},{"not_picked":["Seeing Red","True Grit"],"picked":"Whirlwind","floor":4},{"not_picked":["Juggernaut","StuffTheSpire:Slingshot"],"picked":"Twin Strike","floor":7},{"not_picked":["Battle Trance","Combust"],"picked":"Inflame","floor":12},{"not_picked":["Heavy Blade","Bloodletting","Armaments"],"picked":"SKIP","floor":13}],"player_experience":799587,"relics_obtained":[{"floor":9,"key":"Bottled Flame"},{"floor":12,"key":"Smiling Mask"}],"event_choices":[{"damage_healed":0,"gold_gain":0,"player_choice":"Upgraded","damage_taken":0,"max_hp_gain":0,"max_hp_loss":0,"event_name":"Upgrade Shrine","floor":2,"gold_loss":0,"cards_upgraded":["Spot Weakness"]},{"damage_healed":0,"gold_gain":0,"player_choice":"Success","damage_taken":18,"relics_obtained":["Juzu Bracelet"],"max_hp_gain":0,"max_hp_loss":0,"event_name":"Scrap Ooze","floor":10,"gold_loss":0}],"is_beta":false,"boss_relics":[],"items_purged_floors":[5,14],"is_endless":false,"potions_floor_spawned":[1,3,4],"killed_by":"The Guardian","ascension_level":20}}