{"host":"xj2wyr3bqqv4irjd","time":1609750827,"event":{"mods":["Act Like it!","BaseMod","Colored Map","Colored Powertips","Downfall","Hermit","Highlight Path","Jorbs\u0027s Wanderer Trilogy","Lobotomy","Marisa£®ÏF”Í°°ƒß¿Ì…≥£©","Minty Spire (QoL Compilation)","Quick Restart","Rare Cards Sparkle","Replay The Spire","StSLib"],"gold_per_floor":[368,81,98,108,126,157,157,185,230,230,249,259,279,311,311,416,416,428,428,444,90,90,125,125,136,207,207,132,160,179,206,206,310,310,321,321,21,31,49,49,81,0,0,0,20,20,20,31,31,31,31],"floor_reached":50,"playtime":3666,"items_purged":["hermit:Strike_Hermit","hermit:Strike_Hermit","hermit:Defend_Hermit"],"score":930,"play_id":"88e21df9-8d83-4c33-811e-24a3dd0dc5ef","local_time":"20210104170027","is_ascension_mode":true,"campfire_choices":[{"data":"hermit:CursedWeapon","floor":7.0,"key":"SMITH"},{"data":"hermit:Adapt","floor":10.0,"key":"SMITH"},{"floor":15.0,"key":"REST"},{"data":"hermit:Glare","floor":24.0,"key":"SMITH"},{"data":"hermit:CalledShot","floor":27.0,"key":"SMITH"},{"data":"hermit:GoldenBullet","floor":32.0,"key":"SMITH"},{"floor":40.0,"key":"RECALL"},{"data":"hermit:OverwhelmingPower","floor":44.0,"key":"SMITH"},{"data":"hermit:HeroicBravado","floor":47.0,"key":"SMITH"},{"data":"hermit:Determination","floor":49.0,"key":"SMITH"}],"circlet_count":0,"master_deck":["hermit:Defend_Hermit","hermit:Defend_Hermit","hermit:Snapshot","hermit:Covet","hermit:Gestalt","hermit:CursedWeapon+1","hermit:Gestalt","hermit:Roulette","hermit:PistolWhip","hermit:Adapt+1","hermit:Headshot","hermit:Glare+1","hermit:Purgatory","hermit:HeroicBravado+1","hermit:Virtue+1","hermit:LuckOfTheDraw+1","hermit:CalledShot+1","hermit:Gestalt","hermit:GoldenBullet+1","hermit:OverwhelmingPower+1","hermit:Gestalt","hermit:Determination+1","hermit:Gestalt+1","hermit:Determination+1"],"relics":["hermit:Momento","Strange Spoon","Ornamental Fan","Pear","ReplayTheSpireMod:TigerMarble","Orichalcum","ChewingGum","Nilry\u0027s Codex","Question Card","Smiling Mask","Chameleon Ring","hermit:RyeStalk","Du-Vu Doll","Empty Cage","Membership Card","Bag of Marbles","Red Mask"],"acts_visited":["Exordium","TheCity","TheBeyond"],"potions_floor_usage":[],"damage_taken":[{"damage":0.0,"enemies":"Cultist","floor":1.0,"turns":3.0},{"damage":6.0,"enemies":"Jaw Worm","floor":3.0,"turns":5.0},{"damage":6.0,"enemies":"2 Louse","floor":4.0,"turns":6.0},{"damage":4.0,"enemies":"Blue Slaver","floor":5.0,"turns":3.0},{"damage":11.0,"enemies":"3 Sentries","floor":6.0,"turns":7.0},{"damage":5.0,"enemies":"Lagavulin","floor":8.0,"turns":8.0},{"damage":9.0,"enemies":"Gremlin Gang","floor":11.0,"turns":4.0},{"damage":9.0,"enemies":"3 Louse","floor":12.0,"turns":5.0},{"damage":5.0,"enemies":"Exordium Thugs","floor":13.0,"turns":5.0},{"damage":5.0,"enemies":"3 Sentries","floor":14.0,"turns":5.0},{"damage":2.0,"enemies":"Slime Boss","floor":16.0,"turns":5.0},{"damage":9.0,"enemies":"3 Byrds","floor":18.0,"turns":4.0},{"damage":6.0,"enemies":"2 Thieves","floor":20.0,"turns":3.0},{"damage":6.0,"enemies":"Slavers","floor":23.0,"turns":5.0},{"damage":5.0,"enemies":"Snake Plant","floor":25.0,"turns":3.0},{"damage":8.0,"enemies":"Gremlin Leader","floor":29.0,"turns":4.0},{"damage":7.0,"enemies":"Cultist and Chosen","floor":30.0,"turns":6.0},{"damage":2.0,"enemies":"Replay:Snechameleon","floor":31.0,"turns":1.0},{"damage":8.0,"enemies":"Collector","floor":33.0,"turns":6.0},{"damage":3.0,"enemies":"3 Shapes","floor":35.0,"turns":2.0},{"damage":10.0,"enemies":"3 Darklings","floor":38.0,"turns":4.0},{"damage":2.0,"enemies":"Writhing Mass","floor":39.0,"turns":1.0},{"damage":9.0,"enemies":"Giant Head","floor":41.0,"turns":7.0},{"damage":3.0,"enemies":"Jaw Worm Horde","floor":45.0,"turns":3.0},{"damage":6.0,"enemies":"Transient","floor":48.0,"turns":5.0},{"damage":51,"enemies":"Time Eater","floor":50,"turns":4}],"seed_played":"-5599962463032603612","potions_obtained":[{"floor":5.0,"key":"SkillPotion"},{"floor":8.0,"key":"EntropicBrew"},{"floor":12.0,"key":"SpeedPotion"},{"floor":14.0,"key":"Block Potion"},{"floor":16.0,"key":"Swift Potion"},{"floor":18.0,"key":"CultistPotion"},{"floor":20.0,"key":"AttackPotion"},{"floor":22.0,"key":"EntropicBrew"},{"floor":22.0,"key":"SneckoOil"},{"floor":29.0,"key":"SteroidPotion"},{"floor":31.0,"key":"Swift Potion"},{"floor":48.0,"key":"hermit:Eclipse"}],"is_trial":false,"path_per_floor":["M","$","M","M","M","E","R","E","T","R","M","M","M","E","R","B",null,"M","?","M","$","?","E","R","M","T","R","?","E","M","E","R","B",null,"M","?","$","M","M","R","E","?","T","R","M","$","R","M","R","B"],"character_chosen":"HERMIT","items_purchased":["hermit:CursedWeapon","Strange Spoon","Question Card","Membership Card","Doom Potion","EntropicBrew"],"campfire_rested":1,"item_purchase_floors":[2,2,21,37,37,37],"current_hp_per_floor":[50,50,44,38,34,23,23,28,28,28,19,10,9,4,29,27,71,62,46,40,40,40,34,34,29,29,29,29,21,14,12,12,4,65,62,62,62,52,50,50,41,41,41,41,38,38,38,32,32,0,0],"gold":31,"neow_bonus":"TWO_FIFTY_GOLD","is_daily":false,"chose_seed":false,"campfire_upgraded":8,"win_rate":0.0,"timestamp":1609750827,"path_taken":["M","?","M","M","M","E","R","E","T","R","?","M","?","E","R","BOSS","M","?","M","$","?","E","R","?","T","R","?","E","M","E","R","BOSS","M","?","$","M","?","R","E","?","T","R","M","?","R","M","R","BOSS"],"items_purchased_type":["Card","Relic","Relic","Relic","Potion","Potion"],"build_version":"2020-12-22","purchased_purges":3,"victory":false,"max_hp_per_floor":[75,75,75,75,75,75,75,85,85,85,85,85,85,85,85,85,85,85,85,85,85,85,85,85,85,85,85,85,85,85,85,85,85,85,85,85,85,85,85,85,85,85,85,85,85,85,85,85,85,85,85],"card_choices":[{"not_picked":["hermit:Dive","hermit:Vantage"],"picked":"hermit:Gestalt","floor":1.0},{"not_picked":["hermit:CalledShot","hermit:Dive"],"picked":"hermit:Gestalt","floor":3.0},{"not_picked":["hermit:Deadeye","hermit:ShadowCloak"],"picked":"hermit:Roulette","floor":4.0},{"not_picked":["hermit:TakeCover","hermit:HoleUp"],"picked":"hermit:PistolWhip","floor":5.0},{"not_picked":["hermit:PistolWhip","hermit:Coalescence","hermit:Manifest"],"picked":"SKIP","floor":6.0},{"not_picked":["hermit:ShadowCloak","hermit:Reprieve"],"picked":"hermit:Adapt","floor":8.0},{"not_picked":["hermit:Snipe","hermit:Virtue"],"picked":"hermit:Headshot","floor":11.0},{"not_picked":["hermit:Combo","hermit:Dive"],"picked":"hermit:Glare","floor":12.0},{"not_picked":["hermit:Manifest","hermit:Roulette","hermit:ShadowCloak"],"picked":"SKIP","floor":13.0},{"not_picked":["hermit:Quickdraw","hermit:WideOpen"],"picked":"hermit:Purgatory","floor":14.0},{"not_picked":["hermit:DeadOrAlive","hermit:RoundhouseKick"],"picked":"hermit:HeroicBravado","floor":16.0},{"not_picked":["hermit:BodyArmor","hermit:ItchyTrigger"],"picked":"hermit:Virtue+1","floor":18.0},{"not_picked":["hermit:SprayPray","hermit:Dive","hermit:HighCaliber+1"],"picked":"SKIP","floor":20.0},{"not_picked":["hermit:SprayPray","hermit:Dive","hermit:HighCaliber+1"],"picked":"SKIP","floor":20.0},{"not_picked":["hermit:Showdown","hermit:Ricochet","hermit:Scavenge"],"picked":"hermit:LuckOfTheDraw+1","floor":23.0},{"not_picked":["hermit:Roulette","hermit:BodyArmor","hermit:Dissolve"],"picked":"hermit:CalledShot","floor":25.0},{"not_picked":["hermit:Spite+1","hermit:Shortfuse","hermit:Virtue"],"picked":"hermit:Gestalt","floor":29.0},{"not_picked":["hermit:FullyLoaded","hermit:Virtue","hermit:ShadowCloak+1","hermit:ItchyTrigger"],"picked":"SKIP","floor":30.0},{"not_picked":["hermit:Misfire","hermit:Quickdraw","hermit:Dive"],"picked":"hermit:GoldenBullet","floor":31.0},{"not_picked":["hermit:FromBeyond","hermit:Purgatory","hermit:Roughhouse"],"picked":"hermit:OverwhelmingPower","floor":33.0},{"not_picked":["hermit:FlashPowder+1","hermit:HighCaliber+1","hermit:Maintenance+1"],"picked":"hermit:Gestalt","floor":35.0},{"not_picked":["hermit:Horror","hermit:Scavenge","hermit:Coalescence+1","hermit:Desperado"],"picked":"SKIP","floor":38.0},{"not_picked":["hermit:Quickdraw+1","hermit:WideOpen","hermit:Feint"],"picked":"hermit:Determination+1","floor":39.0},{"not_picked":["hermit:Cheat","hermit:Manifest+1","hermit:Malice+1"],"picked":"hermit:Gestalt+1","floor":41.0},{"not_picked":["hermit:Virtue+1","hermit:ItchyTrigger+1","hermit:Coalescence+1","hermit:Cheat+1"],"picked":"SKIP","floor":45.0},{"not_picked":["hermit:Manifest","hermit:BigShot","hermit:Combo"],"picked":"hermit:Determination","floor":48.0}],"player_experience":451349,"relics_obtained":[{"floor":6.0,"key":"Ornamental Fan"},{"floor":8.0,"key":"Pear"},{"floor":9.0,"key":"ReplayTheSpireMod:TigerMarble"},{"floor":14.0,"key":"Orichalcum"},{"floor":19.0,"key":"Nilry\u0027s Codex"},{"floor":23.0,"key":"Smiling Mask"},{"floor":26.0,"key":"Chameleon Ring"},{"floor":29.0,"key":"hermit:RyeStalk"},{"floor":31.0,"key":"Du-Vu Doll"},{"floor":41.0,"key":"Bag of Marbles"}],"event_choices":[{"damage_healed":0.0,"max_hp_gain":0.0,"max_hp_loss":0.0,"gold_gain":0.0,"event_name":"Cursed Tome","player_choice":"Obtained Book","floor":19.0,"gold_loss":0.0,"damage_taken":16.0},{"damage_healed":0.0,"max_hp_gain":0.0,"max_hp_loss":0.0,"gold_gain":0.0,"event_name":"Lab","player_choice":"Got Potions","floor":22.0,"gold_loss":0.0,"damage_taken":0.0},{"cards_removed":["hermit:Strike_Hermit"],"damage_healed":0.0,"max_hp_gain":0.0,"max_hp_loss":0.0,"gold_gain":0.0,"event_name":"Beggar","player_choice":"Gave Gold","floor":28.0,"gold_loss":75.0,"damage_taken":0.0},{"damage_healed":0.0,"max_hp_gain":0.0,"max_hp_loss":0.0,"gold_gain":0.0,"event_name":"Match and Keep!","player_choice":"0 cards matched","floor":36.0,"gold_loss":0.0,"damage_taken":0.0,"cards_obtained":[]},{"damage_healed":0.0,"max_hp_gain":0.0,"max_hp_loss":0.0,"gold_gain":0.0,"event_name":"Tomb of Lord Red Mask","player_choice":"Paid","floor":42.0,"gold_loss":81.0,"damage_taken":0.0,"relics_obtained":["Red Mask"]}],"is_beta":false,"boss_relics":[{"not_picked":["Ectoplasm","Replay:Drink Me"],"picked":"ChewingGum"},{"not_picked":["Honey Jar","Sozu"],"picked":"Empty Cage"}],"items_purged_floors":[2,21,37],"is_endless":false,"potions_floor_spawned":[5,8,12,14,16,18,20,29,31,41,48],"killed_by":"Time Eater","ascension_level":7}}