{"host":"oknzaotplmnl5xaf","time":1609788625,"event":{"mods":["BaseMod","Colored Map","Highlight Path","Minty Spire (QoL Compilation)","Permanent Neow","Quick Restart","Relic Stats","Slay-I"],"gold_per_floor":[115,125,141,152,164,196,196,196,196],"floor_reached":8,"playtime":405,"items_purged":[],"score":120,"play_id":"8b5b1eaf-2501-4c7f-9ac3-11e73a59ee95","local_time":"20210104143025","is_ascension_mode":true,"campfire_choices":[{"floor":7,"key":"REST"}],"circlet_count":0,"master_deck":["AscendersBane","Strike_G","Strike_G","Strike_G","Strike_G","Strike_G","Defend_G","Defend_G","Defend_G","Defend_G","Defend_G","Survivor","Neutralize","Finesse","Skewer","Bouncing Flask","Flying Knee","Dodge and Roll","Crippling Poison","Heel Hook"],"relics":["Ring of the Snake","Akabeko"],"acts_visited":["Exordium"],"potions_floor_usage":[4,6,8],"damage_taken":[{"damage":3,"enemies":"2 Louse","floor":1,"turns":4},{"damage":2,"enemies":"Jaw Worm","floor":2,"turns":6},{"damage":0,"enemies":"Cultist","floor":3,"turns":3},{"damage":13,"enemies":"3 Louse","floor":4,"turns":3},{"damage":11,"enemies":"Red Slaver","floor":5,"turns":4},{"damage":28,"enemies":"3 Sentries","floor":6,"turns":8},{"damage":35,"enemies":"Lagavulin","floor":8,"turns":5}],"seed_played":"-4701736355668081720","potions_obtained":[{"floor":1,"key":"SkillPotion"},{"floor":2,"key":"FearPotion"},{"floor":6,"key":"ColorlessPotion"}],"is_trial":false,"path_per_floor":["M","M","M","M","M","E","R","E"],"character_chosen":"THE_SILENT","items_purchased":[],"campfire_rested":1,"item_purchase_floors":[],"current_hp_per_floor":[56,54,54,41,30,2,21,0,0],"gold":196,"neow_bonus":"RANDOM_COLORLESS","is_daily":false,"chose_seed":false,"campfire_upgraded":0,"win_rate":0.0,"timestamp":1609788625,"path_taken":["M","M","M","M","M","E","R","E"],"items_purchased_type":[],"build_version":"2020-12-22","purchased_purges":0,"victory":false,"max_hp_per_floor":[66,66,66,66,66,66,66,66,66],"relic_stats":{"counters":[7,33],"obtain_stats":[{"Akabeko":6,"Ring of the Snake":0},{"Akabeko":6,"Ring of the Snake":0},{"Akabeko":28,"Ring of the Snake":0}],"Ring of the Snake":[14]},"card_choices":[{"not_picked":["Panacea","Forethought"],"picked":"Finesse","floor":0},{"not_picked":["Bane","Tactician"],"picked":"Skewer","floor":1},{"not_picked":["Distraction","Choke"],"picked":"Bouncing Flask","floor":2},{"not_picked":["Dagger Throw","Escape Plan"],"picked":"Flying Knee","floor":3},{"not_picked":["Escape Plan","Acrobatics"],"picked":"Dodge and Roll","floor":4},{"not_picked":["Setup","Quick Slash"],"picked":"Crippling Poison","floor":5},{"not_picked":["Bane","Doppelganger"],"picked":"Heel Hook","floor":6}],"player_experience":1399853,"relics_obtained":[{"floor":6,"key":"Akabeko"}],"event_choices":[],"is_beta":false,"boss_relics":[],"items_purged_floors":[],"is_endless":false,"potions_floor_spawned":[1,2,6],"killed_by":"Lagavulin","ascension_level":20}}