{"host":"51f0ad793vly1w6u","time":1609746953,"event":{"mods":["BaseMod","Colored Map","DeckTracker","Minty Spire (QoL Compilation)","StSLib","SuperFastMode"],"gold_per_floor":[110,122,135,135,155,193,193,32,32,45,69,69,84,84,84,177,177,192,207,207,227,242,242,283,283,336,356,356,18,18,51,51,142,142,155,168,94,94,94],"floor_reached":38,"playtime":1068,"items_purged":["Writhe"],"score":861,"play_id":"df0bde6c-1786-45c1-a723-03891aff9f47","local_time":"20210104165553","is_ascension_mode":true,"campfire_choices":[{"floor":7,"key":"REST"},{"data":"Cloak And Dagger","floor":15,"key":"SMITH"},{"floor":23,"key":"REST"},{"floor":25,"key":"REST"},{"floor":32,"key":"REST"}],"circlet_count":0,"master_deck":["AscendersBane","Strike_G","Strike_G","Strike_G","Strike_G","Strike_G","Defend_G","Defend_G","Defend_G","Defend_G","Defend_G","Survivor","Neutralize","Backstab","Malaise","Flying Knee","Deadly Poison","Cloak And Dagger+1","Blade Dance","Bullet Time+1","Die Die Die","Cloak And Dagger","Calculated Gamble","After Image","Cloak And Dagger","Well Laid Plans+1","Backflip","Die Die Die","After Image","Endless Agony+1","Cloak And Dagger+1","After Image"],"relics":["Ring of the Snake","NeowsBlessing","Golden Idol","Dead Branch","Orrery","StrikeDummy","Sundial","Fusion Hammer","Nilry\u0027s Codex","Singing Bowl","Boot","Calipers","Paper Crane","Eternal Feather","SlaversCollar"],"acts_visited":["Exordium","TheCity","TheBeyond"],"potions_floor_usage":[6,16,16,22,24,24,31,38],"damage_taken":[{"damage":0,"enemies":"Cultist","floor":1,"turns":1},{"damage":0,"enemies":"Small Slimes","floor":2,"turns":1},{"damage":0,"enemies":"Jaw Worm","floor":3,"turns":1},{"damage":12,"enemies":"Gremlin Gang","floor":5,"turns":6},{"damage":36,"enemies":"3 Sentries","floor":6,"turns":13},{"damage":0,"enemies":"Exordium Thugs","floor":10,"turns":4},{"damage":0,"enemies":"Large Slime","floor":11,"turns":3},{"damage":1,"enemies":"Blue Slaver","floor":13,"turns":2},{"damage":5,"enemies":"The Guardian","floor":16,"turns":11},{"damage":14,"enemies":"Shell Parasite","floor":18,"turns":3},{"damage":0,"enemies":"Chosen","floor":19,"turns":4},{"damage":0,"enemies":"Centurion and Healer","floor":21,"turns":4},{"damage":9,"enemies":"3 Cultists","floor":22,"turns":5},{"damage":2,"enemies":"Book of Stabbing","floor":24,"turns":3},{"damage":0,"enemies":"Sentry and Sphere","floor":27,"turns":3},{"damage":21,"enemies":"Slavers","floor":31,"turns":2},{"damage":20,"enemies":"Automaton","floor":33,"turns":12},{"damage":5,"enemies":"3 Shapes","floor":35,"turns":6},{"damage":11,"enemies":"3 Darklings","floor":36,"turns":4},{"damage":44,"enemies":"2 Orb Walkers","floor":38,"turns":3}],"seed_played":"2132961243289180065","potions_obtained":[{"floor":2,"key":"EssenceOfSteel"},{"floor":10,"key":"FearPotion"},{"floor":11,"key":"LiquidBronze"},{"floor":13,"key":"CunningPotion"},{"floor":16,"key":"Swift Potion"},{"floor":18,"key":"PowerPotion"},{"floor":22,"key":"ColorlessPotion"},{"floor":24,"key":"CunningPotion"},{"floor":36,"key":"ColorlessPotion"}],"is_trial":false,"path_per_floor":["M","M","M","?","M","E","R","$","T","M","M","?","M","T","R","B",null,"M","M","?","M","M","R","E","R","T","M","?","$","?","E","R","B",null,"M","M","$","?"],"character_chosen":"THE_SILENT","items_purchased":["Orrery","Paper Crane","After Image"],"campfire_rested":4,"item_purchase_floors":[8,29,37],"current_hp_per_floor":[59,59,59,59,47,11,29,29,29,29,29,29,28,28,28,23,51,37,37,16,16,7,25,23,41,41,41,41,41,41,22,55,35,55,50,39,39,0,0],"gold":94,"neow_bonus":"THREE_ENEMY_KILL","is_daily":false,"chose_seed":false,"campfire_upgraded":1,"win_rate":0.0,"timestamp":1609746953,"path_taken":["M","?","M","?","M","E","R","$","T","M","M","?","M","?","R","BOSS","M","?","?","M","M","R","E","R","T","M","?","$","?","E","R","BOSS","M","M","$","?"],"items_purchased_type":["Relic","Relic","Card"],"build_version":"2020-12-22","purchased_purges":1,"victory":false,"max_hp_per_floor":[66,66,66,60,60,60,60,60,60,60,60,60,60,60,60,60,60,60,60,60,60,60,60,60,60,60,60,60,60,60,62,62,62,62,62,62,62,62,62],"card_choices":[{"not_picked":["PiercingWail","Bane"],"picked":"Backstab","floor":1},{"not_picked":["Flying Knee","Slice"],"picked":"Malaise","floor":2},{"not_picked":["Deflect","PiercingWail"],"picked":"Flying Knee","floor":3},{"not_picked":["Tactician","Dagger Throw"],"picked":"Deadly Poison","floor":5},{"not_picked":["Sucker Punch","Choke","Eviscerate"],"picked":"SKIP","floor":6},{"not_picked":["Dagger Spray","Dagger Throw"],"picked":"Cloak And Dagger","floor":8},{"not_picked":["Predator","Deflect"],"picked":"Blade Dance","floor":8},{"not_picked":["PiercingWail","Blade Dance"],"picked":"Bullet Time","floor":8},{"not_picked":["Riddle With Holes","Bouncing Flask"],"picked":"Die Die Die","floor":8},{"not_picked":["Dagger Throw","Deflect"],"picked":"Cloak And Dagger","floor":10},{"not_picked":["Bouncing Flask","Well Laid Plans"],"picked":"Calculated Gamble","floor":11},{"not_picked":["Poisoned Stab","Caltrops","Bane"],"picked":"SKIP","floor":13},{"not_picked":["Die Die Die","Tools of the Trade"],"picked":"After Image","floor":16},{"not_picked":["Deadly Poison","Choke"],"picked":"Cloak And Dagger","floor":18},{"not_picked":["Outmaneuver","Masterful Stab","Heel Hook+1"],"picked":"SKIP","floor":19},{"not_picked":["Deflect","Flying Knee+1","Well Laid Plans+1"],"picked":"SKIP","floor":21},{"not_picked":["Deflect","Flying Knee+1"],"picked":"Well Laid Plans+1","floor":21},{"not_picked":["Acrobatics","Underhanded Strike","Prepared"],"picked":"SKIP","floor":22},{"not_picked":["Choke","PiercingWail"],"picked":"Backflip","floor":24},{"not_picked":["Expertise","Sucker Punch"],"picked":"Die Die Die","floor":27},{"not_picked":["Poisoned Stab","Quick Slash","Slice"],"picked":"Singing Bowl","floor":31},{"not_picked":["Glass Knife","Tools of the Trade"],"picked":"After Image","floor":33},{"not_picked":["Dodge and Roll","Crippling Poison"],"picked":"Endless Agony+1","floor":35},{"not_picked":["Flying Knee","Deadly Poison+1"],"picked":"Cloak And Dagger+1","floor":36}],"player_experience":1384259,"relics_obtained":[{"floor":6,"key":"Dead Branch"},{"floor":9,"key":"StrikeDummy"},{"floor":14,"key":"Sundial"},{"floor":20,"key":"Nilry\u0027s Codex"},{"floor":24,"key":"Singing Bowl"},{"floor":26,"key":"Boot"},{"floor":31,"key":"Eternal Feather"}],"event_choices":[{"damage_healed":0,"gold_gain":0,"player_choice":"Lose Max HP","damage_taken":0,"relics_obtained":["Golden Idol"],"max_hp_gain":0,"max_hp_loss":6,"event_name":"Golden Idol","floor":4,"gold_loss":0},{"damage_healed":0,"gold_gain":0,"player_choice":"Grow","damage_taken":0,"max_hp_gain":0,"max_hp_loss":0,"event_name":"Living Wall","floor":12,"gold_loss":0,"cards_upgraded":["Bullet Time"]},{"damage_healed":0,"gold_gain":0,"player_choice":"Obtained Book","damage_taken":21,"max_hp_gain":0,"max_hp_loss":0,"event_name":"Cursed Tome","floor":20,"gold_loss":0},{"damage_healed":0,"gold_gain":0,"player_choice":"Opened","damage_taken":0,"relics_obtained":["Calipers"],"max_hp_gain":0,"max_hp_loss":0,"event_name":"The Mausoleum","floor":28,"gold_loss":0,"cards_obtained":["Writhe"]},{"damage_healed":0,"gold_gain":0,"player_choice":"Ignored","damage_taken":0,"max_hp_gain":0,"max_hp_loss":0,"event_name":"Vampires","floor":30,"gold_loss":0},{"damage_healed":0,"gold_gain":0,"player_choice":"Fight","damage_taken":0,"max_hp_gain":0,"max_hp_loss":0,"event_name":"Mysterious Sphere","floor":38,"gold_loss":0}],"is_beta":false,"boss_relics":[{"not_picked":["Philosopher\u0027s Stone","Runic Dome"],"picked":"Fusion Hammer"},{"not_picked":["Black Star","Astrolabe"],"picked":"SlaversCollar"}],"items_purged_floors":[29],"is_endless":false,"potions_floor_spawned":[2,10,11,13,16,18,22,24,36],"killed_by":"2 Orb Walkers","ascension_level":20}}