{"host":"cziotie8mnsl18m5","time":1609728890,"event":{"mods":["BaseMod","Minty Spire (QoL Compilation)","StSLib","The Animator","The Construct"],"gold_per_floor":[113,188,113,145,162,205,205,205,205],"floor_reached":8,"playtime":257,"items_purged":[],"score":112,"play_id":"59872478-857a-4144-a504-fdabbe24a182","local_time":"20210103215450","is_ascension_mode":true,"campfire_choices":[{"data":"animator:MamiTomoe","floor":7.0,"key":"SMITH"}],"circlet_count":0,"master_deck":["AscendersBane","animator:Strike_MadokaMagica","animator:Defend_MadokaMagica","animator:Strike","animator:Strike","animator:Strike","animator:Defend","animator:Defend","animator:IrohaTamaki","animator:YuiTsuruno","animator:TukaLunaMarceau","animator:Elsword","animator:MamiTomoe+1"],"relics":["animator:LivingPicture","animator:TheMissingPiece","NeowsBlessing","Art of War"],"acts_visited":["Exordium"],"potions_floor_usage":[8,8],"damage_taken":[{"damage":0.0,"enemies":"2 Louse","floor":1.0,"turns":1.0},{"damage":0.0,"enemies":"Small Slimes","floor":4.0,"turns":1.0},{"damage":0.0,"enemies":"Cultist","floor":5.0,"turns":1.0},{"damage":20.0,"enemies":"Gremlin Nob","floor":6.0,"turns":4.0},{"damage":16,"enemies":"Lagavulin","floor":8,"turns":3}],"seed_played":"-7638388682760629399","potions_obtained":[{"floor":1.0,"key":"GamblersBrew"},{"floor":4.0,"key":"FearPotion"}],"is_trial":false,"path_per_floor":["M","?","?","M","M","E","R","E"],"character_chosen":"THE_ANIMATOR","items_purchased":[],"campfire_rested":0,"item_purchase_floors":[],"current_hp_per_floor":[54,43,43,43,43,23,23,7,7],"gold":205,"neow_bonus":"THREE_ENEMY_KILL","is_daily":false,"chose_seed":false,"campfire_upgraded":1,"win_rate":0.0,"timestamp":1609728890,"path_taken":["M","?","?","M","M","E","R","E"],"items_purchased_type":[],"build_version":"2020-12-22","purchased_purges":0,"victory":false,"max_hp_per_floor":[60,60,60,60,60,60,60,60,60],"card_choices":[{"not_picked":["animator:Caster","animator:ZankiKiguchi"],"picked":"animator:TukaLunaMarceau","floor":1.0},{"not_picked":["animator:OrikoMikuni","animator:Cocytus"],"picked":"animator:Elsword","floor":4.0},{"not_picked":["animator:YuiTsuruno","animator:TsurugaMeisai","animator:RoryMercury"],"picked":"SKIP","floor":5.0},{"not_picked":["animator:KyokoSakura","animator:YuiTsuruno"],"picked":"animator:MamiTomoe","floor":6.0}],"player_experience":2573356,"relics_obtained":[{"floor":6.0,"key":"Art of War"}],"event_choices":[{"damage_healed":0.0,"max_hp_gain":0.0,"max_hp_loss":0.0,"gold_gain":75.0,"event_name":"World of Goop","player_choice":"Gather Gold","floor":2.0,"gold_loss":0.0,"damage_taken":11.0},{"cards_removed":["animator:Defend"],"damage_healed":0.0,"max_hp_gain":0.0,"max_hp_loss":0.0,"gold_gain":0.0,"event_name":"The Cleric","player_choice":"Card Removal","floor":3.0,"gold_loss":75.0,"damage_taken":0.0}],"is_beta":false,"boss_relics":[],"items_purged_floors":[],"is_endless":false,"potions_floor_spawned":[1,4],"killed_by":"Lagavulin","ascension_level":20}}