{"host":"p7j7o00jacnw7qzt","time":1609790706,"event":{"mods":["BaseMod","Colored Map","Colored Powertips","DeckTracker","Highlight Path","Minty Spire (QoL Compilation)","Relic Stats"],"gold_per_floor":[113,113,113,38,38,38,64,64,64,75,136,61,61,95,95,171,221,233,133,145,145,108,108,139,139,163,163,178,196,71,87,87,163,163,177,193,193,208,208,235,235,246,246,272,290,308,268,297,297,297,297,297,297,92,119,119],"floor_reached":57,"playtime":2637,"items_purged":["Strike_R","Strike_R","Bash","Defend_R"],"score":3007,"play_id":"ba26be38-a38f-4ac7-b04c-f846266151f3","local_time":"20210104150506","is_ascension_mode":true,"campfire_choices":[{"floor":6.0,"key":"RECALL"},{"data":"Inflame","floor":8.0,"key":"SMITH"},{"data":"Carnage","floor":13.0,"key":"SMITH"},{"data":"Second Wind","floor":15.0,"key":"SMITH"},{"data":"Limit Break","floor":23.0,"key":"SMITH"},{"data":"Sword Boomerang","floor":25.0,"key":"SMITH"},{"data":"Shockwave","floor":27.0,"key":"SMITH"},{"data":"Feel No Pain","floor":32.0,"key":"SMITH"},{"data":"Barricade","floor":41.0,"key":"SMITH"},{"data":"Evolve","floor":49.0,"key":"SMITH"},{"data":"Defend_R","floor":53.0,"key":"SMITH"}],"circlet_count":0,"master_deck":["AscendersBane","Defend_R+1","Defend_R+1","Defend_R","Inflame+1","Evolve+1","Second Wind+1","Limit Break+1","Sword Boomerang+1","Barricade+1","Dark Embrace+1","Shockwave+1","Feel No Pain+1","Reaper+1","CurseOfTheBell","Shrug It Off+1"],"relics":["Burning Blood","NeowsBlessing","Nunchaku","Pocketwatch","Paper Frog","Tiny House","Boot","PreservedInsect","Calling Bell","Lantern","Singing Bowl","Unceasing Top","Bronze Scales","Pen Nib","Whetstone","Self Forming Clay","Oddly Smooth Stone"],"acts_visited":["Exordium","TheCity","TheBeyond","TheEnding"],"potions_floor_usage":[],"damage_taken":[{"damage":0.0,"enemies":"Cultist","floor":1.0,"turns":1.0},{"damage":0.0,"enemies":"3 Sentries","floor":7.0,"turns":2.0},{"damage":0.0,"enemies":"Jaw Worm","floor":10.0,"turns":1.0},{"damage":32.0,"enemies":"Gremlin Nob","floor":11.0,"turns":4.0},{"damage":8.0,"enemies":"Gremlin Nob","floor":14.0,"turns":3.0},{"damage":42.0,"enemies":"Hexaghost","floor":16.0,"turns":10.0},{"damage":21.0,"enemies":"Shell Parasite","floor":18.0,"turns":3.0},{"damage":8.0,"enemies":"Chosen","floor":20.0,"turns":5.0},{"damage":35.0,"enemies":"Gremlin Leader","floor":24.0,"turns":4.0},{"damage":11.0,"enemies":"Centurion and Healer","floor":28.0,"turns":4.0},{"damage":14.0,"enemies":"Snake Plant","floor":29.0,"turns":4.0},{"damage":13.0,"enemies":"Snecko","floor":31.0,"turns":4.0},{"damage":0.0,"enemies":"Automaton","floor":33.0,"turns":5.0},{"damage":35.0,"enemies":"3 Shapes","floor":35.0,"turns":6.0},{"damage":58.0,"enemies":"3 Darklings","floor":36.0,"turns":5.0},{"damage":16.0,"enemies":"Spire Growth","floor":38.0,"turns":5.0},{"damage":43.0,"enemies":"Giant Head","floor":40.0,"turns":7.0},{"damage":31.0,"enemies":"Sphere and 2 Shapes","floor":42.0,"turns":7.0},{"damage":15.0,"enemies":"Nemesis","floor":44.0,"turns":5.0},{"damage":46.0,"enemies":"Jaw Worm Horde","floor":45.0,"turns":6.0},{"damage":47.0,"enemies":"Writhing Mass","floor":46.0,"turns":8.0},{"damage":71.0,"enemies":"Reptomancer","floor":48.0,"turns":6.0},{"damage":38.0,"enemies":"Time Eater","floor":50.0,"turns":9.0},{"damage":73.0,"enemies":"Donu and Deca","floor":51.0,"turns":7.0},{"damage":63.0,"enemies":"Shield and Spear","floor":55.0,"turns":5.0},{"damage":41,"enemies":"The Heart","floor":56,"turns":9}],"seed_played":"-7809038691080461323","potions_obtained":[{"floor":1.0,"key":"AttackPotion"},{"floor":5.0,"key":"DuplicationPotion"},{"floor":16.0,"key":"Dexterity Potion"},{"floor":17.0,"key":"Block Potion"},{"floor":20.0,"key":"EssenceOfSteel"},{"floor":29.0,"key":"LiquidMemories"},{"floor":33.0,"key":"Swift Potion"},{"floor":35.0,"key":"Dexterity Potion"},{"floor":45.0,"key":"SpeedPotion"},{"floor":47.0,"key":"Fruit Juice"},{"floor":47.0,"key":"Regen Potion"},{"floor":48.0,"key":"SneckoOil"}],"is_trial":false,"path_per_floor":["M","?","?","?","?","R","E","R","T","M","?","$","R","E","R","B",null,"M","$","M","?","$","R","E","R","T","R","M","M","$","M","R","B",null,"M","M","?","M","?","E","R","M","T","E","M","M","?","E","R","B","B",null,"R","$","E","B",null],"character_chosen":"IRONCLAD","items_purchased":["Shockwave","Swift Potion"],"campfire_rested":0,"item_purchase_floors":[22,54],"current_hp_per_floor":[74,74,67,67,67,67,73,73,73,75,49,49,49,47,47,11,64,49,49,47,80,80,80,51,51,51,51,46,38,38,31,31,37,69,82,84,84,84,80,92,92,94,94,87,98,100,105,107,107,107,107,107,107,107,109,109],"gold":119,"neow_bonus":"THREE_ENEMY_KILL","is_daily":false,"chose_seed":false,"campfire_upgraded":10,"win_rate":0.0,"timestamp":1609790706,"path_taken":["M","?","?","?","?","R","E","R","T","?","?","?","R","E","R","BOSS","M","$","M","?","?","R","E","R","T","R","M","?","$","?","R","BOSS","M","M","?","M","?","E","R","M","T","E","M","M","?","E","R","BOSS","BOSS","R","$","E","BOSS"],"items_purchased_type":["Card","Potion"],"build_version":"2020-12-22","purchased_purges":4,"victory":true,"max_hp_per_floor":[75,75,75,75,75,75,75,75,75,75,75,75,75,75,75,75,80,80,80,80,80,80,80,80,80,80,80,80,80,80,80,80,80,80,82,84,84,84,90,92,92,94,94,96,98,100,105,107,107,107,107,107,107,107,109,109],"relic_stats":{"Singing Bowl":24,"counters":[26,135],"Self Forming Clay":[108],"PreservedInsect":318,"Pen Nib":[1],"Whetstone":["Reaper"],"Boot":[8],"Burning Blood":80,"Nunchaku":[7],"Bronze Scales":[309],"obtain_stats":[{"Lantern":34,"Tiny House":17,"NeowsBlessing":0,"Singing Bowl":34,"Self Forming Clay":48,"Oddly Smooth Stone":55,"PreservedInsect":26,"Pen Nib":43,"Whetstone":44,"Boot":24,"Burning Blood":0,"Calling Bell":34,"Nunchaku":7,"Bronze Scales":40,"Unceasing Top":34,"Pocketwatch":11,"Paper Frog":14},{"Lantern":13,"Tiny House":6,"NeowsBlessing":0,"Singing Bowl":13,"Self Forming Clay":22,"Oddly Smooth Stone":25,"PreservedInsect":9,"Pen Nib":18,"Whetstone":19,"Boot":9,"Burning Blood":0,"Calling Bell":13,"Nunchaku":2,"Bronze Scales":17,"Unceasing Top":13,"Pocketwatch":4,"Paper Frog":5},{"Lantern":50,"Tiny House":21,"NeowsBlessing":0,"Singing Bowl":50,"Self Forming Clay":105,"Oddly Smooth Stone":126,"PreservedInsect":33,"Pen Nib":80,"Whetstone":85,"Boot":33,"Burning Blood":0,"Calling Bell":50,"Nunchaku":3,"Bronze Scales":73,"Unceasing Top":50,"Pocketwatch":8,"Paper Frog":11}],"Unceasing Top":[1],"Pocketwatch":[187]},"card_choices":[{"not_picked":["Intimidate","Flex","Havoc"],"picked":"SKIP","floor":1.0},{"not_picked":["Warcry","Flex"],"picked":"Inflame","floor":7.0},{"not_picked":["Power Through","Metallicize"],"picked":"Carnage","floor":10.0},{"not_picked":["Carnage","Burning Pact"],"picked":"Evolve","floor":11.0},{"not_picked":["Battle Trance","Shrug It Off"],"picked":"Second Wind","floor":14.0},{"not_picked":["Fiend Fire","Feed"],"picked":"Limit Break","floor":16.0},{"not_picked":["Twin Strike","Fire Breathing"],"picked":"Sword Boomerang","floor":17.0},{"not_picked":["Perfected Strike","Sword Boomerang"],"picked":"Barricade","floor":18.0},{"not_picked":["Dropkick","Cleave"],"picked":"Dark Embrace+1","floor":20.0},{"not_picked":["Armaments","Flex","Havoc"],"picked":"SKIP","floor":24.0},{"not_picked":["Sword Boomerang","Warcry"],"picked":"Feel No Pain","floor":28.0},{"not_picked":["Blood for Blood+1","Pummel","Searing Blow"],"picked":"SKIP","floor":29.0},{"not_picked":["Havoc","Flame Barrier","Body Slam"],"picked":"SKIP","floor":31.0},{"not_picked":["Limit Break","Corruption"],"picked":"Reaper","floor":33.0},{"not_picked":["Body Slam","Heavy Blade","Dark Embrace+1"],"picked":"Singing Bowl","floor":35.0},{"not_picked":["Havoc","Cleave","Shockwave"],"picked":"Singing Bowl","floor":36.0},{"not_picked":["Body Slam","Second Wind"],"picked":"Shrug It Off+1","floor":38.0},{"not_picked":["Mind Blast","The Bomb","Panache"],"picked":"Singing Bowl","floor":39.0},{"not_picked":["Metamorphosis","Impatience","Sadistic Nature"],"picked":"Singing Bowl","floor":39.0},{"not_picked":["Panacea","Violence","Swift Strike"],"picked":"Singing Bowl","floor":39.0},{"not_picked":["Searing Blow","Dark Embrace+1","Flex+1"],"picked":"Singing Bowl","floor":40.0},{"not_picked":["Pommel Strike+1","Cleave","Shockwave"],"picked":"Singing Bowl","floor":42.0},{"not_picked":["True Grit","Barricade","Armaments"],"picked":"Singing Bowl","floor":44.0},{"not_picked":["Pummel","Clothesline+1","Shrug It Off"],"picked":"Singing Bowl","floor":45.0},{"not_picked":["Headbutt+1","Flex","Wild Strike"],"picked":"Singing Bowl","floor":46.0},{"not_picked":["Bludgeon","Carnage","Armaments+1"],"picked":"Singing Bowl","floor":48.0},{"not_picked":["Iron Wave","Carnage","Juggernaut"],"picked":"Singing Bowl","floor":55.0}],"player_experience":991841,"relics_obtained":[{"floor":7.0,"key":"Nunchaku"},{"floor":11.0,"key":"Pocketwatch"},{"floor":14.0,"key":"Paper Frog"},{"floor":24.0,"key":"Boot"},{"floor":26.0,"key":"PreservedInsect"},{"floor":34.0,"key":"Lantern"},{"floor":34.0,"key":"Singing Bowl"},{"floor":34.0,"key":"Unceasing Top"},{"floor":40.0,"key":"Bronze Scales"},{"floor":43.0,"key":"Pen Nib"},{"floor":44.0,"key":"Whetstone"},{"floor":48.0,"key":"Self Forming Clay"},{"floor":55.0,"key":"Oddly Smooth Stone"}],"event_choices":[{"cards_removed":["Strike_R"],"damage_healed":0.0,"max_hp_gain":0.0,"max_hp_loss":0.0,"gold_gain":0.0,"event_name":"Living Wall","player_choice":"Forget","floor":2.0,"gold_loss":0.0,"damage_taken":0.0},{"cards_removed":["Strike_R"],"damage_healed":0.0,"max_hp_gain":0.0,"max_hp_loss":0.0,"gold_gain":0.0,"event_name":"Golden Wing","player_choice":"Card Removal","floor":3.0,"gold_loss":0.0,"damage_taken":7.0},{"cards_removed":["Strike_R"],"damage_healed":0.0,"max_hp_gain":0.0,"max_hp_loss":0.0,"gold_gain":0.0,"event_name":"The Cleric","player_choice":"Card Removal","floor":4.0,"gold_loss":75.0,"damage_taken":0.0},{"damage_healed":0.0,"max_hp_gain":0.0,"max_hp_loss":0.0,"gold_gain":0.0,"event_name":"Lab","player_choice":"Got Potions","floor":5.0,"gold_loss":0.0,"damage_taken":0.0},{"damage_healed":0.0,"max_hp_gain":0.0,"max_hp_loss":0.0,"gold_gain":0.0,"event_name":"Dead Adventurer","player_choice":"Searched \u00271\u0027 times","floor":11.0,"gold_loss":0.0,"damage_taken":0.0},{"cards_removed":["Carnage"],"damage_healed":33.0,"max_hp_gain":0.0,"max_hp_loss":0.0,"gold_gain":0.0,"event_name":"Bonfire Elementals","player_choice":"Offered Uncommon","floor":21.0,"gold_loss":0.0,"damage_taken":0.0},{"damage_healed":0.0,"max_hp_gain":0.0,"max_hp_loss":0.0,"gold_gain":0.0,"event_name":"Tomb of Lord Red Mask","player_choice":"Ignored","floor":37.0,"gold_loss":0.0,"damage_taken":0.0},{"damage_healed":0.0,"max_hp_gain":0.0,"max_hp_loss":0.0,"gold_gain":0.0,"event_name":"SensoryStone","player_choice":"Memory 3","floor":39.0,"gold_loss":0.0,"damage_taken":10.0},{"damage_healed":0.0,"max_hp_gain":0.0,"max_hp_loss":0.0,"gold_gain":0.0,"event_name":"The Woman in Blue","player_choice":"Bought 3 Potions","floor":47.0,"gold_loss":0.0,"damage_taken":0.0}],"is_beta":false,"boss_relics":[{"not_picked":["Fusion Hammer","Runic Pyramid"],"picked":"Tiny House"},{"not_picked":["Runic Cube","SacredBark"],"picked":"Calling Bell"}],"items_purged_floors":[12,19,30,54],"is_endless":false,"potions_floor_spawned":[1,10,16,20,29,33,35,40,45,48],"ascension_level":20}}