{"host":"56ghxnzsglgdq727","time":1609737926,"event":{"mods":["AchievementEnabler","BaseMod","Downfall","Minty Spire (QoL Compilation)","StSLib"],"gold_per_floor":[0,0,0,10,0,25,49,49,68,68,94,104,29,14,26,26,26,26],"floor_reached":16,"playtime":573,"items_purged":[],"score":119,"play_id":"62da5923-c798-4f92-8093-dad7dc9569b2","local_time":"20210104002526","is_ascension_mode":true,"campfire_choices":[{"data":"Slimebound:Split","floor":1,"key":"SMITH"},{"floor":13,"key":"REST"}],"circlet_count":0,"master_deck":["Slimebound:Strike_Slimebound+1","Slimebound:Strike_Slimebound+1","Slimebound:Tackle","Slimebound:Defend_Slimebound","Slimebound:Defend_Slimebound","Slimebound:Defend_Slimebound","Slimebound:Defend_Slimebound+1","Slimebound:Split+1","Slimebound:CorrosiveSpit+1","Slimebound:PressTheAttack+1","Slimebound:RejuvenatingLick","Regret","Slimebound:LeadByExample","Slimebound:SplitLeeching","Slimebound:ProtectTheBoss","Slimebound:DuplicatedForm"],"relics":["Slimebound:AbsorbEndCombat","Pen Nib","Akabeko","Whetstone","downfall:HeartBlessingGreen"],"acts_visited":["Exordium"],"potions_floor_usage":[6,12],"damage_taken":[{"damage":13,"enemies":"2 Louse","floor":4,"turns":3},{"damage":9,"enemies":"downfall:FleeingMerchant","floor":5,"turns":4},{"damage":29,"enemies":"Lagavulin","floor":6,"turns":6},{"damage":19,"enemies":"Jaw Worm","floor":9,"turns":2},{"damage":0,"enemies":"Cultist","floor":10,"turns":1},{"damage":34,"enemies":"Gremlin Nob","floor":11,"turns":4},{"damage":17,"enemies":"Gremlin Gang","floor":12,"turns":3},{"damage":14,"enemies":"downfall:FleeingMerchant","floor":14,"turns":4},{"damage":7,"enemies":"3 Louse","floor":15,"turns":2},{"damage":89,"enemies":"downfall:Defect","floor":16,"turns":6}],"seed_played":"376785419023285572","potions_obtained":[{"floor":4,"key":"PowerPotion"},{"floor":11,"key":"DuplicationPotion"}],"is_trial":false,"path_per_floor":["R","?","?","M","$","E","T","?","M","M","E","M","R","$","M","B"],"character_chosen":"SLIMEBOUND","items_purchased":[],"campfire_rested":1,"item_purchase_floors":[],"current_hp_per_floor":[72,72,72,69,72,57,57,57,50,50,34,39,60,64,67,0,0,0],"gold":26,"neow_bonus":"TWENTY_PERCENT_HP_BONUS","is_daily":false,"chose_seed":false,"campfire_upgraded":1,"win_rate":0.0,"timestamp":1609737926,"path_taken":["R","?","?","M","?","E","T","?","M","?","E","M","R","$","M","BOSS"],"items_purchased_type":[],"build_version":"2020-12-22","purchased_purges":0,"victory":false,"max_hp_per_floor":[72,72,72,72,72,72,72,72,72,72,72,72,72,72,72,72,72,72],"card_choices":[{"not_picked":["Slimebound:FirmFortitude","Slimebound:ItLooksTasty","Slimebound:MegaLick"],"picked":"SKIP","floor":4},{"not_picked":["Slimebound:Nibble","Slimebound:Schlurp"],"picked":"Slimebound:PressTheAttack","floor":5},{"not_picked":["Slimebound:SplitMire","Slimebound:FinishingTackle"],"picked":"Slimebound:RejuvenatingLick","floor":6},{"not_picked":["Slimebound:RejuvenatingLick","Slimebound:Nibble"],"picked":"Slimebound:LeadByExample","floor":9},{"not_picked":["Slimebound:ComboTackle","Slimebound:SlimeSpikes"],"picked":"Slimebound:SplitLeeching","floor":10},{"not_picked":["Slimebound:DivideAndConquer","Slimebound:LeechingTouch"],"picked":"Slimebound:ProtectTheBoss","floor":11},{"not_picked":["Slimebound:RainOfGoop","Slimebound:Schlurp","Slimebound:GrowthPunch"],"picked":"SKIP","floor":12},{"not_picked":["Slimebound:LeechEnergy","Slimebound:ItLooksTasty","Slimebound:GoopSpray"],"picked":"SKIP","floor":14},{"not_picked":["Slimebound:Grow","Slimebound:GrowthPunch"],"picked":"Slimebound:DuplicatedForm","floor":15}],"player_experience":119521,"relics_obtained":[{"floor":6,"key":"Pen Nib"},{"floor":7,"key":"Akabeko"},{"floor":11,"key":"Whetstone"}],"event_choices":[],"is_beta":false,"boss_relics":[],"items_purged_floors":[],"is_endless":false,"potions_floor_spawned":[4,11],"killed_by":"downfall:Defect","ascension_level":2}}