{"host":"9b7hrp48q3pna783","time":1609737841,"event":{"mods":["BaseMod","Colored Map","Colored Powertips","Highlight Path","Minty Spire (QoL Compilation)","Relic Stats"],"gold_per_floor":[112,125,137,137,157,186,186,201,201,57,57,132,152,168,168,265,265,278,377,377,390,406,440,440,440,492,510,510,523,539,552,552,651,651,665,684,684,702,715,741,741,751,751,751,84,134,152,166,166,166],"floor_reached":51,"playtime":3862,"items_purged":["Strike_B","Defend_B"],"score":732,"play_id":"36a51291-703c-42e2-af2b-ad4cb014ad91","local_time":"20210104002401","is_ascension_mode":false,"campfire_choices":[{"data":"Zap","floor":7,"key":"SMITH"},{"data":"Redo","floor":15,"key":"SMITH"},{"data":"Echo Form","floor":24,"key":"SMITH"},{"data":"Dualcast","floor":28,"key":"SMITH"},{"data":"Loop","floor":32,"key":"SMITH"},{"data":"Coolheaded","floor":41,"key":"SMITH"},{"data":"Apotheosis","floor":49,"key":"SMITH"}],"circlet_count":0,"master_deck":["Defend_B","Defend_B","Defend_B","Zap+1","Dualcast+1","Compile Driver","Glacier","Redo+1","Compile Driver","Doom and Gloom","Loop+1","Echo Form+1","Coolheaded+1","Ghostly","Ghostly","Ghostly","Ghostly","Ghostly","Barrage","Self Repair","Blizzard+1","Static Discharge+1","Bandage Up","Apotheosis+1","Chaos"],"relics":["Cracked Core","Omamori","Ornamental Fan","Inserter","Question Card","Happy Flower","Coffee Dripper","Letter Opener","Oddly Smooth Stone","Strange Spoon","Sundial","Thread and Needle"],"acts_visited":["Exordium","TheCity","TheBeyond"],"potions_floor_usage":[6,18,23,23,25,33,36,36,50],"damage_taken":[{"damage":0,"enemies":"Small Slimes","floor":1,"turns":2},{"damage":0,"enemies":"Cultist","floor":2,"turns":4},{"damage":0,"enemies":"2 Louse","floor":3,"turns":2},{"damage":6,"enemies":"Exordium Thugs","floor":5,"turns":10},{"damage":0,"enemies":"Lagavulin","floor":6,"turns":10},{"damage":6,"enemies":"Large Slime","floor":8,"turns":6},{"damage":5,"enemies":"3 Louse","floor":13,"turns":2},{"damage":9,"enemies":"Lots of Slimes","floor":14,"turns":4},{"damage":7,"enemies":"Slime Boss","floor":16,"turns":7},{"damage":1,"enemies":"Shell Parasite","floor":18,"turns":5},{"damage":1,"enemies":"Spheric Guardian","floor":21,"turns":6},{"damage":18,"enemies":"Centurion and Healer","floor":22,"turns":7},{"damage":13,"enemies":"Gremlin Leader","floor":23,"turns":10},{"damage":2,"enemies":"Masked Bandits","floor":25,"turns":2},{"damage":5,"enemies":"Chosen and Byrds","floor":27,"turns":9},{"damage":0,"enemies":"Snecko","floor":29,"turns":6},{"damage":0,"enemies":"Centurion and Healer","floor":30,"turns":7},{"damage":0,"enemies":"Snake Plant","floor":31,"turns":7},{"damage":29,"enemies":"Automaton","floor":33,"turns":12},{"damage":0,"enemies":"3 Darklings","floor":35,"turns":8},{"damage":5,"enemies":"3 Shapes","floor":36,"turns":4},{"damage":1,"enemies":"Transient","floor":38,"turns":5},{"damage":1,"enemies":"Maw","floor":39,"turns":7},{"damage":24,"enemies":"Nemesis","floor":40,"turns":11},{"damage":1,"enemies":"Writhing Mass","floor":42,"turns":8},{"damage":7,"enemies":"Mind Bloom Boss Battle","floor":46,"turns":8},{"damage":21,"enemies":"Transient","floor":47,"turns":5},{"damage":0,"enemies":"Sphere and 2 Shapes","floor":48,"turns":5},{"damage":7,"enemies":"Time Eater","floor":50,"turns":15}],"seed_played":"8765339955430773703","potions_obtained":[{"floor":2,"key":"Dexterity Potion"},{"floor":3,"key":"DistilledChaos"},{"floor":5,"key":"PowerPotion"},{"floor":6,"key":"Strength Potion"},{"floor":18,"key":"SmokeBomb"},{"floor":21,"key":"EssenceOfDarkness"},{"floor":23,"key":"SteroidPotion"},{"floor":29,"key":"LiquidBronze"},{"floor":35,"key":"AttackPotion"},{"floor":38,"key":"SmokeBomb"},{"floor":48,"key":"FocusPotion"}],"is_trial":false,"path_per_floor":["M","M","M","?","M","E","R","M","T","$","?","?","M","M","R","B",null,"M","?","?","M","M","E","R","?","T","M","R","M","M","M","R","B",null,"M","M","?","M","M","E","R","M","T","?","$","?","M","M","R","B",null],"character_chosen":"DEFECT","items_purchased":["Doom and Gloom","Apotheosis","Strange Spoon","Sundial"],"campfire_rested":0,"item_purchase_floors":[10,45,45,45],"current_hp_per_floor":[75,75,75,75,69,69,69,63,63,63,56,49,44,35,35,28,75,74,74,37,36,18,5,5,10,10,12,12,19,26,33,33,11,37,37,37,37,37,37,20,20,26,26,26,26,30,25,37,37,36],"gold":166,"neow_bonus":"REMOVE_CARD","is_daily":false,"chose_seed":false,"campfire_upgraded":7,"win_rate":0.0,"timestamp":1609737841,"path_taken":["M","M","M","?","?","E","R","M","T","$","?","?","M","M","R","BOSS","M","?","?","M","M","E","R","?","T","M","R","M","M","M","R","BOSS","M","M","?","?","M","E","R","M","T","?","$","?","M","M","R","BOSS"],"items_purchased_type":["Card","Card","Relic","Relic"],"build_version":"2020-12-22","purchased_purges":2,"victory":true,"max_hp_per_floor":[75,75,75,75,75,75,75,75,75,75,75,75,75,75,75,75,75,75,75,37,37,37,37,37,37,37,37,37,37,37,37,37,37,37,37,37,37,37,37,37,37,37,37,37,37,37,37,37,37,37],"relic_stats":{"Strange Spoon":[21],"Inserter":[73],"Happy Flower":[39],"counters":[29,194],"Ornamental Fan":[68],"Sundial":[4],"Letter Opener":[138],"Question Card":15,"obtain_stats":[{"Strange Spoon":45,"Inserter":17,"Happy Flower":26,"Ornamental Fan":9,"Sundial":45,"Oddly Smooth Stone":43,"Thread and Needle":46,"Omamori":6,"Coffee Dripper":34,"Letter Opener":40,"Cracked Core":0,"Question Card":23},{"Strange Spoon":25,"Inserter":9,"Happy Flower":14,"Ornamental Fan":6,"Sundial":25,"Oddly Smooth Stone":25,"Thread and Needle":26,"Omamori":5,"Coffee Dripper":19,"Letter Opener":24,"Cracked Core":0,"Question Card":13},{"Strange Spoon":161,"Inserter":47,"Happy Flower":77,"Ornamental Fan":34,"Sundial":161,"Oddly Smooth Stone":161,"Thread and Needle":169,"Omamori":28,"Coffee Dripper":118,"Letter Opener":153,"Cracked Core":0,"Question Card":75}]},"card_choices":[{"not_picked":["Barrage","Go for the Eyes","Fusion"],"picked":"SKIP","floor":1},{"not_picked":["Reprogram","Go for the Eyes"],"picked":"Compile Driver","floor":2},{"not_picked":["Sunder","Ball Lightning"],"picked":"Glacier","floor":3},{"not_picked":["Rip and Tear","Ball Lightning","Cold Snap"],"picked":"SKIP","floor":5},{"not_picked":["Turbo","Beam Cell"],"picked":"Redo","floor":6},{"not_picked":["Sunder","Cold Snap"],"picked":"Compile Driver","floor":8},{"not_picked":["Conserve Battery","Beam Cell"],"picked":"Loop","floor":13},{"not_picked":["Beam Cell","Redo","Reinforced Body"],"picked":"SKIP","floor":14},{"not_picked":["Machine Learning","All For One"],"picked":"Echo Form","floor":16},{"not_picked":["Aggregate","Steam"],"picked":"Coolheaded","floor":18},{"not_picked":["Go for the Eyes","Recycle+1","Lockon"],"picked":"SKIP","floor":21},{"not_picked":["Beam Cell","Genetic Algorithm"],"picked":"Barrage","floor":22},{"not_picked":["Compile Driver","Stack+1"],"picked":"Self Repair","floor":23},{"not_picked":["Turbo+1","Cold Snap","Gash","Ball Lightning"],"picked":"SKIP","floor":27},{"not_picked":["Beam Cell","Rip and Tear","Hologram","Loop"],"picked":"SKIP","floor":29},{"not_picked":["Hyperbeam","Leap","Hologram+1","Compile Driver"],"picked":"SKIP","floor":30},{"not_picked":["Gash","Chill","Turbo","Rebound"],"picked":"SKIP","floor":31},{"not_picked":["Skim+1","Storm","Ball Lightning+1"],"picked":"Blizzard+1","floor":35},{"not_picked":["Chill","BootSequence+1","Force Field","Streamline+1"],"picked":"SKIP","floor":36},{"not_picked":["Leap","Ball Lightning+1","Auto Shields","Go for the Eyes+1"],"picked":"SKIP","floor":38},{"not_picked":["Hologram+1","Stack+1","Heatsinks+1","Lockon+1"],"picked":"SKIP","floor":39},{"not_picked":["Genetic Algorithm","Hologram+1","Barrage+1"],"picked":"Static Discharge+1","floor":40},{"not_picked":["Rebound","Go for the Eyes+1","Steam Power+1","Core Surge"],"picked":"SKIP","floor":42},{"not_picked":["Mayhem","HandOfGreed","Metamorphosis"],"picked":"Bandage Up","floor":44},{"not_picked":["Fusion","Cold Snap+1","Genetic Algorithm"],"picked":"Chaos","floor":47},{"not_picked":["Steam","Stack","Compile Driver+1","Multi-Cast"],"picked":"SKIP","floor":48}],"player_experience":68319,"relics_obtained":[{"floor":6,"key":"Omamori"},{"floor":9,"key":"Ornamental Fan"},{"floor":23,"key":"Question Card"},{"floor":26,"key":"Happy Flower"},{"floor":40,"key":"Letter Opener"},{"floor":43,"key":"Oddly Smooth Stone"},{"floor":46,"key":"Thread and Needle"}],"event_choices":[{"cards_removed":["Strike_B"],"damage_healed":0,"gold_gain":0,"player_choice":"Offered Basic","damage_taken":0,"max_hp_gain":0,"max_hp_loss":0,"event_name":"Bonfire Elementals","floor":4,"gold_loss":0},{"cards_removed":["Strike_B"],"damage_healed":0,"gold_gain":0,"player_choice":"Card Removal","damage_taken":7,"max_hp_gain":0,"max_hp_loss":0,"event_name":"Golden Wing","floor":11,"gold_loss":0},{"damage_healed":0,"gold_gain":75,"player_choice":"Touch","damage_taken":7,"max_hp_gain":0,"max_hp_loss":0,"event_name":"FaceTrader","floor":12,"gold_loss":0},{"damage_healed":0,"gold_gain":99,"player_choice":"Stole From Cult","damage_taken":0,"max_hp_gain":0,"max_hp_loss":0,"event_name":"Nest","floor":19,"gold_loss":0},{"damage_healed":0,"gold_gain":0,"player_choice":"Became a Ghost","damage_taken":0,"max_hp_gain":0,"max_hp_loss":38,"event_name":"Ghosts","floor":20,"gold_loss":0,"cards_obtained":["Ghostly","Ghostly","Ghostly","Ghostly","Ghostly"]},{"damage_healed":0,"gold_gain":0,"player_choice":"Fought Bandits","damage_taken":0,"max_hp_gain":0,"max_hp_loss":0,"event_name":"Masked Bandits","floor":25,"gold_loss":0},{"damage_healed":0,"gold_gain":0,"player_choice":"Ignored","damage_taken":0,"max_hp_gain":0,"max_hp_loss":0,"event_name":"NoteForYourself","floor":37,"gold_loss":0},{"damage_healed":0,"gold_gain":0,"player_choice":"Memory 1","damage_taken":0,"max_hp_gain":0,"max_hp_loss":0,"event_name":"SensoryStone","floor":44,"gold_loss":0},{"damage_healed":0,"gold_gain":0,"player_choice":"Fight","damage_taken":0,"max_hp_gain":0,"max_hp_loss":0,"event_name":"MindBloom","floor":46,"gold_loss":0}],"is_beta":false,"boss_relics":[{"not_picked":["Ectoplasm","Black Star"],"picked":"Inserter"},{"not_picked":["Fusion Hammer","Empty Cage"],"picked":"Coffee Dripper"}],"items_purged_floors":[10,45],"is_endless":false,"potions_floor_spawned":[2,3,5,6,18,21,23,25,29,35,38,48],"ascension_level":0}}