{"host":"ox77rn1xcurm2t5a","time":1609794937,"event":{"mods":["2.2 Compatiblity","AchievementEnabler","Act Like it!","Aspiration","BaseMod","Best Route Mod","Better Match","Better Note","Better Sensory Stone","Block Reminder","Colored Map","Colored Powertips","Conjunction","Conspire","Custom Start","Energized Spire","GifTheSpireLib","Gold Saver","Gremlin Skip","Halation","Highlight Path","Hubris","Infinite Spire","Minty Spire (QoL Compilation)","Pale of the Ancients","Quick Restart","Replay The Spire","Reworked Bosses","ShortenTheSpire","Spire Exporter","StSLib","Stuff the Spire","Wandering Minibosses","vexMod"],"gold_per_floor":[110,12,12,12,27,27,59,59,59,75,75,100,100,114,114,209,209,209,209],"floor_reached":18,"playtime":484,"items_purged":["Strike_B"],"score":299,"play_id":"24599270-e0d4-48fc-9ac0-5ece7a0873f6","local_time":"20210104231537","is_ascension_mode":true,"campfire_choices":[{"data":"Zap","floor":6,"key":"SMITH"},{"floor":11,"key":"RECALL"},{"data":"Ball Lightning","floor":13,"key":"SMITH"},{"data":"StuffTheSpire:Synthwave","floor":15,"key":"SMITH"}],"circlet_count":0,"master_deck":["AscendersBane","Strike_B","Strike_B","Strike_B","Defend_B","Defend_B","Defend_B","Defend_B","Zap+1","Dualcast","Storm","Ball Lightning+1","Gash","StuffTheSpire:Synthwave+1"],"relics":["Cracked Core","NeowsBlessing","StuffTheSpire:Gunfinga","Juzu Bracelet"],"acts_visited":["Exordium","TheCity"],"potions_floor_usage":[12,14,18],"damage_taken":[{"damage":0,"enemies":"Small Slimes","floor":1,"turns":1},{"damage":0,"enemies":"Cultist","floor":5,"turns":1},{"damage":0,"enemies":"Gremlin Nob","floor":7,"turns":1},{"damage":0,"enemies":"2 Louse","floor":10,"turns":2},{"damage":20,"enemies":"3 Sentries","floor":12,"turns":6},{"damage":17,"enemies":"Exordium Thugs","floor":14,"turns":3},{"damage":23,"enemies":"The Guardian","floor":16,"turns":11},{"damage":0,"enemies":"3 Byrds","floor":18,"turns":2}],"seed_played":"4825328474760296544","potions_obtained":[{"floor":10,"key":"Strength Potion"},{"floor":12,"key":"Fire Potion"},{"floor":16,"key":"Flashbang"}],"is_trial":false,"path_per_floor":["M","$","?","$","M","R","E","?","T","M","R","E","R","M","R","B",null,"M"],"character_chosen":"DEFECT","items_purchased":["Ball Lightning"],"campfire_rested":0,"item_purchase_floors":[2],"current_hp_per_floor":[68,68,68,68,68,68,68,75,75,75,75,55,55,38,38,15,60,60,60],"gold":209,"neow_bonus":"THREE_ENEMY_KILL","is_daily":false,"chose_seed":false,"campfire_upgraded":3,"win_rate":0.0,"timestamp":1609794937,"path_taken":["M","$","?","?","M","R","E","?","T","M","R","E","R","M","R","BOSS","M"],"items_purchased_type":["Card"],"build_version":"2020-12-22","purchased_purges":1,"victory":false,"max_hp_per_floor":[75,75,75,75,75,75,75,75,75,75,75,75,75,75,75,75,75,75,75],"card_choices":[{"not_picked":["BootSequence","StuffTheSpire:Plugnplay"],"picked":"Storm","floor":1},{"not_picked":["BasicCrystalCard","Time Bomb","Redo"],"picked":"SKIP","floor":5},{"not_picked":["Turbo","ReplaySolidLightProjector"],"picked":"Gash","floor":7},{"not_picked":["ReplayTheSpireMod:GoodbyeWorld","StuffTheSpire:Plugnplay","Hologram"],"picked":"SKIP","floor":10},{"not_picked":["Coolheaded","Turbo","ReplayTheSpireMod:System Scan"],"picked":"SKIP","floor":12},{"not_picked":["ReplaySolidLightProjector","Compile Driver"],"picked":"StuffTheSpire:Synthwave","floor":14}],"player_experience":2892000,"relics_obtained":[{"floor":7,"key":"StuffTheSpire:Gunfinga"},{"floor":12,"key":"Juzu Bracelet"}],"event_choices":[{"damage_healed":0,"gold_gain":0,"player_choice":"Leave","damage_taken":0,"max_hp_gain":0,"max_hp_loss":0,"event_name":"FaceTrader","floor":3,"gold_loss":0}],"is_beta":false,"boss_relics":[{"not_picked":["hubris:CrackedHourglass","vexMod:MegatonBomb","vexMod:TanglingVine"]}],"items_purged_floors":[2],"is_endless":false,"potions_floor_spawned":[10,12,16],"killed_by":"3 Byrds","ascension_level":11}}