{"host":"xazfs2cmso1lkipw","time":1609781456,"event":{"mods":["AchievementEnabler","Arknights The Spire","BaseMod","Bestiary","Better Third Choice","BetterRewards","Clockwork Mod","Colored Map","Colored Powertips","Highlight Path","Infinite Spire","Minty Spire (QoL Compilation)","Quick Restart","Railgun Mod","Rare Cards Sparkle","Relic Stats","Replay The Spire","Shop Mod","StSLib","The Marked"],"gold_per_floor":[119,119,119,134,134,134,58,58,58,75,75,86,100,65,65,168,168,179,179,196,209,60,60,80,80,80,119,128,166,166,166,166,273,332,343,358,378,18,37,37,43,43],"floor_reached":41,"playtime":2068,"items_purged":[],"score":596,"play_id":"ab95376f-d276-4771-9f61-987c36cebd55","local_time":"20210105013056","daily_mods":["Vintage","Heirloom","Time Dilation","Flight","Elite Swarm"],"is_ascension_mode":false,"campfire_choices":[{"data":"DevaForm","floor":6,"key":"SMITH"},{"data":"TheRailgun:Level_6","floor":6,"key":"SMITH"},{"data":"Echo Form","floor":11,"key":"SMITH"},{"data":"Clockwork:PerfectForm","floor":11,"key":"SMITH"},{"data":"Wraith Form v2","floor":15,"key":"SMITH"},{"data":"Demon Form","floor":15,"key":"SMITH"},{"data":"ats:Disruption Kick","floor":23,"key":"SMITH"},{"data":"ReplayTheSpireMod:Necrogeddon","floor":23,"key":"SMITH"},{"data":"ats:Composite Medical Shells","floor":28,"key":"SMITH"},{"data":"ats:Armor Crushing Shot","floor":28,"key":"SMITH"},{"data":"ats:Fractured Body","floor":32,"key":"SMITH"},{"data":"ats:Volcano","floor":32,"key":"SMITH"},{"floor":40,"key":"REST"}],"circlet_count":0,"master_deck":["Demon Form+1","Wraith Form v2+1","Echo Form+1","DevaForm+1","TheRailgun:Level_6+1","Clockwork:PerfectForm+1","ats:Strike C+1","ats:Strike G","ats:Strike S","ats:Strike V","ats:Armor Crushing Shot+1","ats:Defend","ats:Defend","ats:Defend","ats:Defend","ats:Emotion Absorption+1","ats:Sword Rain","ats:Burning Ground+1","ats:Disruption Kick+1","ats:Closed Bolt Burst Fire","Delirium","ReplayTheSpireMod:Necrogeddon+1","ats:Shell Defense","ats:Composite Medical Shells+1","ats:Volcano+1","ats:Ignite","ats:Fractured Body+1","ats:Shadow Assault","ats:Ignite","ats:Revitalization","ReplayUltimateDefense","Discovery+1","ats:Magnetic Hammer","ats:Part Time Job"],"relics":["ats:Sanity","replay:Trail_Library","Turnip","Replay:Arrowhead","Replay:Rubber Ducky","Ornamental Fan","Divine Protection","ats:Berate","Strawberry","Replay:Towering Pillar of Hats","CeramicFish","ReplayTheSpireMod:CursedCoin","Anchor","ats:Lavender","ats:Originium","ats:Rhine Circuitry","Gremlin Food","NeowsBlessing","Tiny House","Replay:Kaleidoscope","Replay:Bottled Eggs","infinitespire:Midas Blood","infinitespire:EmpoweringShard"],"acts_visited":["Exordium","TheCity","TheBeyond"],"potions_floor_usage":[27,27],"damage_taken":[{"damage":0,"enemies":"Small Slimes","floor":1,"turns":4},{"damage":12,"enemies":"2 Louse","floor":4,"turns":5},{"damage":0,"enemies":"Jaw Worm","floor":10,"turns":2},{"damage":0,"enemies":"2 Fungi Beasts","floor":12,"turns":4},{"damage":0,"enemies":"Looter","floor":13,"turns":2},{"damage":10,"enemies":"The Guardian","floor":16,"turns":7},{"damage":0,"enemies":"Shell Parasite","floor":18,"turns":5},{"damage":2,"enemies":"2 Thieves","floor":20,"turns":5},{"damage":0,"enemies":"Centurion and Healer","floor":21,"turns":7},{"damage":19,"enemies":"Snake Plant","floor":24,"turns":3},{"damage":4,"enemies":"Nightmare","floor":27,"turns":7},{"damage":0,"enemies":"Gremlin Leader","floor":29,"turns":8},{"damage":0,"enemies":"Pondfish","floor":33,"turns":10},{"damage":0,"enemies":"Orb Walker","floor":35,"turns":3},{"damage":132,"enemies":"3 Shapes","floor":36,"turns":4},{"damage":8,"enemies":"Sphere and 2 Shapes","floor":37,"turns":3},{"damage":109,"enemies":"Spire Growth","floor":39,"turns":7},{"damage":111,"enemies":"Giant Head","floor":41,"turns":7}],"seed_played":"-2795227714630458280","potions_obtained":[{"floor":1,"key":"Energy Potion"},{"floor":4,"key":"Reflective Coating"},{"floor":16,"key":"Block Potion"},{"floor":18,"key":"Weak Potion"},{"floor":33,"key":"EssenceOfSteel"},{"floor":34,"key":"ColorlessPotion"},{"floor":39,"key":"Energy Potion"}],"is_trial":true,"path_per_floor":["M","WH","WH","M","?","R","$","?","T","M","R","M","M","?","R","B",null,"M","WH","M","M","$","R","M","WH","T","NM","R","E","WH","WH","R","B",null,"M","M","M","$","M","R","E"],"character_chosen":"DOCTOR_CLASS","items_purchased":["ats:Sword Rain","ats:Closed Bolt Burst Fire","ReplayTheSpireMod:CursedCoin","ReplayTheSpireMod:Necrogeddon","ats:Shell Defense","ats:Composite Medical Shells","ats:Revitalization","ReplayUltimateDefense","Discovery","ats:Magnetic Hammer","ats:Part Time Job"],"campfire_rested":1,"item_purchase_floors":[7,22,22,22,22,22,38,38,38,38,38],"current_hp_per_floor":[72,79,86,74,79,79,79,79,79,91,91,91,98,98,98,98,98,98,107,105,107,107,107,107,117,117,117,117,117,128,128,128,128,133,133,29,75,75,1,40,0,0],"gold":43,"neow_bonus":"THREE_ENEMY_KILL","is_daily":false,"chose_seed":false,"campfire_upgraded":12,"win_rate":0.0,"timestamp":1609781456,"path_taken":["M","WH","WH","M","?","R","$","?","T","M","R","M","M","?","R","BOSS","M","WH","M","M","$","R","M","WH","T","NM","R","E","WH","WH","R","BOSS","M","M","M","$","M","R","E"],"items_purchased_type":["Card","Card","Relic","Card","Card","Card","Card","Card","Card","Card","Card"],"build_version":"2020-12-22","purchased_purges":0,"victory":false,"max_hp_per_floor":[72,79,86,86,91,91,91,91,91,91,91,91,98,98,98,98,98,98,107,107,107,107,107,107,117,117,117,117,117,128,128,128,128,133,133,133,133,133,133,133,133,133],"relic_stats":{"counters":[18,92],"Ornamental Fan":[52],"CeramicFish":135,"Turnip":[12],"obtain_stats":[{"Gremlin Food":29,"Divine Protection":10,"Tiny House":34,"Replay:Towering Pillar of Hats":18,"NeowsBlessing":31,"ReplayTheSpireMod:CursedCoin":22,"ats:Lavender":26,"CeramicFish":20,"Replay:Kaleidoscope":35,"Replay:Arrowhead":1,"Replay:Rubber Ducky":4,"Anchor":24,"ats:Originium":27,"Ornamental Fan":9,"ats:Berate":12,"Strawberry":13,"Turnip":0,"infinitespire:EmpoweringShard":39,"ats:Sanity":0,"Replay:Bottled Eggs":36,"ats:Rhine Circuitry":27,"replay:Trail_Library":0,"infinitespire:Midas Blood":37},{"Gremlin Food":12,"Divine Protection":3,"Tiny House":13,"Replay:Towering Pillar of Hats":7,"NeowsBlessing":12,"ReplayTheSpireMod:CursedCoin":9,"ats:Lavender":10,"CeramicFish":8,"Replay:Kaleidoscope":14,"Replay:Arrowhead":1,"Replay:Rubber Ducky":2,"Anchor":10,"ats:Originium":11,"Ornamental Fan":2,"ats:Berate":4,"Strawberry":5,"Turnip":0,"infinitespire:EmpoweringShard":17,"ats:Sanity":0,"Replay:Bottled Eggs":15,"ats:Rhine Circuitry":11,"replay:Trail_Library":0,"infinitespire:Midas Blood":16},{"Gremlin Food":58,"Divine Protection":11,"Tiny House":68,"Replay:Towering Pillar of Hats":29,"NeowsBlessing":58,"ReplayTheSpireMod:CursedCoin":41,"ats:Lavender":44,"CeramicFish":34,"Replay:Kaleidoscope":71,"Replay:Arrowhead":4,"Replay:Rubber Ducky":9,"Anchor":44,"ats:Originium":51,"Ornamental Fan":9,"ats:Berate":15,"Strawberry":17,"Turnip":0,"infinitespire:EmpoweringShard":85,"ats:Sanity":0,"Replay:Bottled Eggs":75,"ats:Rhine Circuitry":51,"replay:Trail_Library":0,"infinitespire:Midas Blood":78}]},"card_choices":[{"not_picked":["ats:Calcification","ats:Fractured Body"],"picked":"ats:Disruption Kick","floor":16},{"not_picked":["ats:True Silver Slash","ats:Ambush"],"picked":"ats:Volcano","floor":27},{"not_picked":["ats:Durian","ats:Rat Pack"],"picked":"ats:Fractured Body","floor":29},{"not_picked":["ats:Disruption Kick","ats:Dogmatic Field"],"picked":"ats:Shadow Assault","floor":33},{"not_picked":["ats:Powerful Strike+1","ats:Flexible Camouflage"],"picked":"ats:Ignite","floor":34}],"player_experience":10802,"relics_obtained":[{"floor":1,"key":"Replay:Arrowhead"},{"floor":4,"key":"Replay:Rubber Ducky"},{"floor":9,"key":"Ornamental Fan"},{"floor":10,"key":"Divine Protection"},{"floor":12,"key":"ats:Berate"},{"floor":13,"key":"Strawberry"},{"floor":18,"key":"Replay:Towering Pillar of Hats"},{"floor":20,"key":"CeramicFish"},{"floor":24,"key":"Anchor"},{"floor":26,"key":"ats:Lavender"},{"floor":27,"key":"ats:Originium"},{"floor":27,"key":"ats:Rhine Circuitry"},{"floor":29,"key":"ats:Originium"},{"floor":29,"key":"Gremlin Food"},{"floor":35,"key":"Replay:Kaleidoscope"},{"floor":36,"key":"Replay:Bottled Eggs"},{"floor":37,"key":"infinitespire:Midas Blood"},{"floor":39,"key":"infinitespire:EmpoweringShard"}],"event_choices":[{"damage_healed":0,"gold_gain":0,"player_choice":"Donut","damage_taken":0,"max_hp_gain":5,"max_hp_loss":0,"event_name":"Big Fish","floor":5,"gold_loss":0},{"damage_healed":24,"gold_gain":0,"player_choice":"Healed","damage_taken":0,"max_hp_gain":0,"max_hp_loss":0,"event_name":"The Cleric","floor":14,"gold_loss":35}],"is_beta":false,"boss_relics":[{"not_picked":["Replay:Drink Me","Snecko Heart","Ectoplasm"]},{"not_picked":["ChewingGum","Replay:Ancient Bell"],"picked":"Tiny House"}],"items_purged_floors":[],"is_endless":false,"potions_floor_spawned":[1,4,16,18,33,39],"killed_by":"Giant Head","ascension_level":0}}