{"host":"szp1d6dso4pv7ddl","time":1609798294,"event":{"mods":["AchievementEnabler","Alarm Clock","BaseMod","Bestiary","Block Reminder","Colored Map","Colored Powertips","Curses Come First","Displayed Cursed Tome","Highlight Path","Minty Spire (QoL Compilation)","Permanent Neow","Quick Restart","Relic Sorter","Relic Stats","StSLib","Synergy Search"],"gold_per_floor":[20,30,180,180,193,193,206,206,206,225,242,242,242,266,266,266,266],"floor_reached":16,"playtime":750,"items_purged":[],"score":179,"play_id":"a57e7ed0-f198-4f9b-ad65-5654d591b5bd","local_time":"20210104141134","is_ascension_mode":true,"campfire_choices":[{"data":"Secret Weapon","floor":6,"key":"SMITH"},{"data":"Neutralize","floor":8,"key":"SMITH"},{"floor":12,"key":"REST"},{"floor":15,"key":"REST"}],"circlet_count":0,"master_deck":["AscendersBane","Strike_G","Strike_G","Strike_G","Strike_G","Strike_G","Defend_G","Defend_G","Defend_G","Defend_G","Defend_G","Survivor","Neutralize+1","Secret Weapon+1","Slice","Dagger Throw","Flying Knee","Dagger Spray","Blade Dance","Backflip","Heel Hook"],"relics":["Ring of the Snake","The Courier","Odd Mushroom"],"acts_visited":["Exordium"],"potions_floor_usage":[13,16],"damage_taken":[{"damage":14,"enemies":"Cultist","floor":1,"turns":5},{"damage":1,"enemies":"2 Louse","floor":2,"turns":3},{"damage":1,"enemies":"Small Slimes","floor":5,"turns":4},{"damage":2,"enemies":"2 Fungi Beasts","floor":7,"turns":4},{"damage":10,"enemies":"Large Slime","floor":10,"turns":7},{"damage":1,"enemies":"3 Louse","floor":11,"turns":3},{"damage":22,"enemies":"Gremlin Nob","floor":13,"turns":4},{"damage":20,"enemies":"The Mushroom Lair","floor":14,"turns":4},{"damage":28,"enemies":"Slime Boss","floor":16,"turns":6}],"seed_played":"-6959614265012330083","potions_obtained":[{"floor":7,"key":"SmokeBomb"},{"floor":14,"key":"SteroidPotion"}],"is_trial":false,"path_per_floor":["M","M","?","?","M","R","M","R","T","M","M","R","E","?","R","B"],"character_chosen":"THE_SILENT","items_purchased":[],"campfire_rested":2,"item_purchase_floors":[],"current_hp_per_floor":[45,44,44,44,43,43,41,41,41,31,30,49,27,7,26,0,0],"gold":266,"neow_bonus":"RANDOM_COLORLESS_2","is_daily":false,"chose_seed":false,"campfire_upgraded":2,"win_rate":0.0,"timestamp":1609798294,"path_taken":["M","?","?","?","?","R","M","R","T","M","M","R","E","?","R","BOSS"],"items_purchased_type":[],"build_version":"2020-12-22","purchased_purges":0,"victory":false,"max_hp_per_floor":[66,66,66,66,66,66,66,66,66,66,66,66,66,66,66,66,66],"relic_stats":{"counters":[9,40],"obtain_stats":[{"The Courier":9,"Odd Mushroom":14,"Ring of the Snake":0},{"The Courier":4,"Odd Mushroom":8,"Ring of the Snake":0},{"The Courier":16,"Odd Mushroom":34,"Ring of the Snake":0}],"Ring of the Snake":[18]},"card_choices":[{"not_picked":["Secret Technique","Thinking Ahead"],"picked":"Secret Weapon","floor":0},{"not_picked":["Catalyst","Bane"],"picked":"Slice","floor":1},{"not_picked":["Bane","Choke"],"picked":"Dagger Throw","floor":2},{"not_picked":["Acrobatics","Cloak And Dagger"],"picked":"Flying Knee","floor":5},{"not_picked":["Accuracy","Flechettes"],"picked":"Dagger Spray","floor":7},{"not_picked":["Sucker Punch","Bane"],"picked":"Blade Dance","floor":10},{"not_picked":["Slice","Dagger Throw"],"picked":"Backflip","floor":11},{"not_picked":["PiercingWail","Prepared"],"picked":"Heel Hook","floor":14}],"player_experience":1117229,"relics_obtained":[{"floor":9,"key":"The Courier"},{"floor":14,"key":"Odd Mushroom"}],"event_choices":[{"damage_healed":0,"gold_gain":150,"player_choice":"AGREE","damage_taken":0,"max_hp_gain":0,"max_hp_loss":0,"event_name":"Liars Game","floor":3,"gold_loss":0,"cards_obtained":["Doubt"]},{"cards_removed":["Doubt"],"damage_healed":0,"gold_gain":0,"player_choice":"Purged","damage_taken":0,"max_hp_gain":0,"max_hp_loss":0,"event_name":"Purifier","floor":4,"gold_loss":0},{"damage_healed":0,"gold_gain":0,"player_choice":"Fought Mushrooms","damage_taken":0,"max_hp_gain":0,"max_hp_loss":0,"event_name":"Mushrooms","floor":14,"gold_loss":0}],"is_beta":false,"boss_relics":[],"items_purged_floors":[],"is_endless":false,"potions_floor_spawned":[7,13,14],"killed_by":"Slime Boss","ascension_level":15}}