{"host":"6bsan6hkua32tfq7","time":1609775739,"event":{"mods":["BaseMod","Better Third Choice","Colored Map","Highlight Path","Minty Spire (QoL Compilation)","StSLib"],"gold_per_floor":[111,123,123,48,48,48,68,100,127,142,142,67,67,78,78,78,78],"floor_reached":16,"playtime":367,"items_purged":["Strike_B"],"score":200,"play_id":"637dd412-a5c5-4015-b696-5967bd9b82aa","local_time":"20210104165539","is_ascension_mode":true,"campfire_choices":[{"data":"Zap","floor":6,"key":"SMITH"},{"floor":11,"key":"REST"},{"floor":15,"key":"REST"}],"circlet_count":0,"master_deck":["AscendersBane","Strike_B","Strike_B","Strike_B","Defend_B","Defend_B","Defend_B","Zap+1","Dualcast","All For One","Defragment","Loop","Rip and Tear","Genetic Algorithm","Chaos","Gash"],"relics":["Cracked Core","Art of War","Toy Ornithopter","Pen Nib"],"acts_visited":["Exordium"],"potions_floor_usage":[10,10,16],"damage_taken":[{"damage":1.0,"enemies":"Cultist","floor":1.0,"turns":3.0},{"damage":2.0,"enemies":"Jaw Worm","floor":2.0,"turns":3.0},{"damage":7,"enemies":"Small Slimes","floor":7,"turns":3},{"damage":37,"enemies":"Gremlin Nob","floor":8,"turns":4},{"damage":11,"enemies":"Exordium Wildlife","floor":10,"turns":3},{"damage":15,"enemies":"Blue Slaver","floor":14,"turns":3},{"damage":43,"enemies":"Slime Boss","floor":16,"turns":7}],"seed_played":"5558682737274512164","potions_obtained":[{"floor":1.0,"key":"PotionOfCapacity"},{"floor":8,"key":"Explosive Potion"},{"floor":14,"key":"Explosive Potion"}],"is_trial":false,"path_per_floor":["M","M","?","?","$","R","M","E","T","M","R","$","T","M","R","B"],"character_chosen":"DEFECT","items_purchased":[],"campfire_rested":2,"item_purchase_floors":[],"current_hp_per_floor":[45,43,48,48,48,48,41,4,4,3,25,25,25,10,32,0,0],"gold":78,"neow_bonus":"THREE_RARE_CARDS","is_daily":false,"chose_seed":false,"campfire_upgraded":1,"win_rate":0.0,"timestamp":1609775739,"path_taken":["M","?","?","?","?","R","M","E","T","M","R","$","?","M","R","BOSS"],"items_purchased_type":[],"build_version":"2020-12-22","purchased_purges":1,"victory":false,"max_hp_per_floor":[71,71,76,76,76,76,76,76,76,76,76,76,76,76,76,76,76],"card_choices":[{"not_picked":["Hyperbeam","Biased Cognition"],"picked":"All For One","floor":0.0},{"not_picked":["Storm","Reinforced Body"],"picked":"Defragment","floor":1.0},{"not_picked":["Hologram","Force Field"],"picked":"Loop","floor":2},{"not_picked":["Auto Shields","Redo"],"picked":"Rip and Tear","floor":7},{"not_picked":["Ball Lightning","Biased Cognition"],"picked":"Genetic Algorithm","floor":8},{"not_picked":["Beam Cell","Gash"],"picked":"Chaos","floor":10},{"not_picked":["Redo","Sweeping Beam"],"picked":"Gash","floor":14}],"player_experience":5240217,"relics_obtained":[{"floor":8,"key":"Art of War"},{"floor":9,"key":"Toy Ornithopter"},{"floor":13,"key":"Pen Nib"}],"event_choices":[{"damage_healed":0,"gold_gain":0,"player_choice":"Donut","damage_taken":0,"max_hp_gain":5,"max_hp_loss":0,"event_name":"Big Fish","floor":3,"gold_loss":0},{"cards_removed":["Defend_B"],"damage_healed":0,"gold_gain":0,"player_choice":"Card Removal","damage_taken":0,"max_hp_gain":0,"max_hp_loss":0,"event_name":"The Cleric","floor":4,"gold_loss":75}],"is_beta":false,"boss_relics":[],"items_purged_floors":[12],"is_endless":false,"potions_floor_spawned":[1,8,14],"killed_by":"Slime Boss","ascension_level":20}}