{"host":"vf63mcydhpkptnpw","time":1609804016,"event":{"mods":["BaseMod","Downfall","Minty Spire (QoL Compilation)","Shade Mod","StSLib","The Cursed","The Disciple","The Hierophant","TheBandit"],"gold_per_floor":[0,19,33,43,43,43,43,68,94,19,43,71,71,105,133,239,239,164,185,185,185,185,198,266,304,304,304],"floor_reached":26,"playtime":1832,"items_purged":[],"score":253,"play_id":"2951708e-c484-4950-8ea5-5775f0066b88","local_time":"20210105004656","is_ascension_mode":false,"campfire_choices":[{"floor":1,"key":"RECALL"},{"data":"hexamod:SkipABeat","floor":10,"key":"SMITH"},{"floor":13,"key":"REST"},{"data":"hexamod:Float","floor":18,"key":"SMITH"}],"circlet_count":0,"master_deck":["hexamod:Strike","hexamod:Strike","hexamod:Defend","hexamod:Sear","hexamod:Float+1","hexamod:RadiantFlame","hexamod:SkipABeat+1","hexamod:SecondSeal","hexamod:EtherealExpedition","hexamod:ThermalTransfer+1","hexamod:HauntingEcho","hexamod:BurningTouch","hexamod:SixthSeal","hexamod:HeatMetal+1","hexamod:SkipABeat+1","hexamod:CrushingStance+1","hexamod:ThirdSeal"],"relics":["hexamod:SpiritBrand","downfall:HeartBlessingBlue","Centennial Puzzle","HornCleat","Astrolabe","downfall:HeartBlessingRed","downfall:RedIOU","Potion Belt","InkBottle","Anchor"],"acts_visited":["Exordium","TheCity"],"potions_floor_usage":[14,15,16,25,25,26],"damage_taken":[{"damage":0,"enemies":"Small Slimes","floor":2,"turns":4},{"damage":5,"enemies":"2 Louse","floor":3,"turns":3},{"damage":0,"enemies":"Jaw Worm","floor":4,"turns":3},{"damage":22,"enemies":"Large Slime","floor":8,"turns":6},{"damage":0,"enemies":"2 Fungi Beasts","floor":9,"turns":4},{"damage":2,"enemies":"Red Slaver","floor":12,"turns":4},{"damage":1,"enemies":"Gremlin Nob","floor":14,"turns":4},{"damage":0,"enemies":"Exordium Wildlife","floor":15,"turns":5},{"damage":14,"enemies":"downfall:Watcher","floor":16,"turns":9},{"damage":10,"enemies":"Chosen","floor":19,"turns":4},{"damage":14,"enemies":"Spheric Guardian","floor":23,"turns":4},{"damage":2,"enemies":"Book of Stabbing","floor":25,"turns":4},{"damage":62,"enemies":"Cultist and Chosen","floor":26,"turns":6}],"seed_played":"3099914331387295018","potions_obtained":[{"floor":2,"key":"LiquidMemories"},{"floor":8,"key":"Weak Potion"},{"floor":9,"key":"Block Potion"},{"floor":14,"key":"Block Potion"},{"floor":23,"key":"DistilledChaos"},{"floor":25,"key":"DuplicationPotion"}],"is_trial":false,"path_per_floor":["R","M","M","M","?","?","T","M","M","R","T","M","R","E","M","B",null,"R","M","?","?","?","M","T","E","M"],"character_chosen":"THE_SPIRIT","items_purchased":[],"campfire_rested":1,"item_purchase_floors":[],"current_hp_per_floor":[70,70,65,65,70,67,67,45,45,55,55,53,78,77,77,63,85,85,75,75,75,75,61,61,59,0,0],"gold":304,"neow_bonus":"REMOVE_TWO","is_daily":false,"chose_seed":false,"campfire_upgraded":2,"win_rate":0.0,"timestamp":1609804016,"path_taken":["R","M","M","M","?","?","T","M","M","R","?","M","R","E","M","BOSS","R","M","?","?","?","M","T","E","M"],"items_purchased_type":[],"build_version":"2020-12-22","purchased_purges":0,"victory":false,"max_hp_per_floor":[70,70,70,70,75,75,75,75,75,85,85,85,85,85,85,85,85,85,85,85,85,85,85,85,85,85,85],"card_choices":[{"not_picked":["hexamod:GhostLash","hexamod:Firestarter"],"picked":"hexamod:RadiantFlame","floor":2},{"not_picked":["hexamod:Again","hexamod:SpectersWail"],"picked":"hexamod:SkipABeat","floor":3},{"not_picked":["hexamod:NightmareStrike","hexamod:NightmareGuise"],"picked":"hexamod:SecondSeal","floor":4},{"not_picked":["hexamod:AdvancingGuard","hexamod:HeatCrush"],"picked":"hexamod:EtherealExpedition","floor":8},{"not_picked":["hexamod:NightmareGuise","hexamod:Hexaguard"],"picked":"hexamod:ThermalTransfer","floor":9},{"not_picked":["hexamod:GhostLash","hexamod:ShieldOfDarkness"],"picked":"hexamod:HauntingEcho","floor":12},{"not_picked":["hexamod:SwordOfDarkness","hexamod:AdvancingGuard","hexamod:NecessarySacrifice"],"picked":"SKIP","floor":14},{"not_picked":["hexamod:SpectersWail","hexamod:RainOfEmbers"],"picked":"hexamod:BurningTouch","floor":15},{"not_picked":["hexamod:SearingWound","hexamod:UnleashSpirits"],"picked":"hexamod:SixthSeal","floor":16},{"not_picked":["hexamod:RetreatToShadows","hexamod:BurningTouch+1","hexamod:HauntingEcho+1"],"picked":"SKIP","floor":19},{"not_picked":["hexamod:RainOfEmbers","hexamod:SwordOfDarkness","hexamod:CatchUp"],"picked":"SKIP","floor":23},{"not_picked":["hexamod:EmpoweredFlame","hexamod:Hexaguard"],"picked":"hexamod:ThirdSeal","floor":25}],"player_experience":281172,"relics_obtained":[{"floor":11,"key":"Centennial Puzzle"},{"floor":14,"key":"HornCleat"},{"floor":24,"key":"InkBottle"},{"floor":25,"key":"Anchor"}],"event_choices":[{"damage_healed":0,"gold_gain":0,"player_choice":"Donut","damage_taken":0,"max_hp_gain":5,"max_hp_loss":0,"event_name":"Big Fish","floor":5,"gold_loss":0},{"damage_healed":0,"gold_gain":0,"player_choice":"Success","damage_taken":3,"relics_obtained":["Boot"],"max_hp_gain":0,"max_hp_loss":0,"event_name":"Scrap Ooze","floor":6,"gold_loss":0},{"damage_healed":0,"gold_gain":0,"player_choice":"Stole Relic","damage_taken":0,"relics_obtained":["Potion Belt"],"max_hp_gain":0,"max_hp_loss":0,"event_name":"Addict","floor":21,"gold_loss":0,"cards_obtained":["Shame"]}],"is_beta":false,"boss_relics":[{"not_picked":["Snecko Eye","Pandora\u0027s Box"],"picked":"Astrolabe"}],"items_purged_floors":[],"is_endless":false,"potions_floor_spawned":[2,8,9,14,23,25],"killed_by":"Cultist and Chosen","ascension_level":0}}