{"host":"anox4050deqdcqoh","time":1609770781,"event":{"mods":["BaseMod","Colored Map","Highlight Path","Minty Spire (QoL Compilation)","Quick Restart","Rare Cards Sparkle","everything is the same but u backflip on backflip"],"gold_per_floor":[110,130,205,222,222,222,261,261,261,286,304,329,345,370,370,493,493,514,539,539,539,539],"floor_reached":21,"playtime":4528,"items_purged":[],"score":185,"play_id":"deed4273-d308-4362-9486-21f80e6076d2","local_time":"20210104093301","is_ascension_mode":false,"campfire_choices":[{"floor":6,"key":"REST"},{"floor":8,"key":"REST"},{"floor":15,"key":"REST"}],"circlet_count":0,"master_deck":["Strike_P","Strike_P","Strike_P","Defend_P","Defend_P+1","Eruption+1","Vigilance","Crescendo","Consecrate","ClearTheMind","Wallop","DeceiveReality","FlurryOfBlows","Tantrum","Wish","Wallop","DeceiveReality","LessonLearned","FlurryOfBlows","Evaluate+1","CrushJoints","Crescendo"],"relics":["PureWater","Golden Idol","Meat on the Bone","White Beast Statue"],"acts_visited":["Exordium","TheCity"],"potions_floor_usage":[21,21],"damage_taken":[{"damage":3,"enemies":"Jaw Worm","floor":1,"turns":4},{"damage":8,"enemies":"2 Louse","floor":2,"turns":3},{"damage":0,"enemies":"Cultist","floor":4,"turns":2},{"damage":29,"enemies":"Gremlin Nob","floor":7,"turns":5},{"damage":6,"enemies":"2 Fungi Beasts","floor":10,"turns":2},{"damage":3,"enemies":"Looter","floor":11,"turns":4},{"damage":0,"enemies":"Blue Slaver","floor":12,"turns":4},{"damage":2,"enemies":"2 Fungi Beasts","floor":13,"turns":3},{"damage":0,"enemies":"Red Slaver","floor":14,"turns":3},{"damage":46,"enemies":"The Guardian","floor":16,"turns":15},{"damage":9,"enemies":"Chosen","floor":18,"turns":6},{"damage":25,"enemies":"Shell Parasite","floor":19,"turns":10},{"damage":49,"enemies":"Snake Plant","floor":21,"turns":4}],"seed_played":"61432621434141937","potions_obtained":[{"floor":2,"key":"Regen Potion"},{"floor":10,"key":"BlessingOfTheForge"},{"floor":11,"key":"SpeedPotion"},{"floor":12,"key":"BottledMiracle"},{"floor":18,"key":"Swift Potion"}],"is_trial":false,"path_per_floor":["M","M","?","M","?","R","E","R","T","M","M","M","M","M","R","B",null,"M","M","?","M"],"character_chosen":"WATCHER","items_purchased":[],"campfire_rested":3,"item_purchase_floors":[],"current_hp_per_floor":[69,61,50,50,32,53,24,45,45,39,48,48,46,46,67,33,72,63,38,38,0,0],"gold":539,"neow_bonus":"TRANSFORM_CARD","is_daily":false,"chose_seed":false,"campfire_upgraded":0,"win_rate":0.0,"timestamp":1609770781,"path_taken":["M","M","?","M","?","R","E","R","T","M","M","M","M","M","R","BOSS","M","M","?","M"],"items_purchased_type":[],"build_version":"2020-12-22","purchased_purges":0,"victory":false,"max_hp_per_floor":[72,72,72,72,72,72,72,72,72,72,72,72,72,72,72,72,72,72,72,72,72,72],"card_choices":[{"not_picked":["CrushJoints","EmptyBody"],"picked":"Consecrate","floor":1},{"not_picked":["Prostrate","Perseverance"],"picked":"ClearTheMind","floor":2},{"not_picked":["FollowUp","Pray"],"picked":"Wallop","floor":4},{"not_picked":["Indignation","CrushJoints"],"picked":"DeceiveReality","floor":7},{"not_picked":["FlyingSleeves","LikeWater"],"picked":"FlurryOfBlows","floor":10},{"not_picked":["FollowUp","Sanctity"],"picked":"Tantrum","floor":11},{"not_picked":["Perseverance","ForeignInfluence"],"picked":"Wish","floor":12},{"not_picked":["Evaluate","Fasting2"],"picked":"Wallop","floor":13},{"not_picked":["Weave","InnerPeace"],"picked":"DeceiveReality","floor":14},{"not_picked":["Alpha","Wish"],"picked":"LessonLearned","floor":16},{"not_picked":["FlurryOfBlows","EmptyBody+1","BowlingBash"],"picked":"SKIP","floor":18},{"not_picked":["EmptyBody+1","BowlingBash"],"picked":"FlurryOfBlows","floor":18},{"not_picked":["Evaluate+1","FlyingSleeves","FollowUp"],"picked":"SKIP","floor":19},{"not_picked":["FlyingSleeves","FollowUp"],"picked":"Evaluate+1","floor":19}],"player_experience":275029,"relics_obtained":[{"floor":7,"key":"Meat on the Bone"},{"floor":9,"key":"White Beast Statue"}],"event_choices":[{"damage_healed":0,"gold_gain":75,"player_choice":"Gather Gold","damage_taken":11,"max_hp_gain":0,"max_hp_loss":0,"event_name":"World of Goop","floor":3,"gold_loss":0},{"damage_healed":0,"gold_gain":0,"player_choice":"Take Damage","damage_taken":18,"relics_obtained":["Golden Idol"],"max_hp_gain":0,"max_hp_loss":0,"event_name":"Golden Idol","floor":5,"gold_loss":0},{"damage_healed":0,"gold_gain":0,"cards_transformed":["Strike_P","Defend_P"],"player_choice":"Became Test Subject","damage_taken":0,"max_hp_gain":0,"max_hp_loss":0,"event_name":"Drug Dealer","floor":20,"gold_loss":0,"cards_obtained":["CrushJoints","Crescendo"]}],"is_beta":false,"boss_relics":[{"not_picked":["Snecko Eye","Coffee Dripper","Velvet Choker"]}],"items_purged_floors":[],"is_endless":false,"potions_floor_spawned":[2,10,11,12,13,14,16,18,19],"killed_by":"Snake Plant","ascension_level":0}}