{"host":"nkolxg4se00n20yf","time":1609764674,"event":{"mods":["BaseMod","CatGirl Mod","Chen","Colored Map","Colored Powertips","Downfall","Friendly Minions","Infinite Spire","Kiyohime????","Marisa????????","Minty Spire (QoL Compilation)","StSLib","Td1madao Mod","The Administrix","The Cursed","The Exalted","The Hierophant","The Servant 0.9.4"],"gold_per_floor":[112,187,199,199,209,209,241,261,561,561,581,39,39,51,51,128,128,141,141,141,141],"floor_reached":20,"playtime":720,"items_purged":[],"score":331,"play_id":"7b0f35c6-3d38-4050-9386-1767fca2f4f2","local_time":"20210104135114","is_ascension_mode":true,"campfire_choices":[{"floor":6,"key":"REST"},{"floor":10,"key":"REST"},{"floor":13,"key":"REST"},{"floor":15,"key":"REST"}],"circlet_count":0,"master_deck":["AscendersBane","Strike_G","Strike_G","Strike_G","Strike_G","Strike_G","Defend_G","Defend_G","Defend_G","Defend_G","Defend_G","Survivor","Neutralize","Mayhem","Flying Knee","Poisoned Stab","All Out Attack","Crippling Poison","Noxious Fumes","Unload","Well Laid Plans","Deadly Poison","Grand Finale","Acrobatics"],"relics":["Ring of the Snake","Bromod:ArcaneFury","Old Coin","Ginger","Blood Vial","SlaversCollar"],"acts_visited":["Exordium","TheCity"],"potions_floor_usage":[11,14,16,18,20],"damage_taken":[{"damage":3,"enemies":"Jaw Worm","floor":1,"turns":5},{"damage":13,"enemies":"Small Slimes","floor":3,"turns":5},{"damage":6,"enemies":"infinitespire:Voidling","floor":5,"turns":4},{"damage":30,"enemies":"Lagavulin","floor":7,"turns":10},{"damage":8,"enemies":"3 Louse","floor":8,"turns":3},{"damage":7,"enemies":"Looter","floor":11,"turns":4},{"damage":8,"enemies":"Exordium Thugs","floor":14,"turns":4},{"damage":39,"enemies":"The Guardian","floor":16,"turns":9},{"damage":49,"enemies":"Spheric Guardian","floor":18,"turns":6},{"damage":4,"enemies":"Shell Parasite","floor":20,"turns":3}],"seed_played":"8736963149455661476","potions_obtained":[{"floor":7,"key":"AttackPotion"},{"floor":8,"key":"Guardian:BlockOnCardUsePotion"},{"floor":11,"key":"Poison Potion"},{"floor":16,"key":"AttackPotion"},{"floor":18,"key":"GamblersBrew"},{"floor":19,"key":"PowerPotion"},{"floor":19,"key":"champ:CounterPotion"}],"is_trial":false,"path_per_floor":["M","?","M","?","M","R","E","M","T","R","M","$","R","M","R","B",null,"M","?","M"],"character_chosen":"THE_SILENT","items_purchased":["Ginger","Blood Vial","Well Laid Plans"],"campfire_rested":4,"item_purchase_floors":[12,12,12],"current_hp_per_floor":[56,45,32,32,26,44,14,6,6,24,17,17,35,29,47,10,48,1,1,0,0],"gold":141,"neow_bonus":"RANDOM_COLORLESS_2","is_daily":false,"chose_seed":false,"campfire_upgraded":0,"win_rate":0.0,"timestamp":1609764674,"path_taken":["M","?","M","?","M","R","E","M","T","R","M","$","R","M","R","BOSS","M","?","M"],"items_purchased_type":["Relic","Relic","Card"],"build_version":"2020-12-22","purchased_purges":0,"victory":false,"max_hp_per_floor":[60,60,60,60,60,60,60,60,60,60,60,60,60,60,60,60,60,60,60,60,60],"card_choices":[{"not_picked":["Metamorphosis","Magnetism"],"picked":"Mayhem","floor":0},{"not_picked":["Outmaneuver","Acrobatics"],"picked":"Flying Knee","floor":1},{"not_picked":["Bane","Cloak And Dagger"],"picked":"Poisoned Stab","floor":3},{"not_picked":["Backflip","Outmaneuver"],"picked":"All Out Attack","floor":5},{"not_picked":["Dagger Spray","Prepared"],"picked":"Crippling Poison","floor":7},{"not_picked":["Deflect","Backflip"],"picked":"Noxious Fumes","floor":8},{"not_picked":["Prepared","Deadly Poison"],"picked":"Unload","floor":11},{"not_picked":["Sucker Punch","Outmaneuver"],"picked":"Deadly Poison","floor":14},{"not_picked":["Bullet Time","Unload"],"picked":"Grand Finale","floor":16},{"not_picked":["Poisoned Stab","Sucker Punch"],"picked":"Acrobatics","floor":18}],"player_experience":1081540,"relics_obtained":[{"floor":7,"key":"Bromod:ArcaneFury"},{"floor":9,"key":"Old Coin"}],"event_choices":[{"damage_healed":0,"gold_gain":75,"player_choice":"Gather Gold","damage_taken":11,"max_hp_gain":0,"max_hp_loss":0,"event_name":"World of Goop","floor":2,"gold_loss":0},{"damage_healed":0,"gold_gain":0,"player_choice":"Ignored","damage_taken":0,"max_hp_gain":0,"max_hp_loss":0,"event_name":"Shining Light","floor":4,"gold_loss":0},{"damage_healed":0,"gold_gain":0,"player_choice":"Got Potions","damage_taken":0,"max_hp_gain":0,"max_hp_loss":0,"event_name":"Lab","floor":19,"gold_loss":0}],"is_beta":false,"boss_relics":[{"not_picked":["SacredBark","HoveringKite"],"picked":"SlaversCollar"}],"items_purged_floors":[],"is_endless":false,"potions_floor_spawned":[7,8,11,16,18],"killed_by":"Shell Parasite","ascension_level":18}}