{"host":"fmwbmnqnrup981we","time":1609783815,"event":{"mods":["AchievementEnabler","Act Like it!","BaseMod","Better Match","Better Note","Better Skull","Better Synergies","Better Third Choice","Better Vampires","Block Reminder","Curses Come First","Downfall","Duelist Mod","Elementarium","GungeonMod","HexUI Lib","HornydragonMod","Marked Mod","Minty Spire (QoL Compilation)","Pikachu Mod","Quick Restart","Relic Stats","SIMod","StSLib","The Bug Knight","The Death Knight","The Forsaken","The Marked","The Necromancer","The Runesmith","The Servant 0.9.4","The Wild Card","TheHero","TheVacant","TheVelvet","Transform Curses","Waifu the Spire","Yuri Mod","everything is the same but u backflip on backflip"],"gold_per_floor":[116,116,116,129,149,183,183,208,208,208,208,229,272,285,285,405,405,421,446,466,489,507,507,538,569,569,569,569,612,625,646,646,769,769,793,793,196,196,529,560,570,601,601,601,615,615,630,648,648,648,648,648,28,62,62],"floor_reached":56,"playtime":3046,"items_purged":["Injury","Flame Barrier"],"score":1413,"play_id":"f4dae819-ed0b-4a8c-9d01-b6a357a5d4ba","local_time":"20210104181015","is_ascension_mode":true,"campfire_choices":[{"floor":7,"key":"RECALL"},{"data":"Twin Strike","floor":15,"key":"SMITH"},{"floor":23,"key":"REST"},{"floor":28,"key":"REST"},{"floor":32,"key":"REST"},{"floor":44,"key":"REST"},{"floor":49,"key":"REST"},{"data":"Juggernaut","floor":52,"key":"SMITH"}],"circlet_count":0,"master_deck":["Bash","expansioncontent:DonusPower+1","Twin Strike+1","BootSequence","Shrug It Off","Clash","Shrug It Off","Fire Breathing","Shrug It Off","Flex","Feed","Pommel Strike","expansioncontent:DecasProtection+1","Fire Breathing","Shrug It Off","Battle Trance","Juggernaut+1","Fiend Fire","Anger","Dual Wield","Rage","Thunderclap","Apotheosis","Anger","Rage","Twin Strike+1","Shrug It Off","Pommel Strike","Disarm+1","Seeing Red+1","Bloodletting+1","expansioncontent:Corrupt+1","DemoMod:Spice+1","DemoMod:Spice+1"],"relics":["Black Blood","DemoMod:MemoryAlloy","DemoMod:GreenGuonStone","Ancient Tea Set","Lizard Tail","Red Skull","WingedGreaves","Strawberry","Vajra","Runesmith:Nanobots","Pandora\u0027s Box","Lantern","DollysMirror","Turnip","HollowMod:StagPassRelic","HollowMod:LifeEnderRelic","Nunchaku","DemoMod:PinkGuonStone"],"acts_visited":["Exordium","TheCity","TheBeyond","TheEnding"],"potions_floor_usage":[8,16,24,29,33,33,50,55],"damage_taken":[{"damage":7,"enemies":"Jaw Worm","floor":1,"turns":5},{"damage":0,"enemies":"Small Slimes","floor":4,"turns":2},{"damage":0,"enemies":"2 Louse","floor":5,"turns":2},{"damage":24,"enemies":"3 Sentries","floor":6,"turns":9},{"damage":27,"enemies":"Lagavulin","floor":8,"turns":8},{"damage":0,"enemies":"2 Fungi Beasts","floor":12,"turns":3},{"damage":18,"enemies":"Gremlin Nob","floor":13,"turns":5},{"damage":0,"enemies":"Red Slaver","floor":14,"turns":3},{"damage":0,"enemies":"Slime Boss","floor":16,"turns":8},{"damage":0,"enemies":"Chosen","floor":18,"turns":6},{"damage":3,"enemies":"Shell Parasite","floor":19,"turns":13},{"damage":24,"enemies":"Centurion and Healer","floor":20,"turns":15},{"damage":44,"enemies":"Shelled Parasite and Fungi","floor":22,"turns":8},{"damage":77,"enemies":"Book of Stabbing","floor":24,"turns":8},{"damage":1,"enemies":"theDuelist:KaibaA2","floor":25,"turns":8},{"damage":107,"enemies":"Gremlin Leader","floor":29,"turns":11},{"damage":14,"enemies":"3 Cultists","floor":30,"turns":5},{"damage":10,"enemies":"Chosen and Byrds","floor":31,"turns":5},{"damage":129,"enemies":"Champ","floor":33,"turns":14},{"damage":6,"enemies":"3 Shapes","floor":35,"turns":3},{"damage":55,"enemies":"Giant Head","floor":40,"turns":9},{"damage":32,"enemies":"3 Darklings","floor":41,"turns":5},{"damage":24,"enemies":"Nemesis","floor":42,"turns":7},{"damage":26,"enemies":"Spire Growth","floor":45,"turns":4},{"damage":0,"enemies":"Jaw Worm Horde","floor":47,"turns":2},{"damage":22,"enemies":"Writhing Mass","floor":48,"turns":6},{"damage":103,"enemies":"Time Eater","floor":50,"turns":14},{"damage":93,"enemies":"Shield and Spear","floor":54,"turns":6},{"damage":147,"enemies":"The Heart","floor":55,"turns":9}],"seed_played":"1804132315822387147","potions_obtained":[{"floor":1,"key":"Regen Potion"},{"floor":12,"key":"FairyPotion"},{"floor":14,"key":"EssenceOfSteel"},{"floor":16,"key":"ColorlessPotion"},{"floor":18,"key":"FearPotion"},{"floor":22,"key":"Swift Potion"},{"floor":25,"key":"DuplicationPotion"},{"floor":30,"key":"DeathKnight:RimePotion"},{"floor":31,"key":"CultistPotion"},{"floor":40,"key":"SpeedPotion"},{"floor":48,"key":"Block Potion"}],"is_trial":false,"path_per_floor":["M","?","?","M","M","E","R","E","T","?","?","M","E","M","R","B",null,"M","M","M","T","M","R","E","E","T","?","R","E","M","M","R","B",null,"M","?","$","?","?","E","M","E","T","R","M","?","M","M","R","B",null,"R","$","E","B",null],"character_chosen":"IRONCLAD","items_purchased":["Apotheosis","Lantern","Anger","DollysMirror","Nunchaku","Seeing Red","Bloodletting","expansioncontent:Corrupt","DemoMod:Spice"],"campfire_rested":5,"item_purchase_floors":[37,37,37,37,53,53,53,53,53],"current_hp_per_floor":[79,74,67,73,79,61,61,61,61,61,61,67,61,67,67,73,80,80,80,74,74,54,78,25,43,43,43,69,23,30,35,62,21,93,93,93,93,93,93,54,40,28,28,57,43,43,55,45,74,59,97,97,97,64,17],"gold":62,"neow_bonus":"RANDOM_COLORLESS","is_daily":false,"chose_seed":false,"campfire_upgraded":2,"win_rate":0.0,"timestamp":1609783815,"path_taken":["M","?","?","M","M","E","R","E","T","?","?","M","E","?","R","BOSS","M","M","?","?","M","R","E","E","T","?","R","E","M","M","R","BOSS","M","?","$","?","?","E","M","E","T","R","?","?","?","M","R","BOSS","R","$","E","BOSS"],"items_purchased_type":["Card","Relic","Card","Relic","Relic","Card","Card","Card","Card"],"build_version":"2020-12-22","purchased_purges":2,"victory":true,"max_hp_per_floor":[80,80,80,80,80,80,80,80,80,80,80,80,80,80,80,80,80,80,80,80,80,80,80,80,87,87,87,87,87,90,93,93,93,93,93,93,93,93,93,97,97,97,97,97,97,97,97,97,97,97,97,97,97,102,98],"relic_stats":{"Lizard Tail":0,"Nunchaku":[3],"counters":[29,203],"Black Blood":267,"Pandora\u0027s Box":["Battle Trance","Flame Barrier","Juggernaut","Fiend Fire","Anger","Dual Wield","Headbutt","Rage"],"Turnip":[2],"obtain_stats":[{"DemoMod:GreenGuonStone":6,"Runesmith:Nanobots":29,"Lantern":37,"HollowMod:LifeEnderRelic":43,"DemoMod:MemoryAlloy":2,"Golden Idol":10,"Black Blood":17,"Vajra":26,"DemoMod:GlassGuonStoneRelic":1,"DemoMod:PinkGuonStone":54,"Ancient Tea Set":8,"HollowMod:StagPassRelic":42,"Burning Blood":0,"Lizard Tail":13,"Nunchaku":53,"DollysMirror":37,"Strawberry":25,"Pandora\u0027s Box":34,"WingedGreaves":24,"Turnip":40,"Red Skull":21},{"DemoMod:GreenGuonStone":4,"Runesmith:Nanobots":16,"Lantern":20,"HollowMod:LifeEnderRelic":23,"DemoMod:MemoryAlloy":1,"Golden Idol":5,"Black Blood":9,"Vajra":15,"DemoMod:GlassGuonStoneRelic":1,"DemoMod:PinkGuonStone":28,"Ancient Tea Set":5,"HollowMod:StagPassRelic":23,"Burning Blood":0,"Lizard Tail":7,"Nunchaku":27,"DollysMirror":20,"Strawberry":15,"Pandora\u0027s Box":19,"WingedGreaves":14,"Turnip":21,"Red Skull":12},{"DemoMod:GreenGuonStone":18,"Runesmith:Nanobots":114,"Lantern":141,"HollowMod:LifeEnderRelic":162,"DemoMod:MemoryAlloy":5,"Golden Idol":26,"Black Blood":45,"Vajra":103,"DemoMod:GlassGuonStoneRelic":5,"DemoMod:PinkGuonStone":194,"Ancient Tea Set":26,"HollowMod:StagPassRelic":162,"Burning Blood":0,"Lizard Tail":34,"Nunchaku":188,"DollysMirror":141,"Strawberry":103,"Pandora\u0027s Box":138,"WingedGreaves":95,"Turnip":150,"Red Skull":79}]},"card_choices":[{"not_picked":["expansioncontent:PrepareCrush","expansioncontent:DarkVoid"],"picked":"expansioncontent:DonusPower","floor":0},{"not_picked":["Armaments","Heavy Blade"],"picked":"Twin Strike","floor":1},{"not_picked":["Brutality","Sentinel","Blood for Blood"],"picked":"SKIP","floor":4},{"not_picked":["Second Wind","Intimidate"],"picked":"Shrug It Off","floor":5},{"not_picked":["Headbutt","Cleave"],"picked":"Clash","floor":6},{"not_picked":["Thunderclap","Intimidate"],"picked":"Shrug It Off","floor":8},{"not_picked":["Dark Embrace","Iron Wave","Wild Strike"],"picked":"SKIP","floor":12},{"not_picked":["Flex","Sword Boomerang"],"picked":"Fire Breathing","floor":13},{"not_picked":["Spot Weakness","Limit Break"],"picked":"Shrug It Off","floor":14},{"not_picked":["Sentinel","Flame Barrier+1","Rampage"],"picked":"SKIP","floor":18},{"not_picked":["Rupture","Cleave","Body Slam"],"picked":"SKIP","floor":19},{"not_picked":["Headbutt","Sword Boomerang","Perfected Strike+1"],"picked":"SKIP","floor":20},{"not_picked":["Heavy Blade+1","Twin Strike"],"picked":"Flex","floor":22},{"not_picked":["Perfected Strike","Havoc+1"],"picked":"Feed","floor":24},{"not_picked":["Second Wind","Searing Blow"],"picked":"Pommel Strike","floor":25},{"not_picked":["expansioncontent:PrepareCrush+1","Dramatic Entrance+1"],"picked":"expansioncontent:DecasProtection+1","floor":27},{"not_picked":["Searing Blow","Dropkick+1"],"picked":"Fire Breathing","floor":29},{"not_picked":["Burning Pact+1","Impervious"],"picked":"Shrug It Off","floor":30},{"not_picked":["Dropkick","Perfected Strike","Havoc+1"],"picked":"SKIP","floor":31},{"not_picked":["True Grit","Spot Weakness"],"picked":"Thunderclap","floor":35},{"not_picked":["Brutality","Perfected Strike"],"picked":"Twin Strike+1","floor":40},{"not_picked":["Headbutt","Wild Strike"],"picked":"Shrug It Off","floor":41},{"not_picked":["Warcry+1","True Grit"],"picked":"Pommel Strike","floor":42},{"not_picked":["Cleave+1","Warcry+1"],"picked":"Disarm+1","floor":45},{"not_picked":["Reaper","Second Wind","Clothesline"],"picked":"SKIP","floor":47},{"not_picked":["Shockwave+1","Body Slam+1","Searing Blow"],"picked":"SKIP","floor":48},{"not_picked":["Heavy Blade","Reckless Charge+1"],"picked":"DemoMod:Spice+1","floor":54}],"player_experience":432391,"relics_obtained":[{"floor":6,"key":"DemoMod:GreenGuonStone"},{"floor":8,"key":"Ancient Tea Set"},{"floor":13,"key":"Lizard Tail"},{"floor":21,"key":"Red Skull"},{"floor":24,"key":"WingedGreaves"},{"floor":25,"key":"Strawberry"},{"floor":26,"key":"Vajra"},{"floor":29,"key":"Runesmith:Nanobots"},{"floor":40,"key":"Turnip"},{"floor":42,"key":"HollowMod:StagPassRelic"},{"floor":43,"key":"HollowMod:LifeEnderRelic"},{"floor":54,"key":"DemoMod:PinkGuonStone"}],"event_choices":[{"cards_removed":["Strike_R"],"damage_healed":0,"gold_gain":0,"player_choice":"Card Removal","damage_taken":7,"max_hp_gain":0,"max_hp_loss":0,"event_name":"Golden Wing","floor":3,"gold_loss":0},{"damage_healed":0,"gold_gain":0,"player_choice":"Take Wound","damage_taken":0,"relics_obtained":["Golden Idol"],"max_hp_gain":0,"max_hp_loss":0,"event_name":"Golden Idol","floor":10,"gold_loss":0,"cards_obtained":["Injury"]},{"damage_healed":0,"gold_gain":0,"player_choice":"Upgraded","damage_taken":0,"max_hp_gain":0,"max_hp_loss":0,"event_name":"Upgrade Shrine","floor":11,"gold_loss":0,"cards_upgraded":["expansioncontent:DonusPower"]},{"damage_healed":0,"gold_gain":0,"player_choice":"2","damage_taken":0,"max_hp_gain":0,"max_hp_loss":0,"event_name":"betterMatch:BetterMatch","floor":27,"gold_loss":0,"cards_obtained":["betterMatch:ColorlessUncommonCard"]},{"cards_removed":["Headbutt"],"damage_healed":0,"gold_gain":0,"player_choice":"Removed Attack","damage_taken":0,"max_hp_gain":0,"max_hp_loss":0,"event_name":"Falling","floor":36,"gold_loss":0},{"damage_healed":0,"gold_gain":333,"player_choice":"Gave Idol","damage_taken":0,"max_hp_gain":0,"max_hp_loss":0,"event_name":"The Moai Head","floor":39,"relics_lost":["Golden Idol"],"gold_loss":0},{"damage_healed":0,"gold_gain":0,"player_choice":"Random: Yellow","damage_taken":0,"max_hp_gain":0,"max_hp_loss":0,"event_name":"betterThird:BetterPortal","floor":46,"gold_loss":0},{"cards_removed":["Apotheosis"],"damage_healed":0,"gold_gain":0,"player_choice":"Give","damage_taken":0,"max_hp_gain":0,"max_hp_loss":0,"event_name":"betterNote:BetterNote","floor":46,"gold_loss":0,"cards_obtained":["Zap"]}],"is_beta":false,"boss_relics":[{"not_picked":["Velvet Choker","Mark of Pain"],"picked":"Black Blood"},{"not_picked":["Runesmith:UraniumAnvil","Philosopher\u0027s Stone"],"picked":"Pandora\u0027s Box"}],"items_purged_floors":[37,53],"is_endless":false,"potions_floor_spawned":[1,12,14,16,18,22,25,30,31,40,48],"ascension_level":1}}