{"host":"appz8zkad29u9482","time":1609726826,"event":{"mods":["2.2 Compatiblity","Act Like it!","Aspiration","BaseMod","Beaked The Cultist","Better Altar","Better Match","Better Note","Better Skull","Better Third Choice","BetterRewards","CapriCore","Conspire","Disable Question Mark Monsters","Energized Spire","Gensokyo","GifTheSpireLib","Gold Saver","Halation","Hermit","Hubris","Infinite Spire","Jedi Mod","Jorbs\u0027s Wanderer Trilogy","Koishi","Marisa????????","Minty Spire (QoL Compilation)","Permanent Neow","Reimu??????","Replay The Spire","Spicy Shops","StSLib","Strawberry Spire","Stuff the Spire","The Administrix","The Cursed","The Hierophant","The Immortal","The Marked","The Servant 0.9.4","yUi"],"gold_per_floor":[649,140,150,150,165,165,82,112,112,132,162,162,162,182,182,277,277,294,294,0,18,18,47,47,57,130,130,163,163,163],"floor_reached":29,"playtime":2003,"items_purged":[],"score":334,"play_id":"cadcdd35-474e-40ae-8717-2b929e24ec03","local_time":"20210103162026","is_ascension_mode":true,"campfire_choices":[{"data":"UpSweep","floor":6,"key":"SMITH"},{"data":"IllusionStar","floor":13,"key":"SMITH"},{"data":"Panache","floor":15,"key":"SMITH"},{"data":"ReplayTheSpireMod:??????????????????????","floor":27,"key":"SMITH"}],"circlet_count":0,"master_deck":["Strike_MRS","Strike_MRS","Defend_MRS","Defend_MRS","MasterSpark","UpSweep+1","StarlightTyphoon+1","Singularity+1","JA+1","DoubleSpark","MachineGunSpark","Pot Of Greed","Pot Of Greed","Panache+1","IllusionStar+1","IllusionStar+1","FinalSpark","FinalSpark","OortCloud","IllusionStar","IllusionStar","ReplayTheSpireMod:??????????????????????+1","SuperPerseids","EnergyFlow+1"],"relics":["MiniHakkero","Astrolabe","StuffTheSpire:ModemDavis","Grinning Jar","halation:NonexistentMirror","halation:LostSnail","hubris:OldNail","jedi:bottledfury","Replay:Wax Seal","Coffee Dripper","StuffTheSpire:Rhapsscallions","aspiration:PoetsPen_weak","SimpleLauncher","hubris:Towel","RuthlessExorcism:ReiMu","hubris:KleinBottle","Ornamental Fan","hubris:CrystalStatue","aspiration:SeaSaltIceCream","aspiration:Nostalgia","m_ByrdBlood"],"acts_visited":["Exordium","Gensokyo:Gensokyoer"],"potions_floor_usage":[16,16,23,23,23,28,29],"damage_taken":[{"damage":2,"enemies":"Cultist","floor":1,"turns":2},{"damage":0,"enemies":"2 Louse","floor":3,"turns":1},{"damage":3,"enemies":"conspire:RoseBush","floor":5,"turns":1},{"damage":4,"enemies":"Replay:BlueRogue","floor":8,"turns":4},{"damage":0,"enemies":"Looter","floor":10,"turns":1},{"damage":21,"enemies":"3 Sentries","floor":11,"turns":4},{"damage":0,"enemies":"Large Slime","floor":14,"turns":3},{"damage":12,"enemies":"Slime Boss","floor":16,"turns":4},{"damage":0,"enemies":"Gensokyo:Chomper","floor":18,"turns":3},{"damage":0,"enemies":"Gensokyo:CosmicMonolith","floor":21,"turns":1},{"damage":16,"enemies":"Gensokyo:Tenshi","floor":23,"turns":2},{"damage":0,"enemies":"Gensokyo:Chomper_and_Gloop","floor":25,"turns":1},{"damage":7,"enemies":"Gensokyo:Koishi","floor":28,"turns":3},{"damage":20,"enemies":"Gensokyo:Wraith","floor":29,"turns":2}],"seed_played":"-6499989947918599192","potions_obtained":[{"floor":3,"key":"Weak Potion"},{"floor":8,"key":"jedi:StrikingPotion"},{"floor":14,"key":"EssenceOfSteel"},{"floor":16,"key":"SkillPotion"},{"floor":18,"key":"SkillPotion"},{"floor":25,"key":"SkillPotion"},{"floor":28,"key":"Block Potion"}],"is_trial":false,"path_per_floor":["M","$","M","?","M","R","$","E","T","M","E","?","R","M","R","B",null,"M","AVR","?","M","?","E","$","M","T","R","E","M"],"character_chosen":"MARISA","items_purchased":["MachineGunSpark","Grinning Jar","Panache","halation:NonexistentMirror","halation:LostSnail","hubris:KleinBottle","Ornamental Fan"],"campfire_rested":0,"item_purchase_floors":[2,2,2,2,7,24,24],"current_hp_per_floor":[73,73,73,73,70,70,70,66,66,66,45,45,45,45,45,33,75,75,78,78,78,78,62,26,26,26,26,19,0,0],"gold":163,"neow_bonus":"DOUBLE_BOSS_RELIC","is_daily":false,"chose_seed":false,"campfire_upgraded":4,"win_rate":0.0,"timestamp":1609726826,"path_taken":["M","?","M","?","M","R","$","E","T","M","E","?","R","M","R","BOSS","M","AVR","?","?","?","E","?","M","T","R","E","M"],"items_purchased_type":["Card","Relic","Card","Relic","Relic","Relic","Relic"],"build_version":"2020-12-22","purchased_purges":0,"victory":false,"max_hp_per_floor":[75,75,75,75,75,75,75,75,75,75,75,75,75,75,75,75,75,75,78,78,78,78,78,78,78,78,78,78,78,78],"card_choices":[{"not_picked":["LuminesStrike","GravityBeat"],"picked":"DoubleSpark","floor":1},{"not_picked":["WitchOfGreed","FairyDestructionRay","ShootingEcho"],"picked":"SKIP","floor":3},{"not_picked":["Acceleration","FairyDestructionRay"],"picked":"IllusionStar","floor":5},{"not_picked":["WitchOfGreed","Acceleration","SporeBomb"],"picked":"SKIP","floor":8},{"not_picked":["UnstableBomb","Occultation","ShootingEcho"],"picked":"SKIP","floor":10},{"not_picked":["EarthLightRay","Orbital","UnstableBomb"],"picked":"SKIP","floor":11},{"not_picked":["DeepEcoloBomb","AsteroidBelt","NonDirectionalLaser"],"picked":"SKIP","floor":14},{"not_picked":["EscapeVelocity","AbsoluteMagnitude"],"picked":"FinalSpark","floor":16},{"not_picked":["Acceleration+1","EventHorizon"],"picked":"OortCloud","floor":18},{"not_picked":["NonDirectionalLaser","WitchOfGreed"],"picked":"IllusionStar","floor":21},{"not_picked":["GravityBeat","StarlightTyphoon"],"picked":"IllusionStar","floor":23},{"not_picked":["ReplayTheSpireMod:Echoes of Time","infinitespire:Starlight"],"picked":"ReplayTheSpireMod:??????????????????????","floor":24},{"not_picked":["Orbital","AsteroidBelt+1"],"picked":"SuperPerseids","floor":25},{"not_picked":["WitchLeyline+1","LuminesStrike"],"picked":"EnergyFlow+1","floor":28}],"player_experience":431568,"relics_obtained":[{"floor":8,"key":"hubris:OldNail"},{"floor":9,"key":"jedi:bottledfury"},{"floor":11,"key":"Replay:Wax Seal"},{"floor":23,"key":"RuthlessExorcism:ReiMu"},{"floor":26,"key":"hubris:CrystalStatue"},{"floor":28,"key":"aspiration:SeaSaltIceCream"}],"event_choices":[{"damage_healed":0,"gold_gain":0,"player_choice":"Leave","damage_taken":0,"max_hp_gain":0,"max_hp_loss":0,"event_name":"The Cleric","floor":4,"gold_loss":0}],"is_beta":false,"boss_relics":[{"not_picked":["halation:MonkeysPaw","SacredBark"],"picked":"Coffee Dripper"}],"items_purged_floors":[],"is_endless":false,"potions_floor_spawned":[3,8,14,16,18,25,28],"killed_by":"Gensokyo:Wraith","ascension_level":1}}