{"host":"qn3py9t0m14v0dc6","time":1609775287,"event":{"mods":["AchievementEnabler","BaseMod","Colored Map","Evolution","Minty Spire (QoL Compilation)","Spicy Shops","StSLib"],"gold_per_floor":[119,44,44,62,72,97,97,4,31,47,47,59,75,86,86,187,187,203,203,203,203,215,215,232,264,264,264,277,202,231,12,12,12,12],"floor_reached":33,"playtime":2722,"items_purged":["Writhe"],"score":287,"play_id":"84d0c969-563e-4084-8d15-c93b27906e0e","local_time":"20210104094807","is_ascension_mode":false,"campfire_choices":[{"data":"Darkness","floor":7.0,"key":"SMITH"},{"data":"White Noise","floor":11.0,"key":"SMITH"},{"data":"Hello World","floor":15.0,"key":"SMITH"},{"data":"Chaos","floor":23,"key":"SMITH"},{"data":"Amplify","floor":27,"key":"SMITH"},{"data":"Coolheaded","floor":32,"key":"SMITH"}],"circlet_count":2,"master_deck":["Barrage","Strike_B","Strike_B","Strike_B","Defend_B","Defend_B","Defend_B","Defend_B","Zap","Dualcast","Amplify+1","Sunder","Darkness+1","Self Repair","Genetic Algorithm","Compile Driver","White Noise+1","Hello World+1","Force Field","Sweeping Beam","Chaos+1","Compile Driver","BootSequence","Go for the Eyes","Coolheaded+1"],"relics":["Cracked Core","Circlet","Centennial Puzzle","MealTicket","Cursed Key","MutagenicStrength","Nilry\u0027s Codex","StoneCalendar","Mummified Hand","Smiling Mask","Frozen Eye","Lantern"],"acts_visited":[],"potions_floor_usage":[25,25,33,33],"damage_taken":[{"damage":1.0,"enemies":"Cultist","floor":1.0,"turns":3.0},{"damage":0.0,"enemies":"2 Louse","floor":4.0,"turns":1.0},{"damage":5.0,"enemies":"Small Slimes","floor":5.0,"turns":2.0},{"damage":26.0,"enemies":"Lagavulin","floor":6.0,"turns":5.0},{"damage":12.0,"enemies":"Exordium Thugs","floor":10.0,"turns":4.0},{"damage":3.0,"enemies":"2 Fungi Beasts","floor":12.0,"turns":4.0},{"damage":1.0,"enemies":"Exordium Wildlife","floor":13.0,"turns":2.0},{"damage":19.0,"enemies":"Blue Slaver","floor":14.0,"turns":5.0},{"damage":8.0,"enemies":"Slime Boss","floor":16.0,"turns":6.0},{"damage":3,"enemies":"Spheric Guardian","floor":18,"turns":5},{"damage":8,"enemies":"Shell Parasite","floor":22,"turns":6},{"damage":28,"enemies":"Snecko","floor":24,"turns":8},{"damage":5,"enemies":"Book of Stabbing","floor":25,"turns":4},{"damage":6,"enemies":"Chosen and Byrds","floor":28,"turns":7},{"damage":19,"enemies":"Gremlin Leader","floor":30,"turns":6},{"damage":52,"enemies":"Automaton","floor":33,"turns":8}],"seed_played":"2936323061626939694","potions_obtained":[{"floor":5.0,"key":"SpeedPotion"},{"floor":12.0,"key":"SkillPotion"},{"floor":13.0,"key":"Ancient Potion"},{"floor":14.0,"key":"Fire Potion"},{"floor":25,"key":"SkillPotion"}],"is_trial":false,"path_per_floor":["M","$","$","M","M","E","R","$","T","M","R","M","M","M","R","B",null,"M","?","?","?","M","R","M","E","T","R","M","?","E","$","R","B"],"character_chosen":"DEFECT","items_purchased":["Genetic Algorithm","Compile Driver","Frozen Eye","Lantern"],"campfire_rested":0,"item_purchase_floors":[8,8,31,31],"current_hp_per_floor":[74,74,74,74,69,50,50,50,50,45,45,49,48,36,36,35,75,75,75,59,75,75,75,47,42,42,42,43,43,31,46,46,0,0],"gold":12,"neow_bonus":"THREE_RARE_CARDS","is_daily":false,"chose_seed":false,"campfire_upgraded":6,"win_rate":0.0,"timestamp":1609775287,"path_taken":["M","?","$","M","M","E","R","$","T","?","R","M","M","M","R","BOSS","M","?","?","?","M","R","?","E","T","R","M","?","E","?","R","BOSS"],"items_purchased_type":["Card","Card","Relic","Relic"],"build_version":"2020-12-22","purchased_purges":1,"victory":false,"max_hp_per_floor":[75,75,75,75,75,75,75,75,75,75,75,75,75,75,75,75,75,75,75,75,75,75,75,75,75,75,75,75,75,75,75,75,75,75],"card_choices":[{"not_picked":["Reboot","Meteor Strike"],"picked":"Amplify","floor":0.0},{"not_picked":["Auto Shields","Ball Lightning"],"picked":"Sunder","floor":1.0},{"not_picked":["Stack","Redo"],"picked":"Darkness","floor":4.0},{"not_picked":["Cold Snap","Steam"],"picked":"Self Repair","floor":5.0},{"not_picked":["Streamline","Barrage","Tempest"],"picked":"SKIP","floor":6.0},{"not_picked":["Ball Lightning","Sweeping Beam"],"picked":"White Noise","floor":10.0},{"not_picked":["Beam Cell","Go for the Eyes"],"picked":"Hello World","floor":12.0},{"not_picked":["Fission","Sunder"],"picked":"Force Field","floor":13.0},{"not_picked":["Go for the Eyes","Turbo"],"picked":"Sweeping Beam","floor":14.0},{"not_picked":["Stack","Beam Cell","Genetic Algorithm"],"picked":"SKIP","floor":18},{"not_picked":["Skim","Rebound"],"picked":"Chaos","floor":22},{"not_picked":["Beam Cell","Auto Shields+1"],"picked":"Compile Driver","floor":24},{"not_picked":["Hologram","Auto Shields"],"picked":"BootSequence","floor":25},{"not_picked":["Rainbow","Auto Shields"],"picked":"Go for the Eyes","floor":28},{"not_picked":["Genetic Algorithm","Heatsinks+1"],"picked":"Coolheaded","floor":30}],"player_experience":242647,"relics_obtained":[{"floor":6.0,"key":"Centennial Puzzle"},{"floor":9.0,"key":"MealTicket"},{"floor":20,"key":"Nilry\u0027s Codex"},{"floor":25,"key":"StoneCalendar"},{"floor":26,"key":"Mummified Hand"},{"floor":30,"key":"Smiling Mask"}],"event_choices":[{"damage_healed":0,"gold_gain":0,"player_choice":"Inject Mutagens","damage_taken":0,"relics_obtained":["MutagenicStrength"],"max_hp_gain":0,"max_hp_loss":0,"event_name":"Drug Dealer","floor":19,"gold_loss":0},{"damage_healed":0,"gold_gain":0,"player_choice":"Obtained Book","damage_taken":16,"max_hp_gain":0,"max_hp_loss":0,"event_name":"Cursed Tome","floor":20,"gold_loss":0},{"damage_healed":16,"gold_gain":0,"player_choice":"Full Heal","damage_taken":0,"max_hp_gain":0,"max_hp_loss":0,"event_name":"Wheel of Change","floor":21,"gold_loss":0},{"cards_removed":["Doubt"],"damage_healed":0,"gold_gain":0,"player_choice":"Gave Gold","damage_taken":0,"max_hp_gain":0,"max_hp_loss":0,"event_name":"Beggar","floor":29,"gold_loss":75}],"is_beta":false,"boss_relics":[{"not_picked":["Pandora\u0027s Box","Snecko Eye"],"picked":"Cursed Key"}],"items_purged_floors":[2],"is_endless":false,"potions_floor_spawned":[5,12,13,14,16,22,24,25],"killed_by":"Automaton","ascension_level":0}}