{"host":"a9vnnms65xyhpnqu","time":1609750368,"event":{"mods":["Bard","BaseMod","Colored Map","Colored Powertips","DeckTracker","Highlight Path","Minty Spire (QoL Compilation)","StSLib","The Bladedancer","The Cursed","The Elementalist","The Forsaken","The Necromancer","The Runesmith","The Servant 0.9.4","TheArtist","slay the spire mod where everything is the same but ironclad has a cowboy hat"],"gold_per_floor":[115,134,134,16,16,42,2,19,44,63,238,4,20,33,33,129,129,144,144,144],"floor_reached":19,"playtime":735,"items_purged":[],"score":169,"play_id":"6ef57f2e-d326-4bdb-bf76-f63ee8410b3a","local_time":"20210104005248","is_ascension_mode":false,"campfire_choices":[{"floor":15,"key":"REST"}],"circlet_count":0,"master_deck":["Strike_B","Strike_B","Strike_B","Strike_B","Defend_B","Defend_B","Defend_B","Defend_B","Zap+1","Dualcast","Tempest","Capacitor","Rebound","Writhe","Zap","Hello World","Compile Driver","BootSequence","Heatsinks","Self Repair","Self Repair","Doubt","Self Repair","Darkness","Defragment","Creative AI","CurseOfTheBell","Redo"],"relics":["Cracked Core","elementalistmod:RedRibbon","Tiny Chest","Happy Flower","PreservedInsect","Calling Bell","Dream Catcher","Meat on the Bone","Du-Vu Doll"],"acts_visited":["Exordium","TheCity"],"potions_floor_usage":[],"damage_taken":[{"damage":0,"enemies":"Cultist","floor":1,"turns":3},{"damage":5,"enemies":"Small Slimes","floor":2,"turns":3},{"damage":21,"enemies":"Lagavulin","floor":6,"turns":6},{"damage":6,"enemies":"2 Louse","floor":8,"turns":3},{"damage":19,"enemies":"Blue Slaver","floor":10,"turns":4},{"damage":8,"enemies":"Lots of Slimes","floor":13,"turns":4},{"damage":13,"enemies":"Looter","floor":14,"turns":4},{"damage":35,"enemies":"Slime Boss","floor":16,"turns":9},{"damage":31,"enemies":"Spheric Guardian","floor":18,"turns":5},{"damage":65,"enemies":"3 Byrds","floor":19,"turns":5}],"seed_played":"-2838091886855077624","potions_obtained":[{"floor":1,"key":"Swift Potion"},{"floor":10,"key":"PotionOfCapacity"},{"floor":16,"key":"LiquidBronze"}],"is_trial":false,"path_per_floor":["M","M","?","$","?","E","$","M","T","M","?","$","M","M","R","B",null,"M","M"],"character_chosen":"DEFECT","items_purchased":["Hello World","Compile Driver","Heatsinks","PreservedInsect","Self Repair"],"campfire_rested":1,"item_purchase_floors":[4,4,7,12,12],"current_hp_per_floor":[75,70,70,70,70,49,49,43,43,31,31,31,37,38,60,46,75,65,0,0],"gold":144,"neow_bonus":"UPGRADE_CARD","is_daily":false,"chose_seed":false,"campfire_upgraded":0,"win_rate":0.0,"timestamp":1609750368,"path_taken":["M","?","?","?","?","E","?","M","T","?","?","$","M","M","R","BOSS","M","M"],"items_purchased_type":["Card","Card","Card","Relic","Card"],"build_version":"2020-12-22","purchased_purges":0,"victory":false,"max_hp_per_floor":[75,75,75,75,75,75,75,75,75,75,75,75,75,75,75,75,75,75,75,75],"card_choices":[{"not_picked":["Stack","Auto Shields"],"picked":"Tempest","floor":1},{"not_picked":["Hello World","Reinforced Body"],"picked":"Capacitor","floor":2},{"not_picked":["Hologram","Skim"],"picked":"BootSequence","floor":6},{"not_picked":["Skim","Melter"],"picked":"Self Repair","floor":8},{"not_picked":["Stack","Beam Cell"],"picked":"Self Repair","floor":10},{"not_picked":["Beam Cell","Hologram"],"picked":"Darkness","floor":13},{"not_picked":["Rebound","Buffer"],"picked":"Defragment","floor":14},{"not_picked":["Machine Learning","Fission"],"picked":"Creative AI","floor":16},{"not_picked":["Sweeping Beam","Leap"],"picked":"Redo","floor":18}],"player_experience":51528,"relics_obtained":[{"floor":6,"key":"Tiny Chest"},{"floor":9,"key":"Happy Flower"},{"floor":17,"key":"Dream Catcher"},{"floor":17,"key":"Meat on the Bone"},{"floor":17,"key":"Du-Vu Doll"}],"event_choices":[{"damage_healed":0,"gold_gain":0,"player_choice":"3 cards matched","damage_taken":0,"max_hp_gain":0,"max_hp_loss":0,"event_name":"Match and Keep!","floor":3,"gold_loss":0,"cards_obtained":["Rebound","Writhe","Zap"]},{"damage_healed":0,"gold_gain":175,"player_choice":"AGREE","damage_taken":0,"max_hp_gain":0,"max_hp_loss":0,"event_name":"Liars Game","floor":11,"gold_loss":0,"cards_obtained":["Doubt"]}],"is_beta":false,"boss_relics":[{"not_picked":["Sozu","FrozenCore"],"picked":"Calling Bell"}],"items_purged_floors":[],"is_endless":false,"potions_floor_spawned":[1,10,16],"killed_by":"3 Byrds","ascension_level":0}}