{"host":"sav7uxregyirlf69","time":1609729364,"event":{"mods":["AchievementEnabler","BaseMod","Colored Map","DeckTracker","Keyboard Shortcuts","Minty Spire (QoL Compilation)","READ ME - Guardian Mod","StSLib","SuperFastMode"],"gold_per_floor":[18,38,38,57,57,57,85,85,109,109,34,34,53,65,65,138,138,149,74,74,94,113,113,13,13,36,56,81,106,106,106],"floor_reached":30,"playtime":525,"items_purged":["Strike_B","Strike_B"],"score":504,"play_id":"4676fe9f-f131-433d-8d9f-f395d840ff85","local_time":"20210104120244","is_ascension_mode":true,"campfire_choices":[{"data":"Zap","floor":6.0,"key":"SMITH"},{"data":"Defragment","floor":8.0,"key":"SMITH"},{"data":"Dualcast","floor":10.0,"key":"SMITH"},{"data":"Biased Cognition","floor":15,"key":"SMITH"},{"data":"Coolheaded","floor":23,"key":"SMITH"},{"data":"Self Repair","floor":25,"key":"SMITH"}],"circlet_count":0,"master_deck":["AscendersBane","Strike_B","Defend_B","Defend_B","Defend_B","Defend_B","Zap+1","Dualcast+1","Core Surge","Leap","Ball Lightning","Defragment+1","Biased Cognition+1","Self Repair+1","Defragment","Coolheaded+1","Chill","Turbo"],"relics":["Cracked Core","Nunchaku","Oddly Smooth Stone","Sozu","Lantern","CeramicFish"],"acts_visited":["Exordium","TheCity"],"potions_floor_usage":[12],"damage_taken":[{"damage":5.0,"enemies":"2 Louse","floor":1.0,"turns":2.0},{"damage":0.0,"enemies":"Cultist","floor":2.0,"turns":3.0},{"damage":0.0,"enemies":"Jaw Worm","floor":4.0,"turns":3.0},{"damage":21.0,"enemies":"3 Sentries","floor":7.0,"turns":7.0},{"damage":0,"enemies":"Exordium Thugs","floor":12,"turns":1},{"damage":0,"enemies":"2 Fungi Beasts","floor":13,"turns":3},{"damage":5,"enemies":"Blue Slaver","floor":14,"turns":3},{"damage":6,"enemies":"Hexaghost","floor":16,"turns":8},{"damage":30,"enemies":"2 Thieves","floor":18,"turns":5},{"damage":0,"enemies":"Spheric Guardian","floor":21,"turns":3},{"damage":50,"enemies":"Shelled Parasite and Fungi","floor":22,"turns":4},{"damage":14,"enemies":"Snake Plant","floor":27,"turns":4},{"damage":28,"enemies":"Book of Stabbing","floor":28,"turns":6},{"damage":0,"enemies":"Snecko","floor":29,"turns":5},{"damage":27,"enemies":"Shelled Parasite and Fungi","floor":30,"turns":2}],"seed_played":"-3493393095986849702","potions_obtained":[{"floor":2.0,"key":"SmokeBomb"},{"floor":3.0,"key":"SkillPotion"},{"floor":16,"key":"SteroidPotion"}],"is_trial":false,"path_per_floor":["M","M","?","M","?","R","E","R","T","R","$","M","M","M","R","B",null,"M","?","?","M","M","R","$","R","T","M","E","M","M"],"character_chosen":"DEFECT","items_purchased":[],"campfire_rested":0,"item_purchase_floors":[],"current_hp_per_floor":[59,59,59,59,59,59,38,38,38,38,38,38,38,33,33,34,62,39,39,81,81,38,38,38,38,38,34,16,26,0,0],"gold":106,"neow_bonus":"THREE_RARE_CARDS","is_daily":false,"chose_seed":false,"campfire_upgraded":6,"win_rate":0.0,"timestamp":1609729364,"path_taken":["M","M","?","?","?","R","E","R","T","R","$","?","M","M","R","BOSS","M","?","?","M","M","R","$","R","T","M","E","M","?"],"items_purchased_type":[],"build_version":"2020-12-22","purchased_purges":2,"victory":false,"max_hp_per_floor":[71,71,71,71,71,71,71,71,71,71,71,71,71,71,71,71,71,71,71,81,81,81,81,81,81,81,81,81,81,81,81],"card_choices":[{"not_picked":["All For One","Biased Cognition"],"picked":"Core Surge","floor":0.0},{"not_picked":["Redo","Steam Power"],"picked":"Leap","floor":1.0},{"not_picked":["Storm","Melter"],"picked":"Ball Lightning","floor":2.0},{"not_picked":["Redo","Steam","Stack"],"picked":"SKIP","floor":4.0},{"not_picked":["Chill","Hello World"],"picked":"Defragment","floor":7.0},{"not_picked":["Redo","Conserve Battery"],"picked":"Biased Cognition","floor":13},{"not_picked":["Steam","Fusion"],"picked":"Self Repair","floor":14},{"not_picked":["Multi-Cast","Creative AI"],"picked":"Echo Form","floor":16},{"not_picked":["Reprogram","Gash"],"picked":"Defragment","floor":18},{"not_picked":["Rebound+1","Streamline","Compile Driver+1"],"picked":"SKIP","floor":21},{"not_picked":["Sweeping Beam","Gash+1"],"picked":"Coolheaded","floor":22},{"not_picked":["Fusion","Creative AI"],"picked":"Chill","floor":27},{"not_picked":["Thunder Strike","Hello World","Scrape"],"picked":"SKIP","floor":28},{"not_picked":["Gash","Fusion"],"picked":"Turbo","floor":29}],"player_experience":1130779,"relics_obtained":[{"floor":7.0,"key":"Nunchaku"},{"floor":9.0,"key":"Oddly Smooth Stone"},{"floor":26,"key":"Lantern"},{"floor":28,"key":"CeramicFish"}],"event_choices":[{"damage_healed":0.0,"max_hp_gain":0.0,"max_hp_loss":0.0,"gold_gain":0.0,"event_name":"Lab","player_choice":"Got Potions","floor":3.0,"gold_loss":0.0,"damage_taken":0.0},{"damage_healed":0.0,"max_hp_gain":0.0,"max_hp_loss":0.0,"gold_gain":0.0,"event_name":"Match and Keep!","player_choice":"0 cards matched","floor":5.0,"gold_loss":0.0,"damage_taken":0.0,"cards_obtained":[]},{"cards_removed":["Strike_B"],"damage_healed":0,"gold_gain":0,"player_choice":"Gave Gold","damage_taken":0,"max_hp_gain":0,"max_hp_loss":0,"event_name":"Beggar","floor":19,"gold_loss":75},{"cards_removed":["Echo Form"],"damage_healed":32,"gold_gain":0,"player_choice":"Offered Rare","damage_taken":0,"max_hp_gain":10,"max_hp_loss":0,"event_name":"Bonfire Elementals","floor":20,"gold_loss":0}],"is_beta":false,"boss_relics":[{"not_picked":["Runic Pyramid","Astrolabe"],"picked":"Sozu"}],"items_purged_floors":[11,24],"is_endless":false,"potions_floor_spawned":[2,16,21,27],"killed_by":"Shelled Parasite and Fungi","ascension_level":20}}