{"host":"69rply1jf2d1wbmp","time":1609755822,"event":{"mods":["BaseMod","Minty Spire (QoL Compilation)","Quick Restart"],"gold_per_floor":[12,31,31,47,47,81,81,110,134,150,6,22,22,57,57,153,153,163,175,55,74,74,74,26,54,54,54,54,72,92,92,92,191,191,207,40,58,72,92,120,120,153,203,216,216,226,226,226,226,226,226,226,51,51,51],"floor_reached":54,"playtime":1686,"items_purged":["Turbo","Dualcast"],"score":737,"play_id":"9c87453d-32d3-4404-a84b-cd67af23064c","local_time":"20210104052342","is_ascension_mode":false,"campfire_choices":[{"data":"Biased Cognition","floor":7,"key":"SMITH"},{"floor":13,"key":"REST"},{"data":"White Noise","floor":15,"key":"SMITH"},{"data":"Defragment","floor":23,"key":"SMITH"},{"floor":27,"key":"RECALL"},{"data":"Loop","floor":32,"key":"SMITH"},{"floor":41,"key":"REST"},{"floor":45,"key":"REST"},{"data":"Defragment","floor":49,"key":"SMITH"},{"data":"Echo Form","floor":52,"key":"SMITH"}],"circlet_count":0,"master_deck":["Strike_B+1","Strike_B+1","Defend_B+1","Defend_B+1","Defend_B+1","Defend_B+1","Zap+1","Biased Cognition+1","Leap","Loop+1","White Noise+1","Machine Learning","Self Repair","Defragment+1","Streamline+1","Conserve Battery+1","Go for the Eyes+1","Echo Form+1","Panacea","Auto Shields+1","Defragment+1","White Noise+1","Melter+1"],"relics":["Cracked Core","Anchor","Toy Ornithopter","Orichalcum","Molten Egg 2","Velvet Choker","Bag of Marbles","PreservedInsect","Inserter","Ancient Tea Set","Bottled Lightning","Oddly Smooth Stone"],"acts_visited":["Exordium","TheCity","TheBeyond","TheEnding"],"potions_floor_usage":[5,6,8,8,14,14,39,50,50,50],"damage_taken":[{"damage":1,"enemies":"Jaw Worm","floor":1,"turns":4},{"damage":0,"enemies":"2 Louse","floor":2,"turns":2},{"damage":0,"enemies":"Cultist","floor":4,"turns":3},{"damage":17,"enemies":"Gremlin Nob","floor":6,"turns":4},{"damage":4,"enemies":"3 Sentries","floor":8,"turns":5},{"damage":22,"enemies":"Exordium Thugs","floor":10,"turns":5},{"damage":0,"enemies":"Blue Slaver","floor":12,"turns":3},{"damage":0,"enemies":"Lagavulin","floor":14,"turns":6},{"damage":55,"enemies":"Hexaghost","floor":16,"turns":10},{"damage":1,"enemies":"Chosen","floor":18,"turns":4},{"damage":13,"enemies":"3 Byrds","floor":19,"turns":4},{"damage":4,"enemies":"Cultist and Chosen","floor":21,"turns":4},{"damage":7,"enemies":"Slavers","floor":25,"turns":3},{"damage":16,"enemies":"Snake Plant","floor":29,"turns":4},{"damage":16,"enemies":"Sentry and Sphere","floor":30,"turns":5},{"damage":50,"enemies":"Automaton","floor":33,"turns":8},{"damage":6,"enemies":"3 Shapes","floor":35,"turns":4},{"damage":5,"enemies":"Orb Walker","floor":37,"turns":4},{"damage":21,"enemies":"4 Shapes","floor":38,"turns":6},{"damage":15,"enemies":"Maw","floor":39,"turns":6},{"damage":54,"enemies":"Nemesis","floor":40,"turns":7},{"damage":9,"enemies":"Giant Head","floor":42,"turns":7},{"damage":2,"enemies":"3 Darklings","floor":44,"turns":4},{"damage":17,"enemies":"Transient","floor":46,"turns":5},{"damage":88,"enemies":"Awakened One","floor":50,"turns":7},{"damage":85,"enemies":"Shield and Spear","floor":54,"turns":5}],"seed_played":"3313944882749542415","potions_obtained":[{"floor":2,"key":"DistilledChaos"},{"floor":4,"key":"SpeedPotion"},{"floor":5,"key":"Fruit Juice"},{"floor":5,"key":"EntropicBrew"},{"floor":18,"key":"BlessingOfTheForge"},{"floor":21,"key":"DuplicationPotion"},{"floor":42,"key":"SkillPotion"}],"is_trial":false,"path_per_floor":["M","M","?","M","?","E","R","E","T","M","$","M","R","E","R","B",null,"M","M","$","M","?","R","$","E","T","R","?","M","M","?","R","B",null,"M","$","M","M","M","E","R","E","T","M","R","M","?","?","R","B",null,"R","$","E"],"character_chosen":"DEFECT","items_purchased":["Orichalcum","Defragment","Streamline+1","Go for the Eyes+1","Panacea","Melter+1"],"campfire_rested":3,"item_purchase_floors":[11,20,20,24,36,53],"current_hp_per_floor":[74,74,74,74,79,62,62,58,58,36,36,36,60,70,70,15,80,79,66,66,69,69,69,69,69,69,69,69,60,51,51,51,8,80,80,80,75,68,65,18,42,47,47,45,69,66,66,66,66,9,80,80,80,0,0],"gold":51,"neow_bonus":"THREE_RARE_CARDS","is_daily":false,"chose_seed":false,"campfire_upgraded":6,"win_rate":0.0,"timestamp":1609755822,"path_taken":["M","M","?","M","?","E","R","E","T","M","$","M","R","E","R","BOSS","M","M","$","M","?","R","?","E","T","R","?","M","M","?","R","BOSS","M","$","M","M","M","E","R","E","T","M","R","M","?","?","R","BOSS","R","$","E"],"items_purchased_type":["Relic","Card","Card","Card","Card","Card"],"build_version":"2020-12-22","purchased_purges":2,"victory":false,"max_hp_per_floor":[75,75,75,75,80,80,80,80,80,80,80,80,80,80,80,80,80,80,80,80,80,80,80,80,80,80,80,80,80,80,80,80,80,80,80,80,80,80,80,80,80,80,80,80,80,80,80,80,80,80,80,80,80,80,80],"card_choices":[{"not_picked":["Meteor Strike","Reboot"],"picked":"Biased Cognition","floor":0},{"not_picked":["Beam Cell","Compile Driver"],"picked":"Leap","floor":1},{"not_picked":["Force Field","Steam Power","Coolheaded"],"picked":"SKIP","floor":2},{"not_picked":["Fusion","Rebound","Turbo"],"picked":"SKIP","floor":4},{"not_picked":["Steam","Cold Snap","Coolheaded"],"picked":"SKIP","floor":6},{"not_picked":["Lockon","Fission","Coolheaded"],"picked":"SKIP","floor":8},{"not_picked":["Reprogram","Doom and Gloom"],"picked":"Loop","floor":10},{"not_picked":["Turbo","Redo"],"picked":"White Noise","floor":12},{"not_picked":["Biased Cognition","Glacier","Reinforced Body"],"picked":"SKIP","floor":14},{"not_picked":["Creative AI","Biased Cognition"],"picked":"Machine Learning","floor":16},{"not_picked":["Chaos","Rebound+1","Steam+1"],"picked":"SKIP","floor":18},{"not_picked":["Coolheaded","Blizzard+1"],"picked":"Self Repair","floor":19},{"not_picked":["Beam Cell+1","All For One+1"],"picked":"Conserve Battery+1","floor":21},{"not_picked":["Steam","Force Field","Hologram"],"picked":"SKIP","floor":25},{"not_picked":["Gash+1","Rip and Tear+1","Darkness"],"picked":"SKIP","floor":29},{"not_picked":["Compile Driver+1","Streamline+1","Stack"],"picked":"SKIP","floor":30},{"not_picked":["Rainbow","Seek"],"picked":"Echo Form","floor":33},{"not_picked":["Undo","Turbo","Cold Snap+1"],"picked":"SKIP","floor":35},{"not_picked":["Steam+1","Coolheaded","Beam Cell+1"],"picked":"SKIP","floor":37},{"not_picked":["Scrape+1","Melter+1"],"picked":"Auto Shields+1","floor":38},{"not_picked":["Double Energy","Streamline+1","Leap+1"],"picked":"SKIP","floor":39},{"not_picked":["Stack","Steam Power","Auto Shields+1"],"picked":"SKIP","floor":40},{"not_picked":["Go for the Eyes+1","All For One+1"],"picked":"Defragment","floor":42},{"not_picked":["Steam+1","Redo+1"],"picked":"White Noise+1","floor":44},{"not_picked":["Compile Driver+1","Redo+1","Doom and Gloom+1"],"picked":"SKIP","floor":46}],"player_experience":418807,"relics_obtained":[{"floor":6,"key":"Anchor"},{"floor":8,"key":"Toy Ornithopter"},{"floor":14,"key":"Molten Egg 2"},{"floor":25,"key":"Bag of Marbles"},{"floor":26,"key":"PreservedInsect"},{"floor":40,"key":"Ancient Tea Set"},{"floor":42,"key":"Bottled Lightning"},{"floor":43,"key":"Oddly Smooth Stone"}],"event_choices":[{"damage_healed":0,"gold_gain":0,"player_choice":"Grow","damage_taken":0,"max_hp_gain":0,"max_hp_loss":0,"event_name":"Living Wall","floor":3,"gold_loss":0,"cards_upgraded":["Zap"]},{"damage_healed":0,"gold_gain":0,"player_choice":"Got Potions","damage_taken":0,"max_hp_gain":0,"max_hp_loss":0,"event_name":"Lab","floor":5,"gold_loss":0},{"damage_healed":0,"gold_gain":0,"cards_transformed":["Strike_B"],"player_choice":"Transformed","damage_taken":0,"max_hp_gain":0,"max_hp_loss":0,"event_name":"Transmorgrifier","floor":22,"gold_loss":0,"cards_obtained":["Turbo"]},{"damage_healed":0,"gold_gain":0,"player_choice":"Simplicity","damage_taken":0,"max_hp_gain":0,"max_hp_loss":0,"event_name":"Back to Basics","floor":28,"gold_loss":0,"cards_upgraded":["Strike_B","Strike_B","Strike_B","Defend_B","Defend_B","Defend_B","Defend_B"]},{"damage_healed":0,"gold_gain":0,"player_choice":"Ignored","damage_taken":0,"max_hp_gain":0,"max_hp_loss":0,"event_name":"Vampires","floor":31,"gold_loss":0},{"damage_healed":0,"gold_gain":0,"player_choice":"Ignored","damage_taken":0,"max_hp_gain":0,"max_hp_loss":0,"event_name":"Mysterious Sphere","floor":47,"gold_loss":0},{"cards_removed":["Strike_B"],"damage_healed":0,"gold_gain":0,"player_choice":"Removed Attack","damage_taken":0,"max_hp_gain":0,"max_hp_loss":0,"event_name":"Falling","floor":48,"gold_loss":0}],"is_beta":false,"boss_relics":[{"not_picked":["Snecko Eye","Cursed Key"],"picked":"Velvet Choker"},{"not_picked":["Pandora\u0027s Box","Runic Dome"],"picked":"Inserter"}],"items_purged_floors":[36,53],"is_endless":false,"potions_floor_spawned":[2,4,12,18,21,29,30,35,37,38,42,44],"killed_by":"Shield and Spear","ascension_level":0}}