{"host":"7sni158j623xchr2","time":1609785664,"event":{"mods":["BaseMod","Colored Map","Highlight Path","Minty Spire (QoL Compilation)","Permanent Neow","Potion Indicator Mod","Rare Cards Sparkle","Relic Sorter","Relic Stats","StSLib","everything is the same but u backflip on backflip"],"gold_per_floor":[114,114,79,4,73,73,91,124,124,124,53,53,53,65,65,161,161,143,156,175,175,175],"floor_reached":21,"playtime":489,"items_purged":["Strike_P"],"score":204,"play_id":"6bf9ffab-5e82-4e1f-91a6-405fcaf24be6","local_time":"20210104124104","is_ascension_mode":true,"campfire_choices":[{"data":"Wallop","floor":6,"key":"SMITH"},{"data":"Eruption","floor":10,"key":"SMITH"},{"data":"Alpha","floor":12,"key":"SMITH"},{"data":"Adaptation","floor":15,"key":"SMITH"}],"circlet_count":0,"master_deck":["Strike_P","Strike_P","Strike_P","Defend_P","Defend_P","Eruption+1","Vigilance","SignatureMove","Alpha+1","Wallop+1","Protect","FearNoEvil","EmptyMind","Adaptation+1","Omniscience","TalkToTheHand","EmptyMind+1","FollowUp"],"relics":["PureWater","Shuriken","Prayer Wheel","Question Card","VioletLotus"],"acts_visited":["Exordium","TheCity"],"potions_floor_usage":[20,21,21],"damage_taken":[{"damage":11,"enemies":"Small Slimes","floor":1,"turns":4},{"damage":7,"enemies":"Jaw Worm","floor":7,"turns":3},{"damage":8,"enemies":"3 Sentries","floor":8,"turns":3},{"damage":10,"enemies":"Cultist","floor":14,"turns":4},{"damage":19,"enemies":"Hexaghost","floor":16,"turns":6},{"damage":28,"enemies":"2 Thieves","floor":18,"turns":4},{"damage":17,"enemies":"3 Byrds","floor":19,"turns":3},{"damage":20,"enemies":"Snake Plant","floor":20,"turns":2},{"damage":9,"enemies":"Centurion and Healer","floor":21,"turns":2}],"seed_played":"-1403723486030379377","potions_obtained":[{"floor":1,"key":"PowerPotion"},{"floor":8,"key":"PowerPotion"},{"floor":20,"key":"EssenceOfSteel"}],"is_trial":false,"path_per_floor":["M","?","?","$","?","R","M","E","T","R","$","R","?","M","R","B",null,"M","M","M","M"],"character_chosen":"WATCHER","items_purchased":["FearNoEvil"],"campfire_rested":0,"item_purchase_floors":[11],"current_hp_per_floor":[40,15,33,33,33,33,26,18,18,18,18,18,42,32,32,13,72,44,27,7,0,0],"gold":175,"neow_bonus":"TRANSFORM_TWO_CARDS","is_daily":false,"chose_seed":false,"campfire_upgraded":4,"win_rate":0.0,"timestamp":1609785664,"path_taken":["M","?","?","$","?","R","M","E","T","R","$","R","?","?","R","BOSS","M","M","?","M"],"items_purchased_type":["Card"],"build_version":"2020-12-22","purchased_purges":1,"victory":false,"max_hp_per_floor":[72,72,72,72,72,72,72,72,72,72,72,72,72,72,72,72,72,72,72,72,72,72],"relic_stats":{"counters":[9,31],"Shuriken":[4],"Prayer Wheel":4,"VioletLotus":[3],"Question Card":9,"obtain_stats":[{"Shuriken":2,"Prayer Wheel":8,"VioletLotus":17,"PureWater":0,"Question Card":9},{"Shuriken":1,"Prayer Wheel":3,"VioletLotus":5,"PureWater":0,"Question Card":3},{"Shuriken":4,"Prayer Wheel":10,"VioletLotus":20,"PureWater":0,"Question Card":10}]},"card_choices":[{"not_picked":["Pray","Protect"],"picked":"Wallop","floor":1},{"not_picked":["BowlingBash","Crescendo"],"picked":"Protect","floor":7},{"not_picked":["Evaluate","SashWhip","WheelKick"],"picked":"SKIP","floor":8},{"not_picked":["WreathOfFlame","Crescendo","Protect"],"picked":"EmptyMind","floor":14},{"not_picked":["Ragnarok","Halt","ClearTheMind"],"picked":"Adaptation","floor":14},{"not_picked":["Brilliance","Establishment","Blasphemy"],"picked":"Omniscience","floor":16},{"not_picked":["Crescendo","PathToVictory","Halt"],"picked":"TalkToTheHand","floor":18},{"not_picked":["FollowUp","Crescendo","Weave"],"picked":"EmptyMind+1","floor":18},{"not_picked":["Nirvana","MasterReality","EmptyMind+1"],"picked":"FollowUp","floor":19},{"not_picked":["WaveOfTheHand","Protect","Prostrate","WreathOfFlame+1"],"picked":"SKIP","floor":19},{"not_picked":["Weave","EmptyBody","Evaluate","SashWhip"],"picked":"SKIP","floor":20},{"not_picked":["FlyingSleeves","Indignation","FollowUp","WaveOfTheHand"],"picked":"SKIP","floor":20}],"player_experience":1587976,"relics_obtained":[{"floor":8,"key":"Prayer Wheel"},{"floor":9,"key":"Question Card"}],"event_choices":[{"damage_healed":0,"gold_gain":0,"player_choice":"Success","damage_taken":25,"relics_obtained":["Shuriken"],"max_hp_gain":0,"max_hp_loss":0,"event_name":"Scrap Ooze","floor":2,"gold_loss":0},{"damage_healed":18,"gold_gain":0,"player_choice":"Healed","damage_taken":0,"max_hp_gain":0,"max_hp_loss":0,"event_name":"The Cleric","floor":3,"gold_loss":35},{"damage_healed":0,"gold_gain":69,"player_choice":"Gained Gold","damage_taken":0,"max_hp_gain":0,"max_hp_loss":0,"event_name":"Golden Wing","floor":5,"gold_loss":0},{"damage_healed":24,"gold_gain":0,"player_choice":"Banana","damage_taken":0,"max_hp_gain":0,"max_hp_loss":0,"event_name":"Big Fish","floor":13,"gold_loss":0}],"is_beta":false,"boss_relics":[{"not_picked":["Astrolabe","Sozu"],"picked":"VioletLotus"}],"items_purged_floors":[4],"is_endless":false,"potions_floor_spawned":[1,8,20],"killed_by":"Centurion and Healer","ascension_level":3}}