{"host":"3a1ypf1irl30q4k8","time":1609784183,"event":{"mods":["AchievementEnabler","BaseMod","Bestiary","Colored Map","Minty Spire (QoL Compilation)","Relic Stats"],"gold_per_floor":[138,33,78,122,122,153,153,182,258,275,288,288,288,302,302,406,406,417,462,479,529,572,598,598,598],"floor_reached":24,"playtime":1551,"items_purged":[],"score":242,"play_id":"4fa2b3d1-c5a5-4f65-a3b6-ed768f7f4723","local_time":"20210104181623","is_ascension_mode":true,"campfire_choices":[{"data":"CutThroughFate","floor":7,"key":"SMITH"},{"floor":15,"key":"REST"}],"circlet_count":0,"master_deck":["Strike_P","Strike_P","Strike_P","Strike_P","Defend_P","Defend_P","Defend_P","Defend_P","Eruption","Vigilance","Writhe","Wish","CutThroughFate+1","ThirdEye","CutThroughFate","LikeWater","EmptyFist","DevaForm","SashWhip","FollowUp","InnerPeace","ClearTheMind","Scrawl","Crescendo+1","Vengeance+1","Meditate","Consecrate+1"],"relics":["PureWater","Torii","Nunchaku","Mercury Hourglass","Velvet Choker","TungstenRod"],"acts_visited":["Exordium","TheCity"],"potions_floor_usage":[8,16,19,19,20,24],"damage_taken":[{"damage":0,"enemies":"Small Slimes","floor":1,"turns":3},{"damage":0,"enemies":"2 Louse","floor":3,"turns":3},{"damage":10,"enemies":"Cultist","floor":4,"turns":7},{"damage":25,"enemies":"Gremlin Nob","floor":6,"turns":4},{"damage":10,"enemies":"3 Sentries","floor":8,"turns":8},{"damage":11,"enemies":"Exordium Wildlife","floor":10,"turns":3},{"damage":1,"enemies":"3 Louse","floor":11,"turns":2},{"damage":1,"enemies":"Looter","floor":14,"turns":4},{"damage":14,"enemies":"Slime Boss","floor":16,"turns":7},{"damage":22,"enemies":"Shell Parasite","floor":18,"turns":5},{"damage":1,"enemies":"2 Thieves","floor":19,"turns":4},{"damage":25,"enemies":"3 Cultists","floor":20,"turns":4},{"damage":25,"enemies":"Snecko","floor":22,"turns":4},{"damage":14,"enemies":"Gremlin Leader","floor":23,"turns":7},{"damage":20,"enemies":"Snake Plant","floor":24,"turns":4}],"seed_played":"6574715797105960033","potions_obtained":[{"floor":4,"key":"LiquidMemories"},{"floor":6,"key":"BlessingOfTheForge"},{"floor":11,"key":"SteroidPotion"},{"floor":14,"key":"Explosive Potion"},{"floor":16,"key":"Explosive Potion"},{"floor":18,"key":"AttackPotion"},{"floor":22,"key":"FairyPotion"},{"floor":23,"key":"FearPotion"}],"is_trial":false,"path_per_floor":["M","$","M","M","?","E","R","E","T","M","M","?","?","M","R","B",null,"M","M","M","?","M","E","M"],"character_chosen":"WATCHER","items_purchased":["ThirdEye","CutThroughFate"],"campfire_rested":1,"item_purchase_floors":[2,2],"current_hp_per_floor":[72,72,72,62,67,42,42,32,32,21,20,20,20,19,42,28,77,55,54,29,29,4,16,0,0],"gold":598,"neow_bonus":"THREE_RARE_CARDS","is_daily":false,"chose_seed":false,"campfire_upgraded":1,"win_rate":0.0,"timestamp":1609784183,"path_taken":["M","$","M","M","?","E","R","E","T","M","M","?","?","M","R","BOSS","M","M","M","?","M","E","M"],"items_purchased_type":["Card","Card"],"build_version":"2020-12-22","purchased_purges":0,"victory":false,"max_hp_per_floor":[72,72,72,72,77,77,77,77,77,77,77,77,77,77,77,77,77,77,77,77,77,77,77,77,77],"relic_stats":{"Nunchaku":[8],"Torii":14,"counters":[15,69],"obtain_stats":[{"Nunchaku":8,"Torii":6,"Velvet Choker":17,"PureWater":0,"TungstenRod":23,"Mercury Hourglass":9},{"Nunchaku":5,"Torii":4,"Velvet Choker":9,"PureWater":0,"TungstenRod":14,"Mercury Hourglass":5},{"Nunchaku":25,"Torii":17,"Velvet Choker":41,"PureWater":0,"TungstenRod":65,"Mercury Hourglass":25}],"TungstenRod":5,"Mercury Hourglass":[171]},"card_choices":[{"not_picked":["Omniscience","Scrawl"],"picked":"Wish","floor":0},{"not_picked":["Consecrate","Evaluate"],"picked":"CutThroughFate","floor":1},{"not_picked":["Collect","Indignation"],"picked":"LikeWater","floor":3},{"not_picked":["Prostrate","CarveReality"],"picked":"EmptyFist","floor":4},{"not_picked":["Weave","Protect"],"picked":"DevaForm","floor":6},{"not_picked":["CrushJoints","ClearTheMind"],"picked":"SashWhip","floor":8},{"not_picked":["FlurryOfBlows","Evaluate"],"picked":"FollowUp","floor":10},{"not_picked":["FlurryOfBlows","ThirdEye"],"picked":"InnerPeace","floor":11},{"not_picked":["EmptyBody","Sanctity"],"picked":"ClearTheMind","floor":14},{"not_picked":["DeusExMachina","ConjureBlade"],"picked":"Scrawl","floor":16},{"not_picked":["SashWhip","PathToVictory"],"picked":"Crescendo+1","floor":18},{"not_picked":["Protect","PathToVictory","DevaForm"],"picked":"SKIP","floor":19},{"not_picked":["ClearTheMind","CrushJoints+1"],"picked":"Vengeance+1","floor":20},{"not_picked":["Consecrate","Weave"],"picked":"Meditate","floor":22},{"not_picked":["FollowUp+1","Alpha"],"picked":"Consecrate+1","floor":23}],"player_experience":971203,"relics_obtained":[{"floor":6,"key":"Torii"},{"floor":8,"key":"Nunchaku"},{"floor":9,"key":"Mercury Hourglass"},{"floor":23,"key":"TungstenRod"}],"event_choices":[{"damage_healed":0,"gold_gain":0,"player_choice":"Donut","damage_taken":0,"max_hp_gain":5,"max_hp_loss":0,"event_name":"Big Fish","floor":5,"gold_loss":0},{"damage_healed":0,"gold_gain":0,"player_choice":"Ignored","damage_taken":0,"max_hp_gain":0,"max_hp_loss":0,"event_name":"Golden Idol","floor":12,"gold_loss":0},{"damage_healed":0,"gold_gain":0,"player_choice":"Fled","damage_taken":0,"max_hp_gain":0,"max_hp_loss":0,"event_name":"Scrap Ooze","floor":13,"gold_loss":0},{"damage_healed":0,"gold_gain":100,"player_choice":"Bet on Murderer","damage_taken":0,"max_hp_gain":0,"max_hp_loss":0,"event_name":"The Joust","floor":21,"gold_loss":50}],"is_beta":false,"boss_relics":[{"not_picked":["Busted Crown","Fusion Hammer"],"picked":"Velvet Choker"}],"items_purged_floors":[],"is_endless":false,"potions_floor_spawned":[4,6,11,14,16,18,22,23],"killed_by":"Snake Plant","ascension_level":1}}