{"host":"f5uumzf5hfexzk8l","time":1609733821,"event":{"mods":["AchievementEnabler","BaseMod","Colored Map","Googly Eyes","Highlight Path","Minty Spire (QoL Compilation)","Permanent Neow","Relic Stats","StSLib","SuperFastMode","Unceasing Turn Reminder","everything is the same but u backflip on backflip"],"gold_per_floor":[109,123,141,159,259,289,289,314,341,341,359,359,378,397,397,497,497,515,531,545,365,365,396,396,396,396,408,323,350,367,381,381,481,481,492,508,93,93,143,168,168,187,187,187,222,222,73,85,85,85],"floor_reached":51,"playtime":3665,"items_purged":["Strike_P","Strike_P+1"],"score":1282,"play_id":"dc59256e-1832-42ef-b61b-f151ccdba599","local_time":"20210103201701","is_ascension_mode":true,"campfire_choices":[{"data":"Eruption","floor":7,"key":"SMITH"},{"data":"WheelKick","floor":10,"key":"SMITH"},{"floor":12,"key":"REST"},{"floor":15,"key":"REST"},{"floor":24,"key":"REST"},{"floor":32,"key":"REST"},{"data":"Strike_P+1","floor":41,"key":"PURGE"},{"data":"FollowUp","floor":44,"key":"PURGE"},{"data":"Defend_P","floor":49,"key":"PURGE"}],"circlet_count":0,"master_deck":["Strike_P+1","Defend_P+1","Defend_P","Defend_P+1","Eruption+1","Vigilance+1","EmptyBody+1","WheelKick+1","Wireheading+1","EmptyFist+1","CutThroughFate","LessonLearned","Wallop","Meditate","Crescendo+1","DeusExMachina+1","Consecrate+1","Perseverance+1","WaveOfTheHand+1","TalkToTheHand+1","Protect+1","Perseverance"],"relics":["Philosopher\u0027s Stone","Boot","Oddly Smooth Stone","Happy Flower","Runic Pyramid","Enchiridion","Potion Belt","Bag of Marbles","Dream Catcher","Frozen Egg 2","Busted Crown","Matryoshka","Peace Pipe","Du-Vu Doll","Bag of Preparation","Mummified Hand","Bottled Lightning","TheAbacus"],"acts_visited":["Exordium","TheCity","TheBeyond"],"potions_floor_usage":[23,30,33,33,36],"damage_taken":[{"damage":7,"enemies":"Jaw Worm","floor":1,"turns":4},{"damage":0,"enemies":"Cultist","floor":2,"turns":3},{"damage":0,"enemies":"Small Slimes","floor":3,"turns":2},{"damage":6,"enemies":"Blue Slaver","floor":4,"turns":5},{"damage":24,"enemies":"Lagavulin","floor":6,"turns":7},{"damage":3,"enemies":"Gremlin Nob","floor":8,"turns":3},{"damage":11,"enemies":"Large Slime","floor":11,"turns":4},{"damage":0,"enemies":"Looter","floor":13,"turns":2},{"damage":8,"enemies":"Exordium Wildlife","floor":14,"turns":5},{"damage":0,"enemies":"Slime Boss","floor":16,"turns":5},{"damage":0,"enemies":"Shell Parasite","floor":18,"turns":4},{"damage":19,"enemies":"2 Thieves","floor":19,"turns":3},{"damage":1,"enemies":"3 Cultists","floor":20,"turns":5},{"damage":5,"enemies":"Gremlin Leader","floor":23,"turns":5},{"damage":0,"enemies":"Snecko","floor":27,"turns":3},{"damage":26,"enemies":"Slavers","floor":29,"turns":5},{"damage":0,"enemies":"Cultist and Chosen","floor":30,"turns":3},{"damage":0,"enemies":"3 Cultists","floor":31,"turns":4},{"damage":9,"enemies":"Automaton","floor":33,"turns":15},{"damage":0,"enemies":"Orb Walker","floor":35,"turns":4},{"damage":0,"enemies":"3 Shapes","floor":36,"turns":4},{"damage":0,"enemies":"Mind Bloom Boss Battle","floor":39,"turns":6},{"damage":0,"enemies":"Nemesis","floor":40,"turns":7},{"damage":11,"enemies":"3 Darklings","floor":42,"turns":6},{"damage":0,"enemies":"Giant Head","floor":45,"turns":9},{"damage":0,"enemies":"4 Shapes","floor":48,"turns":6},{"damage":0,"enemies":"Awakened One","floor":50,"turns":14}],"seed_played":"-3942153683754927711","potions_obtained":[{"floor":2,"key":"GamblersBrew"},{"floor":3,"key":"Swift Potion"},{"floor":13,"key":"Swift Potion"},{"floor":14,"key":"Dexterity Potion"},{"floor":23,"key":"Fruit Juice"},{"floor":27,"key":"Weak Potion"},{"floor":29,"key":"Energy Potion"},{"floor":30,"key":"Fire Potion"},{"floor":39,"key":"StancePotion"},{"floor":42,"key":"PowerPotion"},{"floor":45,"key":"GamblersBrew"}],"is_trial":false,"path_per_floor":["M","M","M","M","?","E","R","E","T","R","M","R","M","M","R","B",null,"M","M","M","$","?","E","R","?","T","M","?","E","M","M","R","B",null,"M","M","$","?","?","E","R","M","T","R","E","?","$","M","R","B",null],"character_chosen":"WATCHER","items_purchased":["WaveOfTheHand","FollowUp","Matryoshka","Perseverance","TheAbacus"],"campfire_rested":4,"item_purchase_floors":[21,21,37,37,47],"current_hp_per_floor":[58,58,58,52,52,28,28,25,25,25,14,35,35,27,48,48,66,66,47,46,46,30,25,46,46,46,46,46,20,20,20,41,32,62,62,62,62,62,62,62,62,51,51,51,51,51,51,51,51,51],"gold":85,"neow_bonus":"BOSS_RELIC","is_daily":false,"chose_seed":false,"campfire_upgraded":2,"win_rate":0.0,"timestamp":1609733821,"path_taken":["M","M","M","M","?","E","R","E","T","R","M","R","M","M","R","BOSS","M","M","M","$","?","E","R","?","T","M","?","E","M","M","R","BOSS","M","M","$","?","?","E","R","M","T","R","E","?","$","M","R","BOSS"],"items_purchased_type":["Card","Card","Relic","Card","Relic"],"build_version":"2020-12-22","purchased_purges":2,"victory":true,"max_hp_per_floor":[72,72,72,72,72,72,72,72,72,72,72,72,72,72,72,72,72,72,72,72,72,72,72,72,72,72,72,72,72,72,72,72,72,72,72,72,72,72,72,72,72,72,72,72,72,68,68,68,68,68],"relic_stats":{"Peace Pipe":3,"Dream Catcher":1,"Busted Crown":14,"TheAbacus":[48],"Happy Flower":[39],"counters":[27,143],"Mummified Hand":[6],"Bag of Preparation":[6],"Boot":[37],"obtain_stats":[{"Potion Belt":23,"Happy Flower":9,"Oddly Smooth Stone":8,"Enchiridion":22,"Bag of Preparation":43,"Frozen Egg 2":29,"Boot":6,"Peace Pipe":39,"Du-Vu Doll":40,"Dream Catcher":28,"Busted Crown":34,"Matryoshka":37,"TheAbacus":47,"Mummified Hand":43,"Philosopher\u0027s Stone":0,"Bag of Marbles":26,"Bottled Lightning":45,"PureWater":0,"Runic Pyramid":17},{"Potion Belt":14,"Happy Flower":6,"Oddly Smooth Stone":6,"Enchiridion":13,"Bag of Preparation":24,"Frozen Egg 2":16,"Boot":5,"Peace Pipe":22,"Du-Vu Doll":23,"Dream Catcher":15,"Busted Crown":19,"Matryoshka":21,"TheAbacus":25,"Mummified Hand":24,"Philosopher\u0027s Stone":0,"Bag of Marbles":14,"Bottled Lightning":25,"PureWater":0,"Runic Pyramid":10},{"Potion Belt":57,"Happy Flower":24,"Oddly Smooth Stone":24,"Enchiridion":52,"Bag of Preparation":114,"Frozen Egg 2":65,"Boot":21,"Peace Pipe":101,"Du-Vu Doll":108,"Dream Catcher":60,"Busted Crown":87,"Matryoshka":95,"TheAbacus":123,"Mummified Hand":114,"Philosopher\u0027s Stone":0,"Bag of Marbles":57,"Bottled Lightning":123,"PureWater":0,"Runic Pyramid":40}]},"card_choices":[{"not_picked":["Prostrate","SashWhip"],"picked":"EmptyBody","floor":1},{"not_picked":["BowlingBash","Protect"],"picked":"WheelKick","floor":2},{"not_picked":["DeceiveReality","Indignation"],"picked":"Wireheading","floor":3},{"not_picked":["CrushJoints","ForeignInfluence"],"picked":"EmptyFist","floor":4},{"not_picked":["CrushJoints","Consecrate"],"picked":"CutThroughFate","floor":6},{"not_picked":["InnerPeace","Ragnarok"],"picked":"LessonLearned","floor":8},{"not_picked":["Halt","Protect"],"picked":"Wallop","floor":11},{"not_picked":["CarveReality","JustLucky"],"picked":"Meditate","floor":13},{"not_picked":["Prostrate","CrushJoints"],"picked":"Crescendo","floor":14},{"not_picked":["Brilliance","Alpha"],"picked":"DeusExMachina","floor":16},{"not_picked":["FlurryOfBlows","Protect"],"picked":"Consecrate+1","floor":18},{"not_picked":["CrushJoints+1","Evaluate+1"],"picked":"Perseverance+1","floor":19},{"not_picked":["EmptyBody","Alpha","JustLucky"],"picked":"SKIP","floor":20},{"not_picked":["ThirdEye","CrushJoints","PathToVictory"],"picked":"SKIP","floor":23},{"not_picked":["FlyingSleeves","CutThroughFate","BowlingBash"],"picked":"SKIP","floor":27},{"not_picked":["Wallop","FlyingSleeves"],"picked":"TalkToTheHand","floor":29},{"not_picked":["PathToVictory","Sanctity","DeceiveReality"],"picked":"SKIP","floor":30},{"not_picked":["Consecrate","EmptyFist","SashWhip"],"picked":"SKIP","floor":31},{"not_picked":["Judgement","DeusExMachina"],"picked":"DevaForm+1","floor":33},{"not_picked":[],"picked":"Protect+1","floor":35},{"not_picked":["Swivel"],"picked":"SKIP","floor":36},{"not_picked":["ClearTheMind"],"picked":"SKIP","floor":40},{"not_picked":["Prostrate+1"],"picked":"SKIP","floor":42},{"not_picked":["EmptyFist"],"picked":"SKIP","floor":45},{"not_picked":["LessonLearned"],"picked":"SKIP","floor":48}],"player_experience":372574,"relics_obtained":[{"floor":6,"key":"Boot"},{"floor":8,"key":"Oddly Smooth Stone"},{"floor":9,"key":"Happy Flower"},{"floor":22,"key":"Enchiridion"},{"floor":23,"key":"Potion Belt"},{"floor":26,"key":"Bag of Marbles"},{"floor":29,"key":"Frozen Egg 2"},{"floor":39,"key":"Peace Pipe"},{"floor":40,"key":"Du-Vu Doll"},{"floor":43,"key":"Bag of Preparation"},{"floor":43,"key":"Mummified Hand"},{"floor":45,"key":"Bottled Lightning"}],"event_choices":[{"damage_healed":0,"gold_gain":100,"player_choice":"Pray","damage_taken":0,"max_hp_gain":0,"max_hp_loss":0,"event_name":"Golden Shrine","floor":5,"gold_loss":0},{"damage_healed":0,"gold_gain":0,"player_choice":"Obtained Book","damage_taken":16,"max_hp_gain":0,"max_hp_loss":0,"event_name":"Cursed Tome","floor":22,"gold_loss":0},{"damage_healed":0,"gold_gain":0,"player_choice":"Ignored","damage_taken":0,"max_hp_gain":0,"max_hp_loss":0,"event_name":"Ghosts","floor":25,"gold_loss":0},{"damage_healed":0,"gold_gain":0,"player_choice":"Obtained Relic","damage_taken":0,"relics_obtained":["Dream Catcher"],"max_hp_gain":0,"max_hp_loss":0,"event_name":"Addict","floor":28,"gold_loss":85},{"cards_removed":["DevaForm"],"damage_healed":0,"gold_gain":0,"player_choice":"Removed Power","damage_taken":0,"max_hp_gain":0,"max_hp_loss":0,"event_name":"Falling","floor":38,"gold_loss":0},{"damage_healed":0,"gold_gain":0,"player_choice":"Fight","damage_taken":0,"max_hp_gain":0,"max_hp_loss":0,"event_name":"MindBloom","floor":39,"gold_loss":0},{"damage_healed":0,"gold_gain":0,"player_choice":"Max HP","damage_taken":0,"max_hp_gain":0,"max_hp_loss":4,"event_name":"Winding Halls","floor":46,"gold_loss":0}],"is_beta":false,"boss_relics":[{"not_picked":["Coffee Dripper","Black Star"],"picked":"Runic Pyramid"},{"not_picked":["Cursed Key","Velvet Choker"],"picked":"Busted Crown"}],"items_purged_floors":[21,37],"is_endless":false,"potions_floor_spawned":[2,3,13,14,16,23,27,29,30,39,42,45,48],"ascension_level":9}}