{"host":"02uosbn8hju1jzqf","time":1609790462,"event":{"mods":["ATMod(??Mod)","Act Like it!","Arknights The Spire","BaseMod","Colored Powertips","Defective Defect","GifTheSpireLib","Koishi","Marisa????????","Minty Spire (QoL Compilation)","Reimu??????","Remilia??????","StSLib","The Awakened One except there are too many feathers","The Bug Knight","The Poker Player","The Servant 0.9.4","Yakumo Yukari mod","everything is the same but u backflip on backflip","??????REMEMod"],"gold_per_floor":[114,114,114,30,45,73,73,73,96,42,107,139,151,15,15,120,120,133,133,146,95,111,111,111,111],"floor_reached":24,"playtime":5918,"items_purged":[],"score":202,"play_id":"3556fb52-9e51-4512-bb38-8bd5f40a5280","local_time":"20210104120102","is_ascension_mode":false,"campfire_choices":[{"floor":8,"key":"REST"},{"data":"GearUp","floor":13,"key":"SMITH"},{"data":"MurderousAura","floor":15,"key":"SMITH"},{"floor":23,"key":"REST"}],"circlet_count":0,"master_deck":["Strike_S","Strike_S","Strike_S","Strike_S","Defend_S","Defend_S","Defend_S","Defend_S","KidneyShot","Exchange","Ricochet","RealityMarble","Rewind","Comet","FlawlessForm","Rearm","GearUp+1","MurderousAura+1","Initiator","Rewind","Rewind","Contraction"],"relics":["Uniform","REME_ComplimentaryCards","AT_ATBox","Bag of Marbles","PureWhite:ReiMu","MealTicket","MawBank","RedLine:ReiMu"],"acts_visited":["Exordium","TheCity"],"potions_floor_usage":[11,20,22,24],"damage_taken":[{"damage":0,"enemies":"2 Louse","floor":1,"turns":3},{"damage":11,"enemies":"Jaw Worm","floor":5,"turns":5},{"damage":29,"enemies":"HollowMod:MossKnight","floor":6,"turns":25},{"damage":18,"enemies":"3 Sentries","floor":11,"turns":9},{"damage":0,"enemies":"Cultist","floor":12,"turns":5},{"damage":17,"enemies":"Hexaghost","floor":16,"turns":13},{"damage":1,"enemies":"Chosen","floor":18,"turns":5},{"damage":9,"enemies":"Shell Parasite","floor":20,"turns":5},{"damage":23,"enemies":"Shelled Parasite and Fungi","floor":22,"turns":7},{"damage":71,"enemies":"Masked Bandits","floor":24,"turns":5}],"seed_played":"-1946744003524987879","potions_obtained":[{"floor":1,"key":"MagicPotion:ReiMu"},{"floor":6,"key":"REME_GoldPotion"},{"floor":18,"key":"Fire Potion"},{"floor":20,"key":"SneckoOil"}],"is_trial":false,"path_per_floor":["M","?","?","$","M","E","T","R","T","$","E","M","R","$","R","B",null,"M","$","M","$","M","R","?"],"character_chosen":"THE_SERVANT","items_purchased":["RealityMarble","Rewind","Rearm","MurderousAura","Rewind"],"campfire_rested":2,"item_purchase_floors":[4,4,10,14,21],"current_hp_per_floor":[71,71,71,71,60,31,31,52,52,67,49,49,49,64,64,47,71,70,71,62,71,48,69,0,0],"gold":111,"neow_bonus":"TEN_PERCENT_HP_BONUS","is_daily":false,"chose_seed":false,"campfire_upgraded":2,"win_rate":0.0,"timestamp":1609790462,"path_taken":["M","?","?","$","M","E","?","R","T","$","E","M","R","?","R","BOSS","M","$","M","$","M","R","?"],"items_purchased_type":["Card","Card","Card","Card","Card"],"build_version":"2020-12-22","purchased_purges":0,"victory":false,"max_hp_per_floor":[71,71,71,71,71,71,71,71,71,71,71,71,71,71,71,71,71,71,71,71,71,71,71,71,71],"card_choices":[{"not_picked":["Shuttle","Alleviate"],"picked":"Ricochet","floor":1},{"not_picked":["Spin","Snipe"],"picked":"Comet","floor":5},{"not_picked":["Alleviate","Potential"],"picked":"FlawlessForm","floor":6},{"not_picked":["Unruled","Comet"],"picked":"GearUp","floor":11},{"not_picked":["Starlight","StarChef","Replace"],"picked":"SKIP","floor":12},{"not_picked":["FloweringNight","LightFlow"],"picked":"Initiator","floor":16},{"not_picked":["StarChef","ShatteredReality"],"picked":"Rewind","floor":18},{"not_picked":["Ricochet","Revamp","Comet"],"picked":"SKIP","floor":20},{"not_picked":["BestPractice","Sabotage"],"picked":"Contraction","floor":22}],"player_experience":123584,"relics_obtained":[{"floor":6,"key":"Bag of Marbles"},{"floor":7,"key":"PureWhite:ReiMu"},{"floor":9,"key":"MealTicket"},{"floor":11,"key":"MawBank"}],"event_choices":[{"damage_healed":0,"gold_gain":0,"player_choice":"Ignored","damage_taken":0,"max_hp_gain":0,"max_hp_loss":0,"event_name":"Golden Wing","floor":2,"gold_loss":0},{"damage_healed":0,"gold_gain":0,"player_choice":"Leave","damage_taken":0,"max_hp_gain":0,"max_hp_loss":0,"event_name":"The Cleric","floor":3,"gold_loss":0},{"damage_healed":0,"gold_gain":0,"player_choice":"Fought Bandits","damage_taken":0,"max_hp_gain":0,"max_hp_loss":0,"event_name":"Masked Bandits","floor":24,"gold_loss":0}],"is_beta":false,"boss_relics":[{"not_picked":["Philosopher\u0027s Stone","REME_LowDesire"],"picked":"RedLine:ReiMu"}],"items_purged_floors":[],"is_endless":false,"potions_floor_spawned":[1,6,18,20],"killed_by":"Masked Bandits","ascension_level":0}}