{"host":"klzxa3457b6fcx00","time":1609761682,"event":{"mods":["AchievementEnabler","BaseMod","Colored Powertips","Downfall","Infinite Spire","Jorbs\u0027s Wanderer Trilogy","Marisa????????","Minty Spire (QoL Compilation)","Quick Restart","Replay The Spire","StSLib","The Jungle"],"gold_per_floor":[114,114,126,145,159,78,78,78,78,78,106,117,140,165,165,268,268,280,298,308,308,308,308,343,343,343,343,359,394,411,427,427,529,529,546,593,593,593,593],"floor_reached":38,"playtime":1483,"items_purged":[],"score":464,"play_id":"209feba9-ffc2-40a1-981e-0c76d30fc6d5","local_time":"20210104190122","is_ascension_mode":false,"campfire_choices":[{"data":"Sunder","floor":7,"key":"SMITH"},{"data":"Streamline","floor":10,"key":"SMITH"},{"floor":15,"key":"REST"},{"floor":23,"key":"REST"},{"floor":25,"key":"REST"},{"floor":27,"key":"REST"},{"floor":32,"key":"REST"}],"circlet_count":0,"master_deck":["Strike_B","Strike_B","Strike_B","Strike_B","Defend_B+1","Defend_B","Defend_B","Zap+1","Dualcast","Replay:Sluggish","Conserve Battery","Streamline+1","Sunder+1","Conserve Battery","Ball Lightning+1","BootSequence","Ball Lightning","CurseOfTheBell","Ball Lightning","ReplayTheSpireMod:Splinters","Turbo","Conserve Battery"],"relics":["Cracked Core","Ginger","Pear","ReplayTheSpireMod:Lightbulb","Replay:Towering Pillar of Hats","Odd Mushroom","Pen Nib","Fusion Hammer","Mango","Smiling Mask","Chameleon Ring","Iron Hammer","Calling Bell","infinitespire:Beetle Shell","infinitespire:FocusingShard","Unceasing Top","Replay:Bottled Snecko"],"acts_visited":["Exordium","Exordium","TheBeyond"],"potions_floor_usage":[16,29,31,33,33,38],"damage_taken":[{"damage":0,"enemies":"Small Slimes","floor":1,"turns":3},{"damage":4,"enemies":"Jaw Worm","floor":3,"turns":4},{"damage":1,"enemies":"Cultist","floor":4,"turns":3},{"damage":2,"enemies":"Large Slime","floor":5,"turns":5},{"damage":17,"enemies":"Lagavulin","floor":11,"turns":5},{"damage":0,"enemies":"Blue Slaver","floor":12,"turns":2},{"damage":3,"enemies":"The Mushroom Lair","floor":13,"turns":3},{"damage":40,"enemies":"The Guardian","floor":16,"turns":10},{"damage":28,"enemies":"theJungle:MUSHROOMGANG","floor":18,"turns":4},{"damage":1,"enemies":"theJungle:5_Spyders","floor":19,"turns":11},{"damage":14,"enemies":"theJungle:Lyon","floor":20,"turns":4},{"damage":41,"enemies":"Nightmare","floor":24,"turns":8},{"damage":21,"enemies":"theJungle:JungleHuntersEncounter","floor":28,"turns":5},{"damage":54,"enemies":"theJungle:MamaSnecko","floor":29,"turns":6},{"damage":9,"enemies":"theJungle:2_Snecko_Cultists","floor":30,"turns":3},{"damage":7,"enemies":"theJungle:Lyon","floor":31,"turns":3},{"damage":10,"enemies":"theJungle:FunGuy","floor":33,"turns":8},{"damage":31,"enemies":"3 Darklings","floor":35,"turns":6},{"damage":34,"enemies":"infinitespire:Three Voidlings","floor":38,"turns":4},{"damage":46,"enemies":"Nightmare_Alpha","floor":38,"turns":4}],"seed_played":"-462354976533001786","potions_obtained":[{"floor":1,"key":"AttackPotion"},{"floor":4,"key":"Doom Potion"},{"floor":12,"key":"hexamod:EctoCoolerPotion"},{"floor":13,"key":"AttackPotion"},{"floor":24,"key":"BlessingOfTheForge"},{"floor":29,"key":"Adrenaline Potion"},{"floor":31,"key":"Doom Potion"},{"floor":33,"key":"sneckomod:MuddlingPotion"},{"floor":35,"key":"Languid Potion"}],"is_trial":false,"path_per_floor":["M","?","M","M","M","$","R","T","T","R","E","M","?","T","R","B",null,"M","M","M","?","AVR","R","NM","R","T","R","M","E","M","M","R","B",null,"M","?","?","?"],"character_chosen":"DEFECT","items_purchased":["Sunder"],"campfire_rested":5,"item_purchase_floors":[6],"current_hp_per_floor":[75,60,56,55,53,53,53,63,63,63,46,46,43,43,68,28,85,57,56,42,42,56,85,44,73,73,99,78,24,15,8,37,27,99,68,68,68,0,0],"gold":593,"neow_bonus":"ONE_RARE_RELIC","is_daily":false,"chose_seed":false,"campfire_upgraded":2,"win_rate":0.0,"timestamp":1609761682,"path_taken":["M","?","M","M","M","$","R","?","T","R","E","?","?","?","R","BOSS","M","M","?","?","AVR","R","NM","R","T","R","M","E","M","?","R","BOSS","M","?","?","?"],"items_purchased_type":["Card"],"build_version":"2020-12-22","purchased_purges":0,"victory":false,"max_hp_per_floor":[75,75,75,75,75,75,75,85,85,85,85,85,85,85,85,85,85,85,85,85,85,99,99,99,99,99,99,99,99,99,99,99,99,99,99,99,99,99,99],"card_choices":[{"not_picked":["White Noise","Capacitor"],"picked":"Conserve Battery","floor":1},{"not_picked":["Hologram","Turbo","Gash"],"picked":"SKIP","floor":3},{"not_picked":["BasicCrystalCard","Stack"],"picked":"Streamline","floor":4},{"not_picked":["Turbo","Stack","Gash"],"picked":"SKIP","floor":5},{"not_picked":["Capacitor","Streamline"],"picked":"Conserve Battery","floor":11},{"not_picked":["Machine Learning","Chaos","FTL"],"picked":"SKIP","floor":12},{"not_picked":["Glacier+1","Scrape+1","Go for the Eyes"],"picked":"SKIP","floor":18},{"not_picked":["Rebound","Beam Cell+1"],"picked":"Ball Lightning","floor":19},{"not_picked":["Redo","Rebound+1"],"picked":"BootSequence","floor":20},{"not_picked":["Redo","Reboot","Coolheaded"],"picked":"SKIP","floor":24},{"not_picked":["Rebound+1","BasicCrystalCard+1","ReplaySolidLightProjector"],"picked":"SKIP","floor":28},{"not_picked":["Rebound+1","BasicCrystalCard+1","ReplaySolidLightProjector"],"picked":"SKIP","floor":28},{"not_picked":["Rebound","ReplayGash","Heatsinks"],"picked":"SKIP","floor":29},{"not_picked":["ReplayGash","Self Repair"],"picked":"Ball Lightning","floor":30},{"not_picked":["Hologram","Force Field","Loop"],"picked":"SKIP","floor":31},{"not_picked":["Fusion+1","Force Field+1"],"picked":"Ball Lightning","floor":35},{"not_picked":["Blizzard+1","Compile Driver+1"],"picked":"Turbo","floor":36},{"not_picked":["ReplayTheSpireMod:GoodbyeWorld+1","Recycle"],"picked":"Conserve Battery","floor":36}],"player_experience":248333,"relics_obtained":[{"floor":8,"key":"Pear"},{"floor":9,"key":"ReplayTheSpireMod:Lightbulb"},{"floor":11,"key":"Replay:Towering Pillar of Hats"},{"floor":13,"key":"Odd Mushroom"},{"floor":14,"key":"Pen Nib"},{"floor":24,"key":"Smiling Mask"},{"floor":26,"key":"Chameleon Ring"},{"floor":29,"key":"Iron Hammer"},{"floor":34,"key":"infinitespire:Beetle Shell"},{"floor":34,"key":"infinitespire:FocusingShard"},{"floor":34,"key":"Unceasing Top"},{"floor":36,"key":"Replay:Bottled Snecko"}],"event_choices":[{"damage_healed":0,"gold_gain":0,"player_choice":"Entered Light","damage_taken":15,"max_hp_gain":0,"max_hp_loss":0,"event_name":"Shining Light","floor":2,"gold_loss":0,"cards_upgraded":["Zap","Defend_B"]},{"damage_healed":0,"gold_gain":0,"player_choice":"Fought Mushrooms","damage_taken":0,"max_hp_gain":0,"max_hp_loss":0,"event_name":"Mushrooms","floor":13,"gold_loss":0},{"damage_healed":0,"gold_gain":0,"player_choice":"Forge","damage_taken":0,"max_hp_gain":0,"max_hp_loss":0,"event_name":"Accursed Blacksmith","floor":21,"gold_loss":0,"cards_upgraded":["Ball Lightning"]},{"cards_removed":["Defend_B"],"damage_healed":0,"gold_gain":0,"player_choice":"Removed Skill","damage_taken":0,"max_hp_gain":0,"max_hp_loss":0,"event_name":"Falling","floor":37,"gold_loss":0}],"is_beta":false,"boss_relics":[{"not_picked":["Pandora\u0027s Box","Velvet Choker"],"picked":"Fusion Hammer"},{"not_picked":["Replay:Ancient Bell","ReplayTheSpireMod:DimensionalGlitch"],"picked":"Calling Bell"}],"items_purged_floors":[],"is_endless":true,"potions_floor_spawned":[1,4,12,13,24,28,29,30,31,33,35,38],"killed_by":"Nightmare_Alpha","ascension_level":0}}