{"host":"61r95uy0hn86b9iu","time":1609731333,"event":{"mods":["AchievementEnabler","BaseMod","Better Vampires","BetterRewards","Colored Powertips","Hubris","Minty Spire (QoL Compilation)","Shop Mod","StSLib"],"gold_per_floor":[116,191,3,23,23,56,56,72,72,83,100,6,23,36,36,138,138,152,152,166,183,201,201,216,284,284,284,168,180,6,18,18,118,118,132,132,147,197,13,39,4,4,29,47,47,47,74,90,90,90],"floor_reached":51,"playtime":3644,"items_purged":["Strike_R","Strike_R","Strike_R"],"score":961,"play_id":"204030b5-34ba-49bd-9a96-062c5c010b37","local_time":"20210103213533","is_ascension_mode":false,"campfire_choices":[{"floor":7.0,"key":"REST"},{"data":"Apotheosis","floor":15.0,"key":"SMITH"},{"floor":23.0,"key":"REST"},{"floor":27.0,"key":"REST"},{"floor":32.0,"key":"REST"},{"data":"Demon Form","floor":42.0,"key":"SMITH"},{"floor":49,"key":"REST"}],"circlet_count":0,"master_deck":["Strike_R","Strike_R","Defend_R","Defend_R","Defend_R","Defend_R","Bash","Flame Barrier","Apotheosis+1","Body Slam","Heavy Blade","Flex","Clash","Shrug It Off","Feed","Pommel Strike+1","hubris:SharpeningStone+1","Rage+1","Shrug It Off","Feed","Inflame+1","Shockwave","Demon Form+1","Clothesline+1","Spot Weakness","Whirlwind","Flame Barrier+1"],"relics":["Burning Blood","Kunai","MerchantsRug","Pantograph","hubris:ChampionShield","hubris:TinFlute","Omamori","hubris:PeanutButter","SacredBark","hubris:Icosahedron","hubris:SphereOfDissonance","Art of War"],"acts_visited":["Exordium","TheCity","TheBeyond"],"potions_floor_usage":[50,50],"damage_taken":[{"damage":2.0,"enemies":"2 Louse","floor":1.0,"turns":4.0},{"damage":11.0,"enemies":"Jaw Worm","floor":4.0,"turns":2.0},{"damage":30.0,"enemies":"Gremlin Nob","floor":6.0,"turns":5.0},{"damage":7.0,"enemies":"Cultist","floor":8.0,"turns":4.0},{"damage":7.0,"enemies":"3 Louse","floor":10.0,"turns":3.0},{"damage":18.0,"enemies":"Gremlin Gang","floor":11.0,"turns":5.0},{"damage":10.0,"enemies":"Exordium Thugs","floor":13.0,"turns":4.0},{"damage":13.0,"enemies":"Red Slaver","floor":14.0,"turns":3.0},{"damage":46.0,"enemies":"Slime Boss","floor":16.0,"turns":12.0},{"damage":12.0,"enemies":"Shell Parasite","floor":18.0,"turns":4.0},{"damage":20.0,"enemies":"3 Byrds","floor":20.0,"turns":7.0},{"damage":30.0,"enemies":"Snake Plant","floor":21.0,"turns":5.0},{"damage":26.0,"enemies":"Centurion and Healer","floor":22.0,"turns":8.0},{"damage":63.0,"enemies":"3 Cultists","floor":24.0,"turns":7.0},{"damage":5.0,"enemies":"Snecko","floor":29.0,"turns":6.0},{"damage":17.0,"enemies":"Shelled Parasite and Fungi","floor":31.0,"turns":7.0},{"damage":69.0,"enemies":"Automaton","floor":33.0,"turns":14.0},{"damage":17.0,"enemies":"3 Shapes","floor":35.0,"turns":7.0},{"damage":46.0,"enemies":"3 Darklings","floor":37.0,"turns":14.0},{"damage":6.0,"enemies":"Mind Bloom Boss Battle","floor":38.0,"turns":8.0},{"damage":46.0,"enemies":"Reptomancer","floor":40.0,"turns":5.0},{"damage":5.0,"enemies":"4 Shapes","floor":44.0,"turns":8.0},{"damage":51.0,"enemies":"Nemesis","floor":47.0,"turns":5.0},{"damage":0,"enemies":"Jaw Worm Horde","floor":48,"turns":4},{"damage":32,"enemies":"Time Eater","floor":50,"turns":8}],"seed_played":"5083411347246294225","potions_obtained":[{"floor":1.0,"key":"LiquidMemories"},{"floor":5.0,"key":"FairyPotion"},{"floor":5.0,"key":"FairyPotion"},{"floor":5.0,"key":"Strength Potion"},{"floor":8.0,"key":"SteroidPotion"},{"floor":16.0,"key":"Strength Potion"},{"floor":20.0,"key":"SkillPotion"},{"floor":21.0,"key":"LiquidMemories"},{"floor":31.0,"key":"SteroidPotion"},{"floor":38.0,"key":"SteroidPotion"},{"floor":44.0,"key":"CultistPotion"},{"floor":48,"key":"Block Potion"}],"is_trial":false,"path_per_floor":["M","?","$","M","?","E","R","M","T","M","M","$","M","M","R","B",null,"M","?","M","M","M","R","M","T","T","R","$","M","$","M","R","B",null,"M","?","M","?","$","E","$","R","T","M","?","T","E","M","R","B",null],"character_chosen":"IRONCLAD","items_purchased":["Kunai","MerchantsRug","Pantograph","Apotheosis","Lee\u0027s Waffle","Shrug It Off","hubris:PeanutButter","Demon Form"],"campfire_rested":5,"item_purchase_floors":[0,0,0,3,12,28,30,39],"current_hp_per_floor":[76,65,65,60,60,36,60,59,59,58,46,87,83,76,76,47,87,85,85,75,55,39,69,16,16,16,48,48,49,49,38,70,32,107,99,99,59,88,88,55,55,55,55,64,64,64,19,25,63,62],"gold":90,"neow_bonus":"","is_daily":false,"chose_seed":false,"campfire_upgraded":2,"win_rate":0.0,"timestamp":1609731333,"path_taken":["M","?","$","M","?","E","R","?","T","M","M","$","M","M","R","BOSS","M","?","M","?","M","R","M","?","T","R","$","M","$","?","R","BOSS","M","?","M","?","$","E","$","R","T","M","?","?","E","M","R","BOSS"],"items_purchased_type":["Relic","Relic","Relic","Card","Relic","Card","Relic","Card"],"build_version":"2020-12-22","purchased_purges":3,"victory":true,"max_hp_per_floor":[80,80,80,80,80,80,80,80,80,80,80,87,87,87,87,87,87,91,91,95,99,103,103,107,107,107,107,107,107,107,107,107,107,107,110,110,110,114,114,121,121,121,121,129,129,129,129,129,129,129],"card_choices":[{"not_picked":["Headbutt","hubris:CleavingFinish"],"picked":"Flame Barrier","floor":1.0},{"not_picked":["Cleave","Clothesline"],"picked":"Body Slam","floor":4.0},{"not_picked":["Anger","Thunderclap","Battle Trance"],"picked":"SKIP","floor":6.0},{"not_picked":["Blood for Blood","Dropkick"],"picked":"Heavy Blade","floor":8.0},{"not_picked":["Thunderclap","Heavy Blade","Battle Trance"],"picked":"SKIP","floor":10.0},{"not_picked":["Seeing Red","Fire Breathing"],"picked":"Flex","floor":11.0},{"not_picked":["Armaments","True Grit"],"picked":"Clash","floor":13.0},{"not_picked":["Rupture","Havoc"],"picked":"Shrug It Off","floor":14.0},{"not_picked":["Juggernaut","Berserk"],"picked":"Feed","floor":16.0},{"not_picked":["Twin Strike","Carnage","Thunderclap"],"picked":"SKIP","floor":18.0},{"not_picked":["Perfected Strike","Flex","Wild Strike+1"],"picked":"SKIP","floor":20.0},{"not_picked":["Dual Wield","Armaments"],"picked":"Pommel Strike+1","floor":21.0},{"not_picked":["hubris:CleavingFinish+1","Feed"],"picked":"hubris:SharpeningStone+1","floor":22.0},{"not_picked":["Headbutt","Intimidate"],"picked":"Rage+1","floor":24.0},{"not_picked":["Wild Strike+1","Havoc","Flex"],"picked":"SKIP","floor":29.0},{"not_picked":["Wild Strike","hubris:SharpeningStone","Power Through"],"picked":"SKIP","floor":31.0},{"not_picked":["Double Tap","Bludgeon"],"picked":"Feed","floor":33.0},{"not_picked":["Warcry","Headbutt+1"],"picked":"Inflame+1","floor":35.0},{"not_picked":["Pummel+1","Armaments","Warcry+1"],"picked":"SKIP","floor":37.0},{"not_picked":["hubris:ReadiedAction+1","Disarm"],"picked":"Shockwave","floor":38.0},{"not_picked":["Shockwave","Ghostly Armor+1"],"picked":"Clothesline+1","floor":40.0},{"not_picked":["Power Through","Blood for Blood+1","Shrug It Off+1"],"picked":"SKIP","floor":44.0},{"not_picked":["Reckless Charge+1","Second Wind+1"],"picked":"Whirlwind","floor":47.0},{"not_picked":["Perfected Strike+1","Heavy Blade+1"],"picked":"Flame Barrier+1","floor":48}],"player_experience":3210350,"relics_obtained":[{"floor":6.0,"key":"hubris:ChampionShield"},{"floor":9.0,"key":"Blue Candle"},{"floor":25.0,"key":"hubris:TinFlute"},{"floor":26.0,"key":"Omamori"},{"floor":38.0,"key":"hubris:Zylophone"},{"floor":40.0,"key":"Strawberry"},{"floor":46.0,"key":"hubris:SphereOfDissonance"},{"floor":47.0,"key":"Art of War"}],"event_choices":[{"damage_healed":0.0,"max_hp_gain":0.0,"max_hp_loss":0.0,"gold_gain":75.0,"event_name":"World of Goop","player_choice":"Gather Gold","floor":2.0,"gold_loss":0.0,"damage_taken":11.0},{"damage_healed":0.0,"max_hp_gain":0.0,"max_hp_loss":0.0,"gold_gain":0.0,"event_name":"Lab","player_choice":"Got Potions","floor":5.0,"gold_loss":0.0,"damage_taken":0.0},{"damage_healed":0.0,"max_hp_gain":0.0,"max_hp_loss":0.0,"gold_gain":0.0,"event_name":"N\u0027loth","player_choice":"Traded Relic","floor":19.0,"relics_lost":["Philosopher\u0027s Stone"],"gold_loss":0.0,"damage_taken":0.0,"relics_obtained":["Nloth\u0027s Gift"]},{"damage_healed":0.0,"max_hp_gain":0.0,"max_hp_loss":0.0,"gold_gain":0.0,"event_name":"MindBloom","player_choice":"Fight","floor":38.0,"gold_loss":0.0,"damage_taken":0.0}],"is_beta":false,"boss_relics":[{"not_picked":["Runic Dome","hubris:HollowSoul"],"picked":"Philosopher\u0027s Stone"},{"not_picked":["hubris:Stopwatch","Empty Cage"],"picked":"SacredBark"}],"items_purged_floors":[28,39,41],"is_endless":false,"potions_floor_spawned":[1,8,11,13,14,16,20,21,31,38,44,48],"ascension_level":0}}