{"host":"pf47v7h0307523iy","time":1609780294,"event":{"mods":["BaseMod","Minty Spire (QoL Compilation)"],"gold_per_floor":[119,133,146,156,172,198,198,198,198],"floor_reached":8,"playtime":580,"items_purged":[],"score":120,"play_id":"6a41cf2c-1842-4e7a-81a7-eacdad09b7cc","local_time":"20210104191134","is_ascension_mode":true,"campfire_choices":[{"floor":7,"key":"REST"}],"circlet_count":0,"master_deck":["AscendersBane","Strike_G","Strike_G","Strike_G","Strike_G","Strike_G","Defend_G","Defend_G","Defend_G","Defend_G","Defend_G","Survivor","Neutralize","Backflip","PiercingWail","Dash","Bouncing Flask","Sucker Punch","Crippling Poison"],"relics":["Ring of the Snake","Dream Catcher","Potion Belt"],"acts_visited":["Exordium"],"potions_floor_usage":[6,8],"damage_taken":[{"damage":3,"enemies":"Small Slimes","floor":1,"turns":6},{"damage":3,"enemies":"2 Louse","floor":2,"turns":5},{"damage":6,"enemies":"Jaw Worm","floor":3,"turns":10},{"damage":0,"enemies":"Red Slaver","floor":4,"turns":5},{"damage":4,"enemies":"Exordium Wildlife","floor":5,"turns":6},{"damage":38,"enemies":"Lagavulin","floor":6,"turns":7},{"damage":38,"enemies":"Gremlin Nob","floor":8,"turns":4}],"seed_played":"-5631338653841590399","potions_obtained":[{"floor":4,"key":"CunningPotion"},{"floor":6,"key":"Strength Potion"}],"is_trial":false,"path_per_floor":["M","M","M","M","M","E","R","E"],"character_chosen":"THE_SILENT","items_purchased":[],"campfire_rested":1,"item_purchase_floors":[],"current_hp_per_floor":[56,53,47,47,43,5,24,0,0],"gold":198,"neow_bonus":"RANDOM_COMMON_RELIC","is_daily":false,"chose_seed":false,"campfire_upgraded":0,"win_rate":0.0,"timestamp":1609780294,"path_taken":["M","M","M","M","M","E","R","E"],"items_purchased_type":[],"build_version":"2020-12-22","purchased_purges":0,"victory":false,"max_hp_per_floor":[66,66,66,66,66,66,66,66,66],"card_choices":[{"not_picked":["Prepared","Acrobatics"],"picked":"Backflip","floor":1},{"not_picked":["Bane","Setup"],"picked":"PiercingWail","floor":2},{"not_picked":["Distraction","Storm of Steel"],"picked":"Dash","floor":3},{"not_picked":["Choke","Sucker Punch"],"picked":"Bouncing Flask","floor":4},{"not_picked":["Deflect","Flechettes","Choke"],"picked":"SKIP","floor":5},{"not_picked":["Quick Slash","Backflip"],"picked":"Sucker Punch","floor":6},{"not_picked":["Setup","Slice"],"picked":"Crippling Poison","floor":7}],"player_experience":1582928,"relics_obtained":[{"floor":6,"key":"Potion Belt"}],"event_choices":[],"is_beta":false,"boss_relics":[],"items_purged_floors":[],"is_endless":false,"potions_floor_spawned":[4,6],"killed_by":"Gremlin Nob","ascension_level":20}}