{"host":"7h92ovu14wtbhddo","time":1609774854,"event":{"mods":["AchievementEnabler","BaseMod","Downfall","Minty Spire (QoL Compilation)","StSLib","SuperFastMode"],"gold_per_floor":[0,13,29,44,59,92,92,17,44,59,78,106,121,138,150,252,252,252,267,286,286,386,386,409,182,182,75,89,89,122,145,162,261,261,186,204,219,230,230,247,272,283,333,378,389,88,88,117,42,42,42,72,72,72,72],"floor_reached":56,"playtime":3375,"items_purged":["Shame","Guardian:ShieldSpikes"],"score":1469,"play_id":"b8a2a00e-35df-41e3-ac0f-7522c069673e","local_time":"20210104234054","is_ascension_mode":true,"campfire_choices":[{"floor":1.0,"key":"RECALL"},{"data":"Guardian:Suspension","floor":8.0,"key":"SMITH"},{"data":"Guardian:SentryBeam","floor":18.0,"key":"SMITH"},{"data":"Guardian:ExploitGems","floor":29.0,"key":"SMITH"},{"data":"Guardian:CompilePackage","floor":35.0,"key":"SMITH"},{"data":"J.A.X.","floor":47.0,"key":"SMITH"},{"floor":49.0,"key":"REST"},{"data":"Guardian:DecasProtection","floor":54,"key":"SMITH"}],"circlet_count":0,"master_deck":["Guardian:Strike_Guardian","Guardian:Strike_Guardian","Guardian:Defend_Guardian","Guardian:Defend_Guardian","Guardian:Defend_Guardian","Guardian:Defend_Guardian","Guardian:CurlUp","Guardian:TwinSlam","Guardian:PrimingBeam","Guardian:PolyBeam","Guardian:DecasProtection+1","Guardian:Suspension+1","Guardian:SentryBeam+1","Guardian:MultiBeam","Guardian:ExploitGems+1","J.A.X.+1","Guardian:VentSteam+1","Guardian:ExploitGems","Guardian:EvasiveProtocol","Guardian:ExploitGems","Guardian:CompilePackage+1","Guardian:PolyBeam","Guardian:DonusPower+1","Guardian:PrismaticBeam+1"],"relics":["Guardian:ModeShifter","Pocketwatch","Lantern","downfall:HeartBlessingRed","Shuriken","Guardian:StasisSlotReductionRelic","Mango","MutagenicStrength","downfall:RedIOU","Ancient Tea Set","Bag of Preparation","Runic Pyramid","downfall:HeartBlessingBlue","Bag of Marbles","Calipers","Ginger","Letter Opener","Strange Spoon","Strawberry","downfall:HeartBlessingGreen","Guardian:PickAxe"],"acts_visited":["TheCity","TheBeyond","TheEnding"],"potions_floor_usage":[],"damage_taken":[{"damage":0.0,"enemies":"2 Louse","floor":2.0,"turns":4.0},{"damage":0.0,"enemies":"Small Slimes","floor":3.0,"turns":3.0},{"damage":0.0,"enemies":"Cultist","floor":4.0,"turns":3.0},{"damage":3.0,"enemies":"Blue Slaver","floor":5.0,"turns":5.0},{"damage":15.0,"enemies":"3 Sentries","floor":6.0,"turns":7.0},{"damage":1.0,"enemies":"Lagavulin","floor":9.0,"turns":6.0},{"damage":6.0,"enemies":"Lots of Slimes","floor":10.0,"turns":3.0},{"damage":6.0,"enemies":"2 Fungi Beasts","floor":11.0,"turns":3.0},{"damage":17.0,"enemies":"3 Sentries","floor":12.0,"turns":7.0},{"damage":0.0,"enemies":"3 Louse","floor":13.0,"turns":3.0},{"damage":11.0,"enemies":"Exordium Thugs","floor":14.0,"turns":3.0},{"damage":8.0,"enemies":"Red Slaver","floor":15.0,"turns":2.0},{"damage":11.0,"enemies":"downfall:Watcher","floor":16.0,"turns":6.0},{"damage":0.0,"enemies":"Spheric Guardian","floor":19.0,"turns":3.0},{"damage":18.0,"enemies":"Cultist and Chosen","floor":20.0,"turns":5.0},{"damage":17.0,"enemies":"downfall:Augmenter","floor":22.0,"turns":5.0},{"damage":3.0,"enemies":"downfall:FleeingMerchant","floor":25.0,"turns":4.0},{"damage":3.0,"enemies":"downfall:FleeingMerchant","floor":27.0,"turns":4.0},{"damage":3.0,"enemies":"3 Cultists","floor":28.0,"turns":4.0},{"damage":7.0,"enemies":"Book of Stabbing","floor":30.0,"turns":4.0},{"damage":3.0,"enemies":"Sentry and Sphere","floor":32.0,"turns":3.0},{"damage":21.0,"enemies":"downfall:Silent","floor":33.0,"turns":6.0},{"damage":3.0,"enemies":"Orb Walker","floor":36.0,"turns":1.0},{"damage":10.0,"enemies":"3 Darklings","floor":37.0,"turns":3.0},{"damage":9.0,"enemies":"Maw","floor":38.0,"turns":5.0},{"damage":11.0,"enemies":"Sphere and 2 Shapes","floor":40.0,"turns":3.0},{"damage":3.0,"enemies":"Spire Growth","floor":42.0,"turns":2.0},{"damage":0.0,"enemies":"Mind Bloom Boss Battle","floor":43.0,"turns":3.0},{"damage":10.0,"enemies":"2 Orb Walkers","floor":44.0,"turns":3.0},{"damage":3.0,"enemies":"Maw","floor":45.0,"turns":4.0},{"damage":0.0,"enemies":"downfall:FleeingMerchant","floor":46.0,"turns":1.0},{"damage":0.0,"enemies":"Reptomancer","floor":48.0,"turns":2.0},{"damage":3.0,"enemies":"downfall:Defect","floor":50.0,"turns":3.0},{"damage":26.0,"enemies":"downfall:CharBossMerchant","floor":52.0,"turns":4.0},{"damage":23,"enemies":"downfall:NeowBoss","floor":55,"turns":14}],"seed_played":"2877336935596046795","potions_obtained":[{"floor":3.0,"key":"hexamod:EctoCoolerPotion"},{"floor":5.0,"key":"SmokeBomb"},{"floor":6.0,"key":"Regen Potion"},{"floor":19.0,"key":"champ:CounterPotion"},{"floor":43.0,"key":"PowerPotion"},{"floor":44.0,"key":"Fire Potion"}],"is_trial":false,"path_per_floor":["R","M","M","M","M","E","T","R","E","M","M","E","M","M","M","B",null,"R","M","M","?","?","?","T","$","?","$","M","R","E","T","M","B",null,"R","M","M","M","?","M","T","M","?","?","M","$","R","E","R","B",null,"E","$","R","B",null],"character_chosen":"GUARDIAN","items_purchased":["Guardian:ExploitGems","Guardian:Gem_Blue","Guardian:Gem_Red","Guardian:Gem_Synthetic","Letter Opener","Strange Spoon"],"campfire_rested":1,"item_purchase_floors":[25,27,27,46,46,46],"current_hp_per_floor":[80,80,80,80,77,62,62,62,61,55,49,32,32,21,13,22,80,80,80,62,76,59,59,59,56,56,53,50,50,43,43,40,19,94,104,101,91,82,82,71,71,68,68,58,55,55,55,62,95,92,111,85,85,85,62],"gold":72,"neow_bonus":"ONE_RARE_RELIC","is_daily":false,"chose_seed":false,"campfire_upgraded":6,"win_rate":0.0,"timestamp":1609774854,"path_taken":["R","M","M","M","M","E","T","R","E","M","M","E","M","M","M","BOSS","R","M","M","?","?","?","T","$","?","$","M","R","E","?","M","BOSS","R","M","M","?","?","?","T","M","?","?","M","$","R","E","R","BOSS","E","$","R","BOSS"],"items_purchased_type":["Card","Card","Card","Card","Relic","Relic"],"build_version":"2020-12-22","purchased_purges":2,"victory":true,"max_hp_per_floor":[80,80,80,80,80,80,80,80,80,80,80,80,80,80,80,80,80,80,80,80,94,94,94,94,94,94,94,94,94,94,94,94,94,94,104,104,104,104,104,104,104,104,104,104,104,104,104,111,111,111,111,111,111,111,111],"card_choices":[{"not_picked":["Guardian:Incinerate","Guardian:WalkerClaw"],"picked":"Guardian:PrimingBeam","floor":2.0},{"not_picked":["Guardian:VentSteam","Guardian:Incinerate"],"picked":"Guardian:Preprogram","floor":3.0},{"not_picked":["Guardian:ArmoredProtocol","Guardian:ConstructionForm"],"picked":"Guardian:PolyBeam","floor":4.0},{"not_picked":["Guardian:Emergency","Guardian:ChargeCore"],"picked":"Guardian:DecasProtection","floor":5.0},{"not_picked":["Guardian:ShieldCharger","Guardian:VentSteam"],"picked":"Guardian:Suspension","floor":6.0},{"not_picked":["Guardian:Preprogram","Guardian:Harden"],"picked":"Guardian:Gem_Fragmented","floor":9.0},{"not_picked":["Guardian:Gem_Red","Guardian:TemporalShield"],"picked":"Guardian:Gem_Fragmented","floor":10.0},{"not_picked":["Guardian:Reroute","Guardian:CrystalBeam","Guardian:PrimingBeam"],"picked":"SKIP","floor":11.0},{"not_picked":["Guardian:BronzeArmor","Guardian:Reroute"],"picked":"Guardian:SentryBeam","floor":12.0},{"not_picked":["Guardian:Planning","Guardian:Reroute","Guardian:PrimingBeam"],"picked":"SKIP","floor":13.0},{"not_picked":["Guardian:Recover","Guardian:Gem_Cyan","Guardian:PrimingBeam"],"picked":"SKIP","floor":14.0},{"not_picked":["Guardian:Gem_Red","Guardian:Repulse"],"picked":"Guardian:MultiBeam","floor":15.0},{"not_picked":["Guardian:HyperBeam_Guardian","Guardian:BaubleBeam"],"picked":"Guardian:ExploitGems","floor":16.0},{"not_picked":["Guardian:Harden","Guardian:CrystalBeam","Guardian:PiercingHide"],"picked":"SKIP","floor":19.0},{"not_picked":["Guardian:Gem_Cyan","Guardian:CrystalBeam+1","Guardian:Suspension+1"],"picked":"SKIP","floor":20.0},{"not_picked":[],"picked":"J.A.X.","floor":22.0},{"not_picked":["Guardian:TemporalStrike","Guardian:ShieldCharger"],"picked":"Guardian:VentSteam+1","floor":25.0},{"not_picked":["Guardian:FuturePlans","Guardian:Reroute","Guardian:VentSteam"],"picked":"SKIP","floor":27.0},{"not_picked":["Guardian:Emergency","Guardian:Suspension"],"picked":"Guardian:EvasiveProtocol","floor":28.0},{"not_picked":["Guardian:PrimingBeam","Guardian:Recover"],"picked":"Guardian:ExploitGems","floor":30.0},{"not_picked":["Guardian:TemporalShield","Guardian:Planning"],"picked":"Guardian:Gem_Lightblue","floor":32.0},{"not_picked":["Guardian:GatlingBeam","Guardian:AncientConstruct"],"picked":"Guardian:CompilePackage","floor":33.0},{"not_picked":["Guardian:TemporalStrike+1","Guardian:FloatingOrbs"],"picked":"Guardian:Gem_Red","floor":36.0},{"not_picked":["Guardian:TimeBomb+1","Guardian:MultiBeam","Guardian:Suspension"],"picked":"SKIP","floor":37.0},{"not_picked":["Guardian:Planning","Guardian:Gem_Lightblue"],"picked":"Guardian:Gem_Yellow","floor":38.0},{"not_picked":["Guardian:Suspension","Guardian:GuardianWhirl"],"picked":"Guardian:Gem_Fragmented","floor":40.0},{"not_picked":["Guardian:Incinerate+1","Guardian:MultiBeam+1"],"picked":"Guardian:PolyBeam","floor":42.0},{"not_picked":["Guardian:CrystalBeam","Guardian:TemporalStrike+1"],"picked":"Guardian:DonusPower+1","floor":44.0},{"not_picked":["Guardian:SpikerProtocol","Guardian:Recover","Guardian:ShieldCharger"],"picked":"SKIP","floor":45.0},{"not_picked":["Guardian:BronzeOrb+1","Guardian:Planning+1"],"picked":"Guardian:PrismaticBeam+1","floor":46.0},{"not_picked":["Guardian:Recover+1","Guardian:CrystalBeam"],"picked":"Guardian:Gem_Red","floor":48.0},{"not_picked":["Guardian:ConstructionForm","Guardian:Recover","Guardian:PiercingHide+1"],"picked":"SKIP","floor":52.0}],"player_experience":328503,"relics_obtained":[{"floor":6.0,"key":"Lantern"},{"floor":7.0,"key":"Oddly Smooth Stone"},{"floor":9.0,"key":"Shuriken"},{"floor":12.0,"key":"Toy Ornithopter"},{"floor":22.0,"key":"MutagenicStrength"},{"floor":24.0,"key":"Ancient Tea Set"},{"floor":30.0,"key":"Bag of Preparation"},{"floor":41.0,"key":"Bag of Marbles"},{"floor":43.0,"key":"Calipers"},{"floor":44.0,"key":"Ginger"},{"floor":48.0,"key":"Strawberry"},{"floor":52.0,"key":"Guardian:PickAxe"}],"event_choices":[{"damage_healed":0.0,"max_hp_gain":0.0,"max_hp_loss":0.0,"gold_gain":0.0,"event_name":"Addict","player_choice":"Stole Relic","floor":21.0,"gold_loss":0.0,"damage_taken":0.0,"relics_obtained":["Mango"],"cards_obtained":["Shame"]},{"cards_removed":["Guardian:Strike_Guardian"],"damage_healed":0.0,"max_hp_gain":0.0,"max_hp_loss":0.0,"gold_gain":0.0,"event_name":"Back to Basics","player_choice":"Elegance","floor":26.0,"gold_loss":0.0,"damage_taken":0.0},{"damage_healed":0.0,"max_hp_gain":0.0,"max_hp_loss":0.0,"gold_gain":0.0,"event_name":"Mysterious Sphere","player_choice":"Fight","floor":44.0,"gold_loss":0.0,"damage_taken":0.0}],"is_beta":false,"boss_relics":[{"not_picked":["Velvet Choker","SacredBark"],"picked":"Guardian:StasisSlotReductionRelic"},{"not_picked":["Black Star","Calling Bell"],"picked":"Runic Pyramid"}],"items_purged_floors":[25,46],"is_endless":false,"potions_floor_spawned":[3,5,6,9,12,13,19,28,30,40,43,44,48],"ascension_level":3}}