{"host":"ny8d3l8bgdsotmhm","time":1609737001,"event":{"mods":["BaseMod","Downfall","Minty Spire (QoL Compilation)","StSLib"],"gold_per_floor":[99,99,99,99,99,99,99,131,131,148,158,208,236,236,253,352,352,227,244,244,258,269,219,219,169,196,211,221,238,188,188,201,303,303,253,268,268,318,318,344,344,29,29,29,29,48,48,64,75,75],"floor_reached":51,"playtime":3708,"items_purged":[],"score":676,"play_id":"6f4d2343-3a46-4c89-939a-47fe70a01ede","local_time":"20210104001001","is_ascension_mode":false,"campfire_choices":[{"data":"Slimebound:CorrosiveSpit","floor":1,"key":"SMITH"},{"data":"Slimebound:DisruptingSlam","floor":18,"key":"SMITH"},{"floor":23,"key":"REST"},{"data":"Slimebound:CheckThePlaybook","floor":25,"key":"SMITH"},{"floor":30,"key":"REST"},{"data":"Slimebound:SlimeSlap","floor":35,"key":"SMITH"},{"floor":45,"key":"REST"},{"data":"Slimebound:OozeBath","floor":47,"key":"SMITH"}],"circlet_count":0,"master_deck":["Slimebound:Tackle","Slimebound:Defend_Slimebound","Slimebound:Defend_Slimebound","Slimebound:Defend_Slimebound","Slimebound:Split","Slimebound:CorrosiveSpit+1","Slimebound:LeechingTouch","Slimebound:DisruptingSlam+1","Slimebound:Schlurp","Slimebound:OozeBath+1","Slimebound:SlimeTap","Slimebound:SamplingLick","Slimebound:SplitMire","Slimebound:LeechingTouch","Slimebound:RallyTheTroops","Slimebound:Equalize+1","Slimebound:MinionMaster+1","Slimebound:SelfFormingGoo+1","Slimebound:SplitMire","Slimebound:CheckThePlaybook+1","Slimebound:SplitMire+1","Slimebound:PressTheAttack+1","Slimebound:SamplingLick","Slimebound:LivingWall+1","Slimebound:SplitAcid","Slimebound:GrowthPunch","Slimebound:GoopSpray","Slimebound:SamplingLick+1","Slimebound:Darklings","Slimebound:RainOfGoop","Slimebound:SlimeTap+1","Pain","Slimebound:ProtectTheBoss+1","expansioncontent:QuickStudy","Slimebound:LevelUp","Slimebound:Repurpose","Slimebound:SlimeSlap","Slimebound:OneTwoCombo","Slimebound:HauntingLick","Slimebound:MegaLick","expansioncontent:HyperBeam","Slimebound:TongueLash+1","Parasite","Slimebound:LeechingTouch+1"],"relics":["Slimebound:AbsorbEndCombat","downfall:HeartsMalice","Slimebound:GreedOozeRelic","Kunai","Pen Nib","Vajra","Astrolabe","downfall:HeartBlessingGreen","Strawberry","Thread and Needle","Cursed Key","WingedGreaves","Letter Opener","Mummified Hand"],"acts_visited":["Exordium","TheCity","TheBeyond"],"potions_floor_usage":[10,13,16,21,21,22,26,29,29,39,50,50],"damage_taken":[{"damage":0,"enemies":"Small Slimes","floor":2,"turns":1},{"damage":0,"enemies":"2 Louse","floor":5,"turns":1},{"damage":0,"enemies":"Cultist","floor":6,"turns":1},{"damage":18,"enemies":"3 Sentries","floor":8,"turns":6},{"damage":19,"enemies":"Exordium Wildlife","floor":10,"turns":5},{"damage":4,"enemies":"3 Louse","floor":11,"turns":2},{"damage":8,"enemies":"Lagavulin","floor":13,"turns":6},{"damage":11,"enemies":"Blue Slaver","floor":15,"turns":2},{"damage":50,"enemies":"downfall:Ironclad","floor":16,"turns":6},{"damage":8,"enemies":"Spheric Guardian","floor":19,"turns":3},{"damage":33,"enemies":"Snake Plant","floor":21,"turns":2},{"damage":20,"enemies":"3 Cultists","floor":22,"turns":3},{"damage":48,"enemies":"Book of Stabbing","floor":26,"turns":4},{"damage":30,"enemies":"Snecko","floor":27,"turns":5},{"damage":12,"enemies":"Snake Plant","floor":28,"turns":3},{"damage":8,"enemies":"Centurion and Healer","floor":29,"turns":3},{"damage":11,"enemies":"Sentry and Sphere","floor":32,"turns":4},{"damage":63,"enemies":"downfall:Watcher","floor":33,"turns":7},{"damage":4,"enemies":"3 Darklings","floor":36,"turns":3},{"damage":24,"enemies":"Mind Bloom Boss Battle","floor":38,"turns":2},{"damage":25,"enemies":"2 Orb Walkers","floor":39,"turns":3},{"damage":38,"enemies":"Reptomancer","floor":40,"turns":6},{"damage":26,"enemies":"downfall:FleeingMerchant","floor":42,"turns":4},{"damage":9,"enemies":"downfall:FleeingMerchant","floor":46,"turns":3},{"damage":9,"enemies":"Orb Walker","floor":48,"turns":2},{"damage":27,"enemies":"Writhing Mass","floor":49,"turns":4},{"damage":66,"enemies":"downfall:Silent","floor":50,"turns":6}],"seed_played":"1706867970489339501","potions_obtained":[{"floor":8,"key":"Regen Potion"},{"floor":9,"key":"DuplicationPotion"},{"floor":9,"key":"Slimebound:SpawnSlimePotion"},{"floor":10,"key":"champ:CounterPotion"},{"floor":15,"key":"SteroidPotion"},{"floor":16,"key":"BlessingOfTheForge"},{"floor":22,"key":"SkillPotion"},{"floor":26,"key":"Strength Potion"},{"floor":28,"key":"DistilledChaos"},{"floor":38,"key":"SmokeBomb"},{"floor":49,"key":"EssenceOfSteel"}],"is_trial":false,"path_per_floor":["R","M","?","?","M","M","T","E","?","M","M","T","E","?","M","B",null,"R","M","?","M","M","R","T","R","E","M","M","M","R","?","M","B",null,"R","M","?","?","?","E","T","$","?","?","R","$","R","M","M","B",null],"character_chosen":"SLIMEBOUND","items_purchased":["expansioncontent:QuickStudy","Slimebound:LevelUp","Slimebound:Repurpose","Slimebound:HauntingLick","Slimebound:MegaLick","expansioncontent:HyperBeam","SkillPotion"],"campfire_rested":3,"item_purchase_floors":[42,42,42,46,46,46,46],"current_hp_per_floor":[60,60,60,60,60,60,60,52,52,50,52,52,54,54,55,25,60,60,60,39,30,36,54,61,61,29,27,31,39,59,59,62,26,67,67,67,67,57,48,40,40,50,50,50,67,67,67,66,55,35],"gold":75,"neow_bonus":"THREE_ENEMY_KILL","is_daily":false,"chose_seed":false,"campfire_upgraded":5,"win_rate":0.0,"timestamp":1609737001,"path_taken":["R","M","?","?","M","M","T","E","?","?","M","?","E","?","M","BOSS","R","M","?","M","M","R","T","R","E","M","M","M","R","?","M","BOSS","R","M","?","?","?","E","T","?","?","?","R","$","R","M","M","BOSS"],"items_purchased_type":["Card","Card","Card","Card","Card","Card","Potion"],"build_version":"2020-12-22","purchased_purges":0,"victory":true,"max_hp_per_floor":[60,60,60,60,60,60,60,60,60,60,60,60,60,60,60,60,60,60,60,60,60,60,60,67,67,67,67,67,67,67,67,67,67,67,67,67,67,67,67,67,67,67,67,67,67,67,67,67,67,67],"card_choices":[{"not_picked":["Slimebound:Schlurp","Slimebound:SplitMire"],"picked":"Slimebound:LeechingTouch","floor":2},{"not_picked":["Slimebound:FinishingTackle","Slimebound:SlimeSpikes"],"picked":"Slimebound:DisruptingSlam","floor":5},{"not_picked":["Slimebound:SlimeTap","Slimebound:Replication"],"picked":"Slimebound:Schlurp","floor":6},{"not_picked":["Slimebound:ComboTackle","Slimebound:Schlurp"],"picked":"Slimebound:OozeBath","floor":8},{"not_picked":["Slimebound:SplitLeeching","Slimebound:FlameTackle"],"picked":"Slimebound:SlimeTap","floor":10},{"not_picked":["Slimebound:Dissolve","Slimebound:SplitBruiser"],"picked":"Slimebound:SamplingLick","floor":11},{"not_picked":["Slimebound:LeechingTouch","Slimebound:Prepare"],"picked":"Slimebound:SplitMire","floor":13},{"not_picked":["Slimebound:SlimeSpikes","Slimebound:FormOfPuddle"],"picked":"Slimebound:LeechingTouch","floor":15},{"not_picked":["Slimebound:SelfFormingGoo","Slimebound:WasteNot"],"picked":"Slimebound:RallyTheTroops","floor":16},{"not_picked":["Slimebound:ComboTackle","Slimebound:RollThrough"],"picked":"Slimebound:SplitMire","floor":19},{"not_picked":["Slimebound:SplitAcid+1","Slimebound:BestDefense+1"],"picked":"Slimebound:SplitMire+1","floor":21},{"not_picked":["Slimebound:Prepare","Slimebound:Schlurp"],"picked":"Slimebound:PressTheAttack+1","floor":22},{"not_picked":["Slimebound:Schlurp","Slimebound:BestDefense"],"picked":"Slimebound:SamplingLick","floor":26},{"not_picked":["Slimebound:Gluttony","Slimebound:RejuvenatingLick"],"picked":"Slimebound:LivingWall+1","floor":27},{"not_picked":["Slimebound:SamplingLick","Slimebound:PressTheAttack"],"picked":"Slimebound:SplitAcid","floor":28},{"not_picked":["Slimebound:Equalize","Slimebound:SplitLeeching"],"picked":"Slimebound:GrowthPunch","floor":29},{"not_picked":["Slimebound:SplitLeeching","Slimebound:PressTheAttack","Slimebound:PrepareCrush"],"picked":"SKIP","floor":32},{"not_picked":["Slimebound:DuplicatedForm","Slimebound:SelfFormingGoo"],"picked":"Slimebound:SlimeSlap","floor":33},{"not_picked":["Slimebound:GrowthPunch","Slimebound:SplitLeeching"],"picked":"Slimebound:SamplingLick+1","floor":36},{"not_picked":["Slimebound:LeechingTouch+1","Slimebound:SplitAcid+1"],"picked":"Slimebound:RainOfGoop","floor":38},{"not_picked":["Slimebound:SlimeBarrage+1","Slimebound:FinishingTackle"],"picked":"Slimebound:SlimeTap+1","floor":40},{"not_picked":["Slimebound:RollThrough","Slimebound:Schlurp"],"picked":"Slimebound:ProtectTheBoss+1","floor":42},{"not_picked":["Slimebound:PressTheAttack+1","Slimebound:SplitLeeching"],"picked":"Slimebound:OneTwoCombo","floor":46},{"not_picked":["Slimebound:Schlurp","Slimebound:LeechEnergy"],"picked":"Slimebound:TongueLash+1","floor":48},{"not_picked":["Slimebound:RollThrough+1","Slimebound:SplitLeeching"],"picked":"Slimebound:LeechingTouch+1","floor":49}],"player_experience":730911,"relics_obtained":[{"floor":7,"key":"Singing Bowl"},{"floor":8,"key":"Kunai"},{"floor":12,"key":"Pen Nib"},{"floor":13,"key":"Vajra"},{"floor":24,"key":"Strawberry"},{"floor":26,"key":"Thread and Needle"},{"floor":38,"key":"WingedGreaves"},{"floor":40,"key":"Letter Opener"},{"floor":41,"key":"Mummified Hand"}],"event_choices":[{"damage_healed":0,"gold_gain":0,"player_choice":"Read","damage_taken":0,"max_hp_gain":0,"max_hp_loss":0,"event_name":"The Library","floor":31,"gold_loss":0,"cards_obtained":["Slimebound:GoopSpray"]},{"damage_healed":0,"gold_gain":0,"player_choice":"Fight","damage_taken":0,"max_hp_gain":0,"max_hp_loss":0,"event_name":"Mysterious Sphere","floor":39,"gold_loss":0},{"cards_removed":["Slimebound:SlimeSlap"],"damage_healed":0,"gold_gain":0,"player_choice":"Removed Attack","damage_taken":0,"max_hp_gain":0,"max_hp_loss":0,"event_name":"Falling","floor":43,"gold_loss":0}],"is_beta":false,"boss_relics":[{"not_picked":["Fusion Hammer","Pandora\u0027s Box"],"picked":"Astrolabe"},{"not_picked":["Black Star","Snecko Eye"],"picked":"Cursed Key"}],"items_purged_floors":[],"is_endless":false,"potions_floor_spawned":[8,10,15,16,22,26,28,38,39,49],"ascension_level":0}}