{"host":"d8hh7rr4yzitjeuj","time":1609765989,"event":{"mods":["2.2 Compatiblity","AchievementEnabler","Act Like it!","BaseMod","Colored Map","Colored Powertips","Highlight Path","Keyboard Shortcuts","Minty Spire (QoL Compilation)","Permanent Neow","Quick Restart","StSLib","SuperFastMode"],"gold_per_floor":[116,133,133,133,147,147,72,87,87,1,30,30,44,60,60,60,60],"floor_reached":16,"playtime":518,"items_purged":["Strike_R"],"score":204,"play_id":"4cf63129-af84-435d-b5c4-5b5c949cc447","local_time":"20210104221309","is_ascension_mode":true,"campfire_choices":[{"data":"Body Slam","floor":6,"key":"SMITH"},{"floor":15,"key":"REST"}],"circlet_count":0,"master_deck":["AscendersBane","Strike_R","Strike_R","Strike_R","Strike_R","Defend_R","Defend_R+1","Defend_R","Defend_R","Bash","Body Slam+1","Clothesline+1","Pommel Strike","Entrench","Carnage","Body Slam+1","Shrug It Off","Shrug It Off"],"relics":["Burning Blood","StoneCalendar","Blood Vial","Question Card"],"acts_visited":["Exordium"],"potions_floor_usage":[11,16],"damage_taken":[{"damage":15,"enemies":"Jaw Worm","floor":1,"turns":4},{"damage":2,"enemies":"Small Slimes","floor":2,"turns":4},{"damage":2,"enemies":"2 Louse","floor":5,"turns":2},{"damage":1,"enemies":"Blue Slaver","floor":8,"turns":5},{"damage":35,"enemies":"3 Sentries","floor":11,"turns":7},{"damage":0,"enemies":"2 Fungi Beasts","floor":13,"turns":3},{"damage":9,"enemies":"Red Slaver","floor":14,"turns":3},{"damage":47,"enemies":"Hexaghost","floor":16,"turns":14}],"seed_played":"-9050118664463589733","potions_obtained":[{"floor":2,"key":"ElixirPotion"},{"floor":8,"key":"Block Potion"},{"floor":14,"key":"ElixirPotion"}],"is_trial":false,"path_per_floor":["M","M","?","?","M","R","$","M","T","$","E","?","M","M","R","B"],"character_chosen":"IRONCLAD","items_purchased":["Carnage"],"campfire_rested":1,"item_purchase_floors":[10],"current_hp_per_floor":[59,63,40,33,37,37,37,42,42,42,15,15,23,22,44,0,0],"gold":60,"neow_bonus":"ONE_RARE_RELIC","is_daily":false,"chose_seed":false,"campfire_upgraded":1,"win_rate":0.0,"timestamp":1609765989,"path_taken":["M","M","?","?","M","R","$","M","T","$","E","?","M","M","R","BOSS"],"items_purchased_type":["Card"],"build_version":"2020-12-22","purchased_purges":1,"victory":false,"max_hp_per_floor":[75,75,75,75,75,75,75,75,75,75,75,75,75,75,75,75,75],"card_choices":[{"not_picked":["True Grit","Armaments"],"picked":"Body Slam","floor":1},{"not_picked":["Infernal Blade","Rage"],"picked":"Clothesline","floor":2},{"not_picked":["Ghostly Armor","Thunderclap"],"picked":"Pommel Strike","floor":5},{"not_picked":["Heavy Blade","Iron Wave"],"picked":"Entrench","floor":8},{"not_picked":["Disarm","Rampage"],"picked":"Body Slam","floor":11},{"not_picked":["Burning Pact","Metallicize","Fire Breathing"],"picked":"Shrug It Off","floor":13},{"not_picked":["Clothesline","Juggernaut","Heavy Blade"],"picked":"Shrug It Off","floor":14}],"player_experience":1403934,"relics_obtained":[{"floor":9,"key":"Blood Vial"},{"floor":11,"key":"Question Card"}],"event_choices":[{"damage_healed":0,"gold_gain":0,"player_choice":"Entered Light","damage_taken":23,"max_hp_gain":0,"max_hp_loss":0,"event_name":"Shining Light","floor":3,"gold_loss":0,"cards_upgraded":["Clothesline","Defend_R"]},{"cards_removed":["Regret"],"damage_healed":0,"gold_gain":0,"player_choice":"Card Removal","damage_taken":7,"max_hp_gain":0,"max_hp_loss":0,"event_name":"Golden Wing","floor":4,"gold_loss":0},{"damage_healed":0,"gold_gain":0,"player_choice":"Grow","damage_taken":0,"max_hp_gain":0,"max_hp_loss":0,"event_name":"Living Wall","floor":12,"gold_loss":0,"cards_upgraded":["Body Slam"]}],"is_beta":false,"boss_relics":[],"items_purged_floors":[7],"is_endless":false,"potions_floor_spawned":[2,8,14],"killed_by":"Hexaghost","ascension_level":20}}