{"host":"4vq2xwkpdrxril92","time":1609768023,"event":{"mods":["BaseMod","Better Third Choice","Card Forge","Energized Spire","Fireblade Mod","Hubris","Minty Spire (QoL Compilation)","Quick Restart","Rare Cards Sparkle","Shop Mod","StSLib","The Cursed","Åy?ï®?îvÅzREMEMod"],"gold_per_floor":[153,213,213,246,246,321,210,312,339,414,450,540,642,642,642,927,927,960,1042,1042,898,898,1000,1090,1165,1211,1298,1298,1010,1166,1247,1247,1538,1538,1574,1574,1762,1801,1715,1817,1901,2039,2039,2090,1695,1797,1896,2001,2001,2313,2313,2343,2343,2297,2297,2434,2607,2694,2799,2822,2936,3059,2565,2565,2622,2622,2931,2931,2985,3018,2804,2885,2987,3077,3107,3107,3191,2885,2915,2960,2445,2478,2478,2763,2763,2826,2274,2349,2137,2194,2299,2374,2422,2518,2656,2758,2758,2851,2905,2905,3199,3199,3256,3256,3256],"floor_reached":104,"playtime":13756,"items_purged":[],"score":3719,"play_id":"0ddd2ab9-1bb8-42a9-85f3-336d2b96a648","local_time":"20210104224703","daily_mods":["SealedDeck","Red Cards","Heirloom","Time Dilation","Flight","Cursed Run","Elite Swarm","Lethality","Midas"],"is_ascension_mode":false,"campfire_choices":[{"floor":15,"key":"REST"},{"floor":32,"key":"DIG"},{"floor":49,"key":"DIG"},{"floor":66,"key":"DIG"},{"floor":83,"key":"DIG"},{"floor":100,"key":"DIG"}],"circlet_count":0,"master_deck":["Thunderclap+1","FireBladeMod:ComboCleave+1","FireBladeMod:ComboCleave+1","FireBladeMod:LightningCombo+1","FireBladeMod:LightningCombo+1","TheCursedMod:NeowsMight+1","Genetic Algorithm+1","Offering+1","REME_Scribble+1","FireBladeMod:Necronomisword+1","Burst+1","TheCursedMod:NeowsMight+1"],"relics":["Cursed Key","Darkstone Periapt","Du-Vu Doll","Hammer of Thor","Seething Fire","Anvil of the Gods","REME_ComplimentaryCards","FossilizedHelix","MealTicket","MerchantsRug","Bag of Preparation","Magic Flower","Pantograph","hubris:SlimyHat","hubris:Icosahedron","Sling","Akabeko","hubris:Potato","Letter Opener","Thread and Needle","Torii","hubris:ChampionShield","Nunchaku","hubris:BottledHeart","REME_OnlineShoppingPlatform","Shovel","Orichalcum","Eternal Feather","Centennial Puzzle","Unceasing Top","Medical Kit","Ice Cream","REME_ArchaeologicalTools","Bronze Scales","Lantern","Paper Frog","Chemical X","hubris:MedicalManual","hubris:SphereOfDissonance","Anchor","REME_LowDesire","Toy Ornithopter","Tiny Chest","Smiling Mask","Frozen Eye","REME_LimitBreaker","hubris:64BitClover","energizedSpire:DecayingSkull","Happy Flower","Gremlin Horn","TheAbacus","Regal Pillow","Vajra","Self Forming Clay","CaptainsWheel","Blood Vial","energizedSpire:NeverEndingSparkler","Brimstone","Matryoshka","Ancient Tea Set","hubris:ToyBattleship","REME_CardOfGreed","TungstenRod","Pear","Question Card","Runic Pyramid"],"acts_visited":["Exordium","TheCity","TheBeyond","Exordium","TheCity","TheBeyond","Exordium"],"potions_floor_usage":[],"damage_taken":[{"damage":0,"enemies":"2 Louse","floor":1,"turns":1},{"damage":0,"enemies":"Cultist","floor":2,"turns":1},{"damage":3,"enemies":"Small Slimes","floor":4,"turns":1},{"damage":6,"enemies":"3 Sentries","floor":6,"turns":1},{"damage":0,"enemies":"Gremlin Nob","floor":8,"turns":1},{"damage":0,"enemies":"Lagavulin","floor":10,"turns":1},{"damage":0,"enemies":"2 Fungi Beasts","floor":11,"turns":1},{"damage":0,"enemies":"3 Sentries","floor":12,"turns":1},{"damage":3,"enemies":"Lagavulin","floor":13,"turns":1},{"damage":6,"enemies":"Hexaghost","floor":16,"turns":1},{"damage":0,"enemies":"3 Byrds","floor":18,"turns":1},{"damage":0,"enemies":"Gremlin Leader","floor":23,"turns":1},{"damage":0,"enemies":"Book of Stabbing","floor":24,"turns":1},{"damage":0,"enemies":"REME_1_Revenger","floor":25,"turns":1},{"damage":0,"enemies":"Gremlin Leader","floor":27,"turns":1},{"damage":0,"enemies":"Book of Stabbing","floor":31,"turns":1},{"damage":0,"enemies":"Automaton","floor":33,"turns":2},{"damage":0,"enemies":"3 Darklings","floor":35,"turns":1},{"damage":0,"enemies":"Orb Walker","floor":38,"turns":1},{"damage":0,"enemies":"Nemesis","floor":40,"turns":1},{"damage":0,"enemies":"Reptomancer","floor":41,"turns":1},{"damage":0,"enemies":"Giant Head","floor":42,"turns":1},{"damage":0,"enemies":"Sphere and 2 Shapes","floor":44,"turns":1},{"damage":0,"enemies":"Nemesis","floor":46,"turns":1},{"damage":0,"enemies":"Reptomancer","floor":47,"turns":1},{"damage":0,"enemies":"Nemesis","floor":48,"turns":1},{"damage":0,"enemies":"Time Eater","floor":50,"turns":1},{"damage":0,"enemies":"2 Louse","floor":52,"turns":1},{"damage":0,"enemies":"Jaw Worm","floor":56,"turns":1},{"damage":0,"enemies":"Gremlin Nob","floor":57,"turns":1},{"damage":0,"enemies":"Lagavulin","floor":58,"turns":1},{"damage":0,"enemies":"Gremlin Nob","floor":59,"turns":1},{"damage":0,"enemies":"Lagavulin","floor":61,"turns":1},{"damage":0,"enemies":"3 Sentries","floor":62,"turns":1},{"damage":0,"enemies":"Cultist","floor":65,"turns":1},{"damage":0,"enemies":"Slime Boss","floor":67,"turns":1},{"damage":0,"enemies":"Spheric Guardian","floor":69,"turns":1},{"damage":0,"enemies":"3 Byrds","floor":70,"turns":1},{"damage":0,"enemies":"Slavers","floor":72,"turns":1},{"damage":0,"enemies":"REME_1_Revenger","floor":73,"turns":1},{"damage":0,"enemies":"Gremlin Leader","floor":74,"turns":1},{"damage":0,"enemies":"Centurion and Healer","floor":75,"turns":1},{"damage":0,"enemies":"Slavers","floor":77,"turns":1},{"damage":0,"enemies":"Chosen and Byrds","floor":79,"turns":1},{"damage":0,"enemies":"Sentry and Sphere","floor":80,"turns":1},{"damage":0,"enemies":"Snake Plant","floor":82,"turns":1},{"damage":0,"enemies":"hubris:MusketHawk","floor":84,"turns":1},{"damage":0,"enemies":"Orb Walker","floor":86,"turns":1},{"damage":0,"enemies":"Giant Head","floor":88,"turns":1},{"damage":0,"enemies":"3 Shapes","floor":90,"turns":1},{"damage":0,"enemies":"Nemesis","floor":91,"turns":1},{"damage":0,"enemies":"Reptomancer","floor":92,"turns":1},{"damage":0,"enemies":"Jaw Worm Horde","floor":93,"turns":1},{"damage":0,"enemies":"Nemesis","floor":94,"turns":1},{"damage":0,"enemies":"2 Orb Walkers","floor":95,"turns":1},{"damage":0,"enemies":"Giant Head","floor":96,"turns":1},{"damage":0,"enemies":"Reptomancer","floor":98,"turns":1},{"damage":0,"enemies":"3 Darklings","floor":99,"turns":1},{"damage":0,"enemies":"Awakened One","floor":101,"turns":2},{"damage":0,"enemies":"Jaw Worm","floor":103,"turns":1}],"seed_played":"9012638472464293199","potions_obtained":[{"floor":1,"key":"BlessingOfTheForge"},{"floor":6,"key":"SkillPotion"},{"floor":10,"key":"Regen Potion"},{"floor":11,"key":"AttackPotion"},{"floor":13,"key":"FearPotion"},{"floor":25,"key":"FearPotion"},{"floor":77,"key":"AttackPotion"}],"is_trial":true,"path_per_floor":["M","M","?","M","?","E","$","E","T","E","M","E","E","?","R","B",null,"M","$","?","$","?","E","E","E","T","E","?","$","$","E","R","B",null,"M","?","$","M","$","E","E","E","T","M","$","E","E","E","R","B",null,"M","?","$","?","M","E","E","E","T","E","?","$","?","M","R","B",null,"M","M","$","E","E","E","M","?","E","$","M","M","$","M","R","B",null,"M","$","E","$","M","E","E","M","E","?","E","?","E","M","R","B",null,"M","?"],"character_chosen":"IRONCLAD","items_purchased":["MerchantsRug","Sling","Akabeko","Mango","REME_OnlineShoppingPlatform","Shovel","Orichalcum","Unceasing Top","Medical Kit","Lantern","Paper Frog","Chemical X","Frozen Eye","REME_LimitBreaker","hubris:64BitClover","Happy Flower","Gremlin Horn","TheAbacus","Vajra","Strawberry","Self Forming Clay","CaptainsWheel","Brimstone","Matryoshka","Ancient Tea Set","hubris:ToyBattleship","REME_CardOfGreed"],"campfire_rested":1,"item_purchase_floors":[7,19,21,29,30,30,30,37,39,45,45,45,54,63,63,71,71,71,78,78,81,81,87,87,87,89,89],"current_hp_per_floor":[758,761,767,770,770,767,776,779,779,782,785,788,788,788,791,788,794,797,797,800,800,806,809,812,815,821,824,1,1,1,1,1,1,1,1,1,1,1,1,1,1,1,1,1,1,1,1,1,1,1,1,1,1,1,1,1,1,1,1,1,1,1,1,1,1,1,1,1,1,1,1,1,1,1,1,1,1,1,1,1,1,1,1,1,1,1,1,1,1,1,1,1,1,1,1,1,1,1,1,1,1,1,1,0,0],"gold":3256,"neow_bonus":"","is_daily":false,"chose_seed":false,"campfire_upgraded":0,"win_rate":0.0,"timestamp":1609768023,"path_taken":["M","M","?","?","?","E","$","E","T","E","?","E","E","?","R","BOSS","M","$","?","$","?","E","E","E","T","E","?","?","$","E","R","BOSS","M","?","$","?","$","E","E","E","T","M","$","E","E","E","R","BOSS","M","?","$","?","?","E","?","E","T","E","?","$","?","M","R","BOSS","M","M","$","?","?","E","M","?","E","$","M","?","$","?","R","BOSS","M","$","?","$","M","E","E","M","E","?","E","?","E","M","R","BOSS","M","?"],"items_purchased_type":["Relic","Relic","Relic","Relic","Relic","Relic","Relic","Relic","Relic","Relic","Relic","Relic","Relic","Relic","Relic","Relic","Relic","Relic","Relic","Relic","Relic","Relic","Relic","Relic","Relic","Relic","Relic"],"build_version":"2020-12-22","purchased_purges":0,"victory":false,"max_hp_per_floor":[758,761,767,773,773,776,776,779,779,782,785,788,791,791,791,794,794,797,797,800,800,806,809,812,815,821,824,1,1,1,1,1,1,1,1,1,1,1,1,1,1,1,1,1,1,1,1,1,1,1,1,1,1,1,1,1,1,1,1,1,1,1,1,1,1,1,1,1,1,1,1,1,1,1,1,1,1,1,1,1,1,1,1,1,1,1,1,1,1,1,1,1,1,1,1,1,1,1,1,1,1,1,1,1,1],"card_choices":[{"not_picked":["FireBladeMod:IronEndurance","FireBladeMod:ComplexAttack","Clothesline"],"picked":"SKIP","floor":1},{"not_picked":["FireBladeMod:SteadyEndurance","FireBladeMod:SoulStrike","FireBladeMod:ScorchingStrike"],"picked":"SKIP","floor":2},{"not_picked":["FireBladeMod:WellPrepared","FireBladeMod:SpiritEndurance","Clothesline"],"picked":"SKIP","floor":4},{"not_picked":["FireBladeMod:RapidHits","Fiend Fire","FireBladeMod:DeathBlade"],"picked":"SKIP","floor":6},{"not_picked":["Reaper","FireBladeMod:RapidHits","FireBladeMod:BodyAsFuel"],"picked":"SKIP","floor":8},{"not_picked":["FireBladeMod:AntiMagic","FireBladeMod:HellFire","Juggernaut"],"picked":"SKIP","floor":10},{"not_picked":["FireBladeMod:ComplexDefense","FireBladeMod:SmashingEndurance","FireBladeMod:ScorchingCleave"],"picked":"SKIP","floor":11},{"not_picked":["REME_TheLastStrike","FireBladeMod:LightningCombo","hubris:StunningStrike"],"picked":"SKIP","floor":12},{"not_picked":["Feed","Brutality","FireBladeMod:Improvise"],"picked":"SKIP","floor":13},{"not_picked":["FireBladeMod:FerventSlash","hubris:CleavingFinish","Rupture"],"picked":"SKIP","floor":18},{"not_picked":["FireBladeMod:Improvise","Limit Break","Fiend Fire"],"picked":"SKIP","floor":23},{"not_picked":["Barricade","Exhume","Demon Form"],"picked":"SKIP","floor":24},{"not_picked":["Reaper","Limit Break","Juggernaut"],"picked":"SKIP","floor":25},{"not_picked":["Bludgeon","FireBladeMod:Improvise","REME_ACTH"],"picked":"SKIP","floor":27},{"not_picked":["FireBladeMod:Blitzkreig","FireBladeMod:BattleMage"],"picked":"FireBladeMod:LightningCombo","floor":31},{"not_picked":["Clash","Whirlwind","FireBladeMod:BackhandSwing"],"picked":"SKIP","floor":35},{"not_picked":["FireBladeMod:Shove","FireBladeMod:FerventSlash","Shockwave"],"picked":"SKIP","floor":38},{"not_picked":["Juggernaut","Corruption","FireBladeMod:DeathBlade"],"picked":"SKIP","floor":40},{"not_picked":["FireBladeMod:DeathBlade","FireBladeMod:EternalEndurance","Impervious"],"picked":"SKIP","floor":41},{"not_picked":["Reaper","FireBladeMod:BodyAsFuel","FireBladeMod:AntiMagic"],"picked":"SKIP","floor":42},{"not_picked":["FireBladeMod:FerventSlash+1","Headbutt","FireBladeMod:SoulStrike"],"picked":"SKIP","floor":44},{"not_picked":["FireBladeMod:PyromancerForm","FireBladeMod:AfterBurn","Feed"],"picked":"SKIP","floor":46},{"not_picked":["Reaper","Berserk","FireBladeMod:AfterBurn"],"picked":"SKIP","floor":47},{"not_picked":["Exhume","Brutality","FireBladeMod:LearnTells"],"picked":"SKIP","floor":48},{"not_picked":["FireBladeMod:SpinningSmash","Headbutt","FireBladeMod:ScorchingCleave"],"picked":"REME_WheelOfFate","floor":52},{"not_picked":["Sword Boomerang","FireBladeMod:ComplexDefense","Cleave","REME_EyeOfCthun"],"picked":"SKIP","floor":56},{"not_picked":["FireBladeMod:RapidHits","FireBladeMod:DeathBlade","Bludgeon","Apotheosis"],"picked":"SKIP","floor":57},{"not_picked":["FireBladeMod:FinalSmash","Offering","FireBladeMod:EternalEndurance","REME_BodyOfCthun"],"picked":"SKIP","floor":58},{"not_picked":["Reaper","Corruption","FireBladeMod:BodyAsFuel","Good Instincts"],"picked":"SKIP","floor":59},{"not_picked":["Reaper","Corruption","FireBladeMod:BodyAsFuel","Good Instincts"],"picked":"SKIP","floor":59},{"not_picked":["REME_Fury","Limit Break","Exhume","Secret Weapon"],"picked":"SKIP","floor":61},{"not_picked":["Fire Breathing","FireBladeMod:OverCharge","Combust","Master of Strategy"],"picked":"SKIP","floor":65},{"not_picked":["Feed","Offering","FireBladeMod:LearnTells","REME_FirmDetermination"],"picked":"Singing Bowl","floor":67},{"not_picked":["Evolve","Flex+1","FireBladeMod:Robust","Jack Of All Trades+1"],"picked":"Singing Bowl","floor":69},{"not_picked":["Cleave+1","FireBladeMod:AdrenalineBoost+1","FireBladeMod:LayeredDefense","REME_MagicPocketWatch"],"picked":"Singing Bowl","floor":70},{"not_picked":["FireBladeMod:BattleMage","REME_ACTH","Impervious","Apotheosis"],"picked":"SKIP","floor":72},{"not_picked":["FireBladeMod:Blitzkreig","FireBladeMod:BattleMage","FireBladeMod:EternalEndurance","REME_TwoStrings"],"picked":"SKIP","floor":73},{"not_picked":["Barricade","Demon Form","FireBladeMod:FinalSmash","Dark Shackles"],"picked":"SKIP","floor":74},{"not_picked":["FireBladeMod:SteadyEndurance","FireBladeMod:BackhandSwing","Clothesline+1","REME_ShortnessOfBreath"],"picked":"SKIP","floor":75},{"not_picked":["Demon Form","FireBladeMod:DeathBlade","Reaper","REME_Flogging"],"picked":"SKIP","floor":77},{"not_picked":["FireBladeMod:Turtle","FireBladeMod:Refreshment","FireBladeMod:RapidDodges","Apotheosis"],"picked":"SKIP","floor":79},{"not_picked":["REME_FearOfPain+1","FireBladeMod:ThirstForBlood","FireBladeMod:GetPumped","REME_TheoryOfElimination"],"picked":"SKIP","floor":80},{"not_picked":["FireBladeMod:SoulStrike","Dropkick","Dark Embrace","Swift Strike+1"],"picked":"SKIP","floor":82},{"not_picked":["Blood for Blood+1","FireBladeMod:ComboCleave","Infernal Blade","Finesse"],"picked":"SKIP","floor":86},{"not_picked":["Demon Form","FireBladeMod:BattleMage","FireBladeMod:FinalSmash","REME_Flogging"],"picked":"SKIP","floor":88},{"not_picked":["Pommel Strike+1","FireBladeMod:SpinningSmash","hubris:ReadiedAction","REME_TheoryOfElimination+1"],"picked":"SKIP","floor":90},{"not_picked":["FireBladeMod:Blitzkreig","FireBladeMod:AntiMagic","Bludgeon","Transmutation"],"picked":"SKIP","floor":91},{"not_picked":["FireBladeMod:DebilitatingBlow","Double Tap","FireBladeMod:PyromancerForm","Bandage Up"],"picked":"SKIP","floor":92},{"not_picked":["Rampage","Warcry+1","FireBladeMod:HealthyEndurance+1","hubris:EnhanceAbility"],"picked":"SKIP","floor":93},{"not_picked":["Demon Form","FireBladeMod:Improvise","Offering","REME_BodyOfCthun"],"picked":"SKIP","floor":94},{"not_picked":["FireBladeMod:EternalEndurance","Double Tap","Reaper","The Bomb"],"picked":"SKIP","floor":96},{"not_picked":["Barricade","Double Tap","FireBladeMod:Improvise","REME_TheoryOfElimination+1"],"picked":"SKIP","floor":98},{"not_picked":["Headbutt+1","FireBladeMod:Reposition+1","Rage+1","Flash of Steel"],"picked":"SKIP","floor":99},{"not_picked":["FireBladeMod:StingingSlash","FireBladeMod:Turtle","Iron Wave","FireBladeMod:BasicSmash","Chrysalis"],"picked":"SKIP","floor":103}],"player_experience":1169350,"relics_obtained":[{"floor":6,"key":"MealTicket"},{"floor":8,"key":"Omamori"},{"floor":9,"key":"Bag of Preparation"},{"floor":10,"key":"Magic Flower"},{"floor":12,"key":"Pantograph"},{"floor":13,"key":"hubris:SlimyHat"},{"floor":23,"key":"Letter Opener"},{"floor":24,"key":"Thread and Needle"},{"floor":25,"key":"Torii"},{"floor":26,"key":"hubris:ChampionShield"},{"floor":27,"key":"Nunchaku"},{"floor":31,"key":"Eternal Feather"},{"floor":32,"key":"Centennial Puzzle"},{"floor":40,"key":"Ice Cream"},{"floor":41,"key":"REME_ArchaeologicalTools"},{"floor":42,"key":"Pear"},{"floor":43,"key":"Bronze Scales"},{"floor":46,"key":"hubris:MedicalManual"},{"floor":48,"key":"hubris:SphereOfDissonance"},{"floor":49,"key":"Anchor"},{"floor":51,"key":"Toy Ornithopter"},{"floor":51,"key":"Tiny Chest"},{"floor":60,"key":"MawBank"},{"floor":66,"key":"REME_IWantAll"},{"floor":83,"key":"Blood Vial"},{"floor":95,"key":"TungstenRod"},{"floor":100,"key":"Pear"},{"floor":101,"key":"Question Card"}],"event_choices":[{"damage_healed":0,"gold_gain":0,"player_choice":"1 cards matched","damage_taken":0,"max_hp_gain":0,"max_hp_loss":0,"event_name":"Match and Keep!","floor":3,"gold_loss":0,"cards_obtained":["hubris:Greed"]},{"damage_healed":0,"gold_gain":0,"player_choice":"Bought 0 Potions","damage_taken":0,"max_hp_gain":0,"max_hp_loss":0,"event_name":"The Woman in Blue","floor":5,"gold_loss":0},{"damage_healed":0,"gold_gain":0,"player_choice":"Stole Relic","damage_taken":0,"relics_obtained":["hubris:Potato"],"max_hp_gain":0,"max_hp_loss":0,"event_name":"Addict","floor":22,"gold_loss":0,"cards_obtained":["Shame"]},{"damage_healed":0,"gold_gain":0,"player_choice":"Ignored","damage_taken":0,"max_hp_gain":0,"max_hp_loss":0,"event_name":"Transmorgrifier","floor":36,"gold_loss":0},{"damage_healed":0,"gold_gain":0,"player_choice":"Box","damage_taken":0,"relics_obtained":["Smiling Mask"],"max_hp_gain":0,"max_hp_loss":0,"event_name":"Big Fish","floor":53,"gold_loss":0,"cards_obtained":["Regret"]},{"cards_removed":["Exhume"],"damage_healed":0,"gold_gain":0,"player_choice":"Card Removal","damage_taken":0,"max_hp_gain":0,"max_hp_loss":0,"event_name":"Wheel of Change","floor":55,"gold_loss":0},{"damage_healed":0,"gold_gain":30,"player_choice":"Searched \u00272\u0027 times","damage_taken":0,"max_hp_gain":0,"max_hp_loss":0,"event_name":"Dead Adventurer","floor":62,"gold_loss":0},{"damage_healed":0,"gold_gain":0,"player_choice":"Ignored","damage_taken":0,"max_hp_gain":0,"max_hp_loss":0,"event_name":"Transmorgrifier","floor":64,"gold_loss":0},{"damage_healed":0,"gold_gain":0,"player_choice":"Gave Potion","damage_taken":0,"relics_obtained":["Regal Pillow"],"max_hp_gain":0,"max_hp_loss":0,"event_name":"WeMeetAgain","floor":76,"gold_loss":0},{"damage_healed":0,"gold_gain":0,"player_choice":"Fight","damage_taken":0,"max_hp_gain":0,"max_hp_loss":0,"event_name":"Mysterious Sphere","floor":95,"gold_loss":0},{"damage_healed":0,"gold_gain":0,"player_choice":"Writhe","damage_taken":0,"max_hp_gain":0,"max_hp_loss":0,"event_name":"Winding Halls","floor":97,"gold_loss":0,"cards_obtained":["Writhe"]}],"is_beta":false,"boss_relics":[{"not_picked":["hubris:VirtuousBlindfold","hubris:GrandSneckoEye"],"picked":"REME_DuelDisc"},{"not_picked":["Runic Cube","Tiny House"],"picked":"Sozu"},{"not_picked":["Calling Bell","REME_ChargedStone"],"picked":"REME_LowDesire"},{"not_picked":["energizedSpire:MagnifyingGlass","Mark of Pain"],"picked":"energizedSpire:DecayingSkull"},{"not_picked":["hubris:TerracottaHorce","Black Star"],"picked":"energizedSpire:NeverEndingSparkler"},{"not_picked":["Busted Crown","Runic Dome"],"picked":"Runic Pyramid"}],"items_purged_floors":[],"is_endless":true,"potions_floor_spawned":[1,6,10,11,13,18,25,33,35,44,47,48,50,57,59,61,74,77,79,80,82,86,91,94,95,96,99],"ascension_level":0}}