{"host":"61xbmbtf5zrn7rzc","time":1609725377,"event":{"mods":["BaseMod","Challenge The Spire","Downfall","Hubris","Minty Spire (QoL Compilation)","READ ME - Guardian Mod","Replay The Spire","StSLib","SuperFastMode","The Disciple","The Jungle","The Marked","The Runesmith"],"gold_per_floor":[99,112,131,47,61,46,70,70,81,81,81,81,92,92,92,109,129,129,129,129],"floor_reached":18,"playtime":812,"items_purged":[],"score":104,"play_id":"9641c087-bef2-43c2-9c94-965a86bf57fe","local_time":"20210103205617","is_ascension_mode":false,"campfire_choices":[{"data":"champ:Taunt","floor":1,"key":"SMITH"},{"data":"champ:EnragedBash","floor":12,"key":"SMITH"}],"circlet_count":0,"master_deck":["champ:Strike","champ:Strike","champ:Defend","champ:Defend","champ:Defend","champ:Defend","champ:Execute","champ:Taunt+1","champ:GutPunch","champ:Circumvent","champ:ShieldWall","champ:DefensiveStyle","champ:StanceDance","champ:EnragedBash+1","champ:GladiatorsShout","champ:IronFortress"],"relics":["champ:ChampionCrown","MealTicket","hubris:Towel"],"acts_visited":["Exordium"],"potions_floor_usage":[13,18,18,18],"damage_taken":[{"damage":12,"enemies":"Small Slimes","floor":2,"turns":3},{"damage":16,"enemies":"Jaw Worm","floor":3,"turns":3},{"damage":5,"enemies":"downfall:FleeingMerchant","floor":4,"turns":4},{"damage":9,"enemies":"2 Louse","floor":5,"turns":3},{"damage":13,"enemies":"downfall:FleeingMerchant","floor":6,"turns":4},{"damage":26,"enemies":"Exordium Wildlife","floor":9,"turns":5},{"damage":48,"enemies":"Large Slime","floor":13,"turns":7},{"damage":21,"enemies":"Exordium Thugs","floor":16,"turns":7},{"damage":38,"enemies":"Exordium Wildlife","floor":17,"turns":5},{"damage":45,"enemies":"downfall:Ironclad","floor":18,"turns":6}],"seed_played":"6247000931949529779","potions_obtained":[{"floor":5,"key":"AttackPotion"},{"floor":13,"key":"Fruit Juice"},{"floor":16,"key":"Toxic Potion"},{"floor":17,"key":"DuplicationPotion"}],"is_trial":false,"path_per_floor":["R","M","M","$","M","$","T","?","M","?","?","R","M","PTL","PTL","M","M","B"],"character_chosen":"THE_CHAMP","items_purchased":["champ:DefensiveStyle"],"campfire_rested":0,"item_purchase_floors":[4],"current_hp_per_floor":[99,92,86,86,85,80,80,80,71,71,71,71,61,61,61,56,38,0,0,0],"gold":129,"neow_bonus":"TEN_PERCENT_HP_BONUS","is_daily":false,"chose_seed":false,"campfire_upgraded":2,"win_rate":0.0,"timestamp":1609725377,"path_taken":["R","M","M","$","M","$","T","?","M","?","?","R","?","PTL","PTL","M","M","BOSS"],"items_purchased_type":["Card"],"build_version":"2020-12-22","purchased_purges":0,"victory":false,"max_hp_per_floor":[99,99,99,99,99,99,99,99,99,99,99,99,104,104,104,104,104,104,104,104],"card_choices":[{"not_picked":["champ:BerserkersShout","champ:GladiatorsShout"],"picked":"champ:GutPunch","floor":2},{"not_picked":["champ:MurderStrike","champ:AdrenalArmor"],"picked":"champ:Circumvent","floor":3},{"not_picked":["champ:Haymaker","champ:PerfectedStrike"],"picked":"champ:ShieldWall","floor":4},{"not_picked":["champ:AdrenalArmor","champ:FocusedBerserking"],"picked":"champ:StanceDance","floor":5},{"not_picked":["champ:GutPunch","champ:IronFortress"],"picked":"champ:EnragedBash","floor":6},{"not_picked":["champ:TornadoPunch","champ:DeathBlow"],"picked":"champ:GladiatorsShout","floor":9},{"not_picked":["champ:GladiatorsShout","champ:PerfectedStrike"],"picked":"champ:IronFortress","floor":13},{"not_picked":["champ:BerserkersShout","champ:Backstep","champ:EnragedBash"],"picked":"SKIP","floor":16},{"not_picked":["champ:GladiatorsShout","champ:BerserkersShout","champ:DefensiveStyle"],"picked":"SKIP","floor":17}],"player_experience":130189,"relics_obtained":[{"floor":7,"key":"MealTicket"}],"event_choices":[{"cards_removed":["champ:Strike"],"damage_healed":0,"gold_gain":0,"player_choice":"Card Removal","damage_taken":0,"max_hp_gain":0,"max_hp_loss":0,"event_name":"The Cleric","floor":11,"gold_loss":0}],"is_beta":false,"boss_relics":[],"items_purged_floors":[],"is_endless":false,"potions_floor_spawned":[5,13,16,17],"killed_by":"downfall:Ironclad","ascension_level":0}}