{"host":"yer03dsd277nstsn","time":1609738198,"event":{"mods":["BaseMod","Colored Powertips","Minty Spire (QoL Compilation)"],"gold_per_floor":[159,159,207,35,86,170,218,218,245,245,46,46,46,97,97,328,328,388,388,150,65,65,65,65,65,116,221,50,50,83,179,179,401,401,440,174,174,174,312,411,26,110,188,266,266,368,368,368,368,602,602,602],"floor_reached":51,"playtime":2645,"items_purged":["Strike_B","Defend_B","Defend_B"],"score":1717,"play_id":"a7bdfe07-6b01-45ec-bb7c-7a302048279f","local_time":"20210103232958","daily_mods":["Allstar","Diverse","Colorless Cards","Heirloom","Time Dilation","Flight","Elite Swarm","Lethality","Midas","Night Terrors"],"is_ascension_mode":true,"campfire_choices":[{"data":"1","floor":15,"key":"LIFT"},{"data":"2","floor":23,"key":"LIFT"},{"data":"3","floor":24,"key":"LIFT"},{"floor":32,"key":"REST"},{"floor":49,"key":"REST"}],"circlet_count":0,"master_deck":["AscendersBane","Zap","Dualcast","Violence","PanicButton","Good Instincts","Master of Strategy","Pommel Strike","Clothesline","Fusion+1","Glass Knife+1","Rampage+1","Headbutt+1","Apotheosis+1","Infernal Blade+1","CarveReality+1","DeusExMachina","Night Terror","Rebound+1","Crescendo+1","Infernal Blade+1","Die Die Die+1"],"relics":["Cracked Core","Prayer Wheel","Anchor","Molten Egg 2","Turnip","Happy Flower","Girya","Tiny Chest","Nuclear Battery","Blood Vial","Bag of Preparation","Mummified Hand","Juzu Bracelet","MealTicket","Vajra","Red Mask","Empty Cage","Strange Spoon","Frozen Egg 2","CaptainsWheel","Membership Card","Potion Belt","Gambling Chip","Eternal Feather","Bird Faced Urn","Singing Bowl"],"acts_visited":["Exordium","TheCity","TheBeyond"],"potions_floor_usage":[16,31,50,51,51],"damage_taken":[{"damage":15,"enemies":"Small Slimes","floor":1,"turns":3},{"damage":0,"enemies":"Cultist","floor":3,"turns":2},{"damage":0,"enemies":"2 Louse","floor":5,"turns":1},{"damage":17,"enemies":"Lagavulin","floor":6,"turns":6},{"damage":0,"enemies":"Looter","floor":7,"turns":1},{"damage":0,"enemies":"Red Slaver","floor":14,"turns":1},{"damage":24,"enemies":"Hexaghost","floor":16,"turns":5},{"damage":4,"enemies":"2 Thieves","floor":18,"turns":2},{"damage":0,"enemies":"Gremlin Leader","floor":27,"turns":3},{"damage":0,"enemies":"Spheric Guardian","floor":30,"turns":2},{"damage":0,"enemies":"Masked Bandits","floor":31,"turns":2},{"damage":14,"enemies":"Champ","floor":33,"turns":5},{"damage":0,"enemies":"Orb Walker","floor":35,"turns":2},{"damage":0,"enemies":"2 Orb Walkers","floor":39,"turns":1},{"damage":2,"enemies":"Reptomancer","floor":40,"turns":2},{"damage":11,"enemies":"Nemesis","floor":42,"turns":3},{"damage":0,"enemies":"Reptomancer","floor":44,"turns":1},{"damage":0,"enemies":"Nemesis","floor":46,"turns":1},{"damage":31,"enemies":"Donu and Deca","floor":50,"turns":3},{"damage":42,"enemies":"Time Eater","floor":51,"turns":2}],"seed_played":"4179163818480711179","potions_obtained":[{"floor":1,"key":"Fire Potion"},{"floor":5,"key":"LiquidBronze"},{"floor":16,"key":"Fire Potion"},{"floor":33,"key":"SneckoOil"},{"floor":46,"key":"ColorlessPotion"}],"is_trial":true,"path_per_floor":["M","?","M","$","M","E","M","T","T","?","$","?","$","M","R","B",null,"M","?","$","?","T","R","R","$","T","E","$","?","M","?","R","B",null,"M","$","T","?","?","E","$","E","T","E","?","E","T","?","R","B","B"],"character_chosen":"DEFECT","items_purchased":["Anchor","Tiny Chest","Rampage+1","Blood Vial","Vajra","Strange Spoon","Membership Card","Potion Belt","Fruit Juice","Block Potion"],"campfire_rested":2,"item_purchase_floors":[4,11,11,20,28,36,41,41,41,41],"current_hp_per_floor":[49,71,71,71,71,54,54,54,54,43,43,43,43,43,43,19,58,54,54,54,54,54,54,54,54,54,56,71,71,71,71,66,52,63,65,66,66,66,66,64,66,55,55,57,57,59,59,61,63,32,0,0],"gold":602,"neow_bonus":"","is_daily":false,"chose_seed":false,"campfire_upgraded":0,"win_rate":0.0,"timestamp":1609738198,"path_taken":["M","?","?","$","M","E","M","?","T","?","$","?","$","M","R","BOSS","M","?","$","?","?","R","R","?","T","E","$","?","M","?","R","BOSS","M","$","?","?","?","E","$","E","T","E","?","E","?","?","R","BOSS","BOSS"],"items_purchased_type":["Relic","Relic","Card","Relic","Relic","Relic","Relic","Relic","Potion","Potion"],"build_version":"2020-12-22","purchased_purges":3,"victory":false,"max_hp_per_floor":[71,71,71,71,71,71,71,71,71,71,71,71,71,71,71,71,71,71,71,71,71,71,71,71,71,71,71,71,71,71,71,66,66,66,66,66,66,66,66,66,66,66,66,66,66,66,66,68,63,63,68,68],"card_choices":[{"not_picked":["Iron Wave","ClearTheMind"],"picked":"Pommel Strike","floor":1},{"not_picked":["Havoc","Poisoned Stab"],"picked":"Clothesline","floor":1},{"not_picked":["Hologram","Heatsinks","TalkToTheHand"],"picked":"SKIP","floor":3},{"not_picked":["FollowUp","Cloak And Dagger","Noxious Fumes"],"picked":"SKIP","floor":3},{"not_picked":["Impatience","Weave"],"picked":"Fusion","floor":5},{"not_picked":["Dagger Spray","Compile Driver","Mind Blast"],"picked":"SKIP","floor":5},{"not_picked":["Biased Cognition","Berserk"],"picked":"Glass Knife+1","floor":6},{"not_picked":["Stack","Sword Boomerang+1","Collect"],"picked":"SKIP","floor":7},{"not_picked":["Worship","Bane+1","Prostrate"],"picked":"SKIP","floor":7},{"not_picked":["Choke+1","Flex"],"picked":"Headbutt+1","floor":14},{"not_picked":["BootSequence","Expertise","CrushJoints+1"],"picked":"SKIP","floor":14},{"not_picked":["Reaper+1","Amplify"],"picked":"Apotheosis","floor":16},{"not_picked":["SashWhip+1","Steam Power"],"picked":"Infernal Blade+1","floor":18},{"not_picked":["Fasting2","Panacea","Sucker Punch+1"],"picked":"SKIP","floor":18},{"not_picked":["Machine Learning","Barricade"],"picked":"Night Terror","floor":27},{"not_picked":["Wallop+1","Discovery"],"picked":"Rebound+1","floor":30},{"not_picked":["Rebound+1","Redo","Perseverance"],"picked":"SKIP","floor":30},{"not_picked":["Hemokinesis+1","Anger+1"],"picked":"Crescendo+1","floor":35},{"not_picked":["Battle Trance","Entrench+1","CrushJoints+1"],"picked":"SKIP","floor":35},{"not_picked":["After Image+1","Burst","Seek"],"picked":"SKIP","floor":40},{"not_picked":["Impervious","Phantasmal Killer","Metamorphosis"],"picked":"SKIP","floor":42},{"not_picked":["Apotheosis","Night Terror","Brilliance+1"],"picked":"SKIP","floor":44},{"not_picked":["Secret Technique","Phantasmal Killer","HandOfGreed+1"],"picked":"SKIP","floor":46},{"not_picked":["Impatience","Forethought","PanicButton"],"picked":"Singing Bowl","floor":48},{"not_picked":["Reboot","Tools of the Trade+1"],"picked":"Die Die Die+1","floor":50}],"player_experience":452020,"relics_obtained":[{"floor":6,"key":"Molten Egg 2"},{"floor":8,"key":"Turnip"},{"floor":9,"key":"Happy Flower"},{"floor":22,"key":"Mummified Hand"},{"floor":26,"key":"Juzu Bracelet"},{"floor":27,"key":"MealTicket"},{"floor":31,"key":"Red Mask"},{"floor":37,"key":"Frozen Egg 2"},{"floor":39,"key":"CaptainsWheel"},{"floor":42,"key":"Gambling Chip"},{"floor":44,"key":"Eternal Feather"},{"floor":46,"key":"Bird Faced Urn"},{"floor":47,"key":"Singing Bowl"}],"event_choices":[{"cards_removed":["Mind Blast"],"damage_healed":22,"gold_gain":0,"player_choice":"Offered Uncommon","damage_taken":0,"max_hp_gain":0,"max_hp_loss":0,"event_name":"Bonfire Elementals","floor":2,"gold_loss":0},{"damage_healed":0,"gold_gain":0,"player_choice":"Success","damage_taken":11,"relics_obtained":["Girya"],"max_hp_gain":0,"max_hp_loss":0,"event_name":"Scrap Ooze","floor":10,"gold_loss":0},{"damage_healed":0,"gold_gain":0,"player_choice":"Forge","damage_taken":0,"max_hp_gain":0,"max_hp_loss":0,"event_name":"Accursed Blacksmith","floor":12,"gold_loss":0,"cards_upgraded":["Fusion"]},{"damage_healed":0,"gold_gain":0,"cards_transformed":["Strike_B","Strike_B"],"player_choice":"Became Test Subject","damage_taken":0,"max_hp_gain":0,"max_hp_loss":0,"event_name":"Drug Dealer","floor":19,"gold_loss":0,"cards_obtained":["CarveReality","DeusExMachina"]},{"damage_healed":0,"gold_gain":0,"player_choice":"Obtained Relic","damage_taken":0,"relics_obtained":["Bag of Preparation"],"max_hp_gain":0,"max_hp_loss":0,"event_name":"Addict","floor":21,"gold_loss":85},{"cards_removed":["Strike_B"],"damage_healed":0,"gold_gain":0,"player_choice":"Elegance","damage_taken":0,"max_hp_gain":0,"max_hp_loss":0,"event_name":"Back to Basics","floor":29,"gold_loss":0},{"damage_healed":0,"gold_gain":0,"player_choice":"Fought Bandits","damage_taken":0,"max_hp_gain":0,"max_hp_loss":0,"event_name":"Masked Bandits","floor":31,"gold_loss":0},{"damage_healed":0,"gold_gain":0,"player_choice":"Upgraded","damage_taken":0,"max_hp_gain":0,"max_hp_loss":0,"event_name":"Upgrade Shrine","floor":38,"gold_loss":0,"cards_upgraded":["Apotheosis"]},{"damage_healed":0,"gold_gain":0,"player_choice":"Fight","damage_taken":0,"max_hp_gain":0,"max_hp_loss":0,"event_name":"Mysterious Sphere","floor":39,"gold_loss":0},{"damage_healed":0,"gold_gain":0,"player_choice":"Copied","damage_taken":0,"max_hp_gain":0,"max_hp_loss":0,"event_name":"Duplicator","floor":45,"gold_loss":0,"cards_obtained":["Infernal Blade"]},{"damage_healed":0,"gold_gain":0,"player_choice":"Memory 1","damage_taken":0,"max_hp_gain":0,"max_hp_loss":0,"event_name":"SensoryStone","floor":48,"gold_loss":0}],"is_beta":false,"boss_relics":[{"not_picked":["SacredBark","Cursed Key"],"picked":"Nuclear Battery"},{"not_picked":["FrozenCore","SlaversCollar"],"picked":"Empty Cage"}],"items_purged_floors":[20,36,41],"is_endless":true,"potions_floor_spawned":[1,5,16,33,42,46],"killed_by":"Time Eater","ascension_level":20}}