{"host":"p7j7o00jacnw7qzt","time":1609798782,"event":{"mods":["BaseMod","Colored Map","Colored Powertips","DeckTracker","Highlight Path","Minty Spire (QoL Compilation)","Relic Stats"],"gold_per_floor":[117,42,42,42,55,83,83,83,157,157,175,188,188,208,208,283,283,302,158,158,158,158,158,33,83,83,96,107,107,122,138,138,138],"floor_reached":32,"playtime":1130,"items_purged":["Strike_G","Strike_G","Decay"],"score":530,"play_id":"b55ab136-100f-4507-a70b-457532ddd383","local_time":"20210104171942","is_ascension_mode":true,"campfire_choices":[{"data":"Neutralize","floor":7.0,"key":"SMITH"},{"data":"Concentrate","floor":10.0,"key":"SMITH"},{"data":"Eviscerate","floor":13.0,"key":"SMITH"},{"floor":15.0,"key":"RECALL"},{"floor":23,"key":"REST"}],"circlet_count":0,"master_deck":["AscendersBane","Defend_G","Defend_G","Defend_G","Defend_G","Defend_G","Survivor","Neutralize+1","Concentrate+1","Escape Plan","Doppelganger","Eviscerate+1","Backflip","Footwork","Noxious Fumes","Unload","Ghostly","Ghostly","Ghostly","Calculated Gamble"],"relics":["Ring of the Snake","NeowsBlessing","Vajra","Lizard Tail","Singing Bowl","Runic Pyramid","Nilry\u0027s Codex"],"acts_visited":["Exordium","TheCity"],"potions_floor_usage":[28],"damage_taken":[{"damage":0.0,"enemies":"Jaw Worm","floor":1.0,"turns":1.0},{"damage":0.0,"enemies":"Small Slimes","floor":5.0,"turns":1.0},{"damage":0.0,"enemies":"Gremlin Nob","floor":6.0,"turns":1.0},{"damage":0.0,"enemies":"2 Louse","floor":11.0,"turns":5.0},{"damage":6.0,"enemies":"Large Slime","floor":12.0,"turns":8.0},{"damage":3.0,"enemies":"Lots of Slimes","floor":14.0,"turns":8.0},{"damage":20.0,"enemies":"Slime Boss","floor":16.0,"turns":12.0},{"damage":16.0,"enemies":"Shell Parasite","floor":18.0,"turns":6.0},{"damage":0,"enemies":"Chosen","floor":27,"turns":4},{"damage":25,"enemies":"Shelled Parasite and Fungi","floor":28,"turns":4},{"damage":7,"enemies":"Snake Plant","floor":30,"turns":5},{"damage":6,"enemies":"Sentry and Sphere","floor":31,"turns":9}],"seed_played":"-7233195461763563997","potions_obtained":[{"floor":12.0,"key":"Energy Potion"},{"floor":14.0,"key":"CunningPotion"},{"floor":16.0,"key":"SteroidPotion"},{"floor":27,"key":"FairyPotion"},{"floor":30,"key":"LiquidMemories"}],"is_trial":false,"path_per_floor":["M","$","?","?","M","E","R","?","T","R","M","M","R","M","R","B",null,"M","$","?","?","?","R","$","?","T","M","M","?","M","M","R"],"character_chosen":"THE_SILENT","items_purchased":["Footwork"],"campfire_rested":1,"item_purchase_floors":[19],"current_hp_per_floor":[59,59,59,59,59,59,59,48,48,48,48,44,44,41,41,23,58,44,44,23,23,23,44,44,44,44,46,23,23,16,12,12,12],"gold":138,"neow_bonus":"THREE_ENEMY_KILL","is_daily":false,"chose_seed":false,"campfire_upgraded":3,"win_rate":0.0,"timestamp":1609798782,"path_taken":["M","$","?","?","?","E","R","?","T","R","M","M","R","M","R","BOSS","M","$","?","?","?","R","$","?","T","M","M","?","M","M","R"],"items_purchased_type":["Card"],"build_version":"2020-12-22","purchased_purges":3,"victory":false,"max_hp_per_floor":[66,66,66,66,66,66,66,66,66,66,66,68,68,68,68,70,70,72,72,72,72,72,72,72,72,72,74,76,38,38,40,40,40],"relic_stats":{"Lizard Tail":0,"Singing Bowl":12,"counters":[12,64],"obtain_stats":[{"Lizard Tail":8,"NeowsBlessing":0,"Singing Bowl":9,"Nilry\u0027s Codex":20,"Vajra":6,"Ring of the Snake":0,"Runic Pyramid":17},{"Lizard Tail":3,"NeowsBlessing":0,"Singing Bowl":3,"Nilry\u0027s Codex":8,"Vajra":3,"Ring of the Snake":0,"Runic Pyramid":7},{"Lizard Tail":3,"NeowsBlessing":0,"Singing Bowl":3,"Nilry\u0027s Codex":42,"Vajra":3,"Ring of the Snake":0,"Runic Pyramid":36}],"Ring of the Snake":[24]},"card_choices":[{"not_picked":["Dagger Throw","Deflect"],"picked":"Concentrate","floor":1.0},{"not_picked":["Caltrops","Tactician","Quick Slash"],"picked":"SKIP","floor":5.0},{"not_picked":["Quick Slash","Distraction"],"picked":"Doppelganger","floor":6.0},{"not_picked":["Deadly Poison","Slice"],"picked":"Eviscerate","floor":11.0},{"not_picked":["PiercingWail","Dodge and Roll","Flying Knee"],"picked":"Singing Bowl","floor":12.0},{"not_picked":["Cloak And Dagger","Corpse Explosion"],"picked":"Backflip","floor":14.0},{"not_picked":["Grand Finale","Storm of Steel","Phantasmal Killer"],"picked":"Singing Bowl","floor":16.0},{"not_picked":["Sucker Punch","Noxious Fumes","Dagger Throw+1"],"picked":"Singing Bowl","floor":18.0},{"not_picked":["Dagger Spray","Quick Slash","Unload"],"picked":"Singing Bowl","floor":27},{"not_picked":["Poisoned Stab","PiercingWail","Finisher"],"picked":"Singing Bowl","floor":28},{"not_picked":["Prepared+1","Catalyst"],"picked":"Calculated Gamble","floor":30},{"not_picked":["Outmaneuver","Bane","Poisoned Stab"],"picked":"Singing Bowl","floor":31}],"player_experience":999531,"relics_obtained":[{"floor":6.0,"key":"Vajra"},{"floor":9.0,"key":"Singing Bowl"},{"floor":20.0,"key":"Nilry\u0027s Codex"}],"event_choices":[{"damage_healed":0.0,"max_hp_gain":0.0,"max_hp_loss":0.0,"gold_gain":0.0,"cards_transformed":["Strike_G"],"event_name":"Living Wall","player_choice":"Change","floor":3.0,"gold_loss":0.0,"damage_taken":0.0,"cards_obtained":["Escape Plan"]},{"damage_healed":0.0,"max_hp_gain":0.0,"max_hp_loss":0.0,"gold_gain":0.0,"event_name":"Shining Light","player_choice":"Ignored","floor":4.0,"gold_loss":0.0,"damage_taken":0.0},{"damage_healed":0.0,"max_hp_gain":0.0,"max_hp_loss":0.0,"gold_gain":0.0,"event_name":"Scrap Ooze","player_choice":"Success","floor":8.0,"gold_loss":0.0,"damage_taken":11.0,"relics_obtained":["Lizard Tail"]},{"damage_healed":0.0,"max_hp_gain":0.0,"max_hp_loss":0.0,"gold_gain":0.0,"event_name":"Cursed Tome","player_choice":"Obtained Book","floor":20.0,"gold_loss":0.0,"damage_taken":21.0},{"damage_healed":0,"gold_gain":0,"cards_transformed":["Strike_G","Strike_G"],"player_choice":"Became Test Subject","damage_taken":0,"max_hp_gain":0,"max_hp_loss":0,"event_name":"Drug Dealer","floor":21,"gold_loss":0,"cards_obtained":["Noxious Fumes","Unload"]},{"damage_healed":0,"gold_gain":0,"player_choice":"Smashed Altar","damage_taken":0,"max_hp_gain":0,"max_hp_loss":0,"event_name":"Forgotten Altar","floor":22,"gold_loss":0,"cards_obtained":["Decay"]},{"damage_healed":0,"gold_gain":50,"player_choice":"Stole From Cult","damage_taken":0,"max_hp_gain":0,"max_hp_loss":0,"event_name":"Nest","floor":25,"gold_loss":0},{"damage_healed":0,"gold_gain":0,"player_choice":"Became a Ghost","damage_taken":0,"max_hp_gain":0,"max_hp_loss":38,"event_name":"Ghosts","floor":29,"gold_loss":0,"cards_obtained":["Ghostly","Ghostly","Ghostly"]}],"is_beta":false,"boss_relics":[{"not_picked":["Sozu","Coffee Dripper"],"picked":"Runic Pyramid"}],"items_purged_floors":[2,19,24],"is_endless":false,"potions_floor_spawned":[12,14,16,27,30],"ascension_level":20}}