{"host":"d2y4rmbezebiv8aj","time":1609743846,"event":{"mods":["AchievementEnabler","BaseMod","BetterRewards","Colored Map","Colored Powertips","Custom Start","Highlight Path","Minty Spire (QoL Compilation)","Rare Cards Sparkle","Shop Mod","StSLib","SuperFastMode","Synergy Search"],"gold_per_floor":[109,127,59,75,95,95,130,305,305,333,351,351,366,366,366,463,463,481,40,58,58,58,58,91,91,91,46,46,59,59,59],"floor_reached":30,"playtime":1114,"items_purged":["Parasite"],"score":335,"play_id":"2587a9a3-d750-44f1-af87-81a97479192d","local_time":"20210104080406","is_ascension_mode":true,"campfire_choices":[{"data":"Infinite Blades","floor":6,"key":"SMITH"},{"floor":12,"key":"REST"},{"floor":15,"key":"REST"},{"data":"Apotheosis","floor":23,"key":"SMITH"},{"floor":25,"key":"REST"},{"floor":28,"key":"REST"}],"circlet_count":0,"master_deck":["Strike_G","Strike_G","Strike_G","Strike_G","Strike_G","Defend_G","Defend_G","Defend_G","Defend_G","Defend_G","Survivor","Neutralize","Dagger Throw","Infinite Blades+1","Footwork","Dagger Throw","Accuracy","Deflect","Doubt","Accuracy","Dagger Spray","Deflect","A Thousand Cuts","Masterful Stab+1","Apotheosis+1","Footwork","Flying Knee+1","Cloak And Dagger+1","Infinite Blades","Noxious Fumes+1","Well Laid Plans","Flying Knee+1","Pain","Slice","Deflect","Terror"],"relics":["Ring of the Snake","NeowsBlessing","Orichalcum","Mummified Hand","Matryoshka","Sozu","Orrery","WarpedTongs","Lantern","Pen Nib","Blue Candle"],"acts_visited":["Exordium","TheCity"],"potions_floor_usage":[7,7,7,11,30],"damage_taken":[{"damage":0,"enemies":"Jaw Worm","floor":1,"turns":1},{"damage":0,"enemies":"2 Louse","floor":2,"turns":1},{"damage":0,"enemies":"Cultist","floor":4,"turns":1},{"damage":29,"enemies":"Exordium Thugs","floor":5,"turns":8},{"damage":16,"enemies":"Gremlin Nob","floor":7,"turns":4},{"damage":25,"enemies":"3 Sentries","floor":10,"turns":9},{"damage":0,"enemies":"2 Fungi Beasts","floor":11,"turns":3},{"damage":6,"enemies":"Blue Slaver","floor":13,"turns":4},{"damage":25,"enemies":"Slime Boss","floor":16,"turns":11},{"damage":24,"enemies":"Spheric Guardian","floor":18,"turns":5},{"damage":5,"enemies":"Chosen","floor":20,"turns":4},{"damage":38,"enemies":"Gremlin Leader","floor":24,"turns":9},{"damage":25,"enemies":"Sentry and Sphere","floor":29,"turns":5},{"damage":19,"enemies":"Centurion and Healer","floor":30,"turns":1}],"seed_played":"3923953265140275938","potions_obtained":[{"floor":1,"key":"Regen Potion"},{"floor":2,"key":"Strength Potion"},{"floor":5,"key":"Dexterity Potion"},{"floor":10,"key":"DuplicationPotion"},{"floor":11,"key":"Ancient Potion"}],"is_trial":false,"path_per_floor":["M","M","$","M","M","R","E","?","T","E","M","R","M","?","R","B",null,"M","$","M","?","?","R","E","R","T","$","R","M","M"],"character_chosen":"THE_SILENT","items_purchased":["Footwork","Apotheosis","Footwork","Orrery","Deflect"],"campfire_rested":4,"item_purchase_floors":[3,19,19,19,27],"current_hp_per_floor":[70,70,70,70,41,41,30,30,30,5,5,26,20,37,58,33,70,46,46,41,41,41,41,3,23,23,23,43,18,0,0],"gold":59,"neow_bonus":"THREE_ENEMY_KILL","is_daily":false,"chose_seed":false,"campfire_upgraded":2,"win_rate":0.0,"timestamp":1609743846,"path_taken":["M","M","$","M","M","R","E","?","T","E","M","R","M","?","R","BOSS","M","$","M","?","?","R","E","R","T","$","R","M","?"],"items_purchased_type":["Card","Card","Card","Relic","Card"],"build_version":"2020-12-22","purchased_purges":1,"victory":false,"max_hp_per_floor":[70,70,70,70,70,70,70,70,70,70,70,70,70,70,70,70,70,70,67,67,67,67,67,67,67,67,67,67,67,67,67],"card_choices":[{"not_picked":["Distraction","Dodge and Roll"],"picked":"Dagger Throw","floor":1},{"not_picked":["Setup","Sucker Punch"],"picked":"Infinite Blades","floor":2},{"not_picked":["Slice","Dodge and Roll"],"picked":"Dagger Throw","floor":4},{"not_picked":["Distraction","Deadly Poison"],"picked":"Accuracy","floor":5},{"not_picked":["Adrenaline","Dash"],"picked":"Deflect","floor":7},{"not_picked":["Outmaneuver","Blade Dance"],"picked":"Accuracy","floor":10},{"not_picked":["Eviscerate","Caltrops"],"picked":"Dagger Spray","floor":11},{"not_picked":["Flying Knee","Grand Finale"],"picked":"Deflect","floor":13},{"not_picked":["Adrenaline","Venomology"],"picked":"A Thousand Cuts","floor":16},{"not_picked":["Bane","Dagger Spray"],"picked":"Masterful Stab+1","floor":18},{"not_picked":["Expertise","Well Laid Plans"],"picked":"Flying Knee+1","floor":19},{"not_picked":["Bullet Time","Blur"],"picked":"Cloak And Dagger+1","floor":19},{"not_picked":["Deadly Poison","Masterful Stab"],"picked":"Infinite Blades","floor":19},{"not_picked":["A Thousand Cuts","Crippling Poison+1"],"picked":"Noxious Fumes+1","floor":19},{"not_picked":["Riddle With Holes","Deadly Poison"],"picked":"Well Laid Plans","floor":19},{"not_picked":["Deadly Poison+1","Dagger Throw"],"picked":"Flying Knee+1","floor":20},{"not_picked":["Glass Knife","Masterful Stab"],"picked":"Slice","floor":24},{"not_picked":["Finisher","Slice"],"picked":"Terror","floor":29}],"player_experience":334223,"relics_obtained":[{"floor":7,"key":"Orichalcum"},{"floor":9,"key":"Mummified Hand"},{"floor":10,"key":"Matryoshka"},{"floor":24,"key":"Lantern"},{"floor":26,"key":"Pen Nib"},{"floor":26,"key":"Blue Candle"}],"event_choices":[{"damage_healed":0,"gold_gain":175,"player_choice":"AGREE","damage_taken":0,"max_hp_gain":0,"max_hp_loss":0,"event_name":"Liars Game","floor":8,"gold_loss":0,"cards_obtained":["Doubt"]},{"damage_healed":17,"gold_gain":0,"player_choice":"Healed and dodged fight","damage_taken":0,"max_hp_gain":0,"max_hp_loss":0,"event_name":"Mushrooms","floor":14,"gold_loss":0,"cards_obtained":["Parasite"]},{"damage_healed":0,"gold_gain":0,"player_choice":"Ignored","damage_taken":0,"max_hp_gain":0,"max_hp_loss":0,"event_name":"Vampires","floor":21,"gold_loss":0},{"damage_healed":0,"gold_gain":0,"player_choice":"Rummage","damage_taken":0,"relics_obtained":["WarpedTongs"],"max_hp_gain":0,"max_hp_loss":0,"event_name":"Accursed Blacksmith","floor":22,"gold_loss":0,"cards_obtained":["Pain"]}],"is_beta":false,"boss_relics":[{"not_picked":["Snecko Eye","Tiny House"],"picked":"Sozu"}],"items_purged_floors":[19],"is_endless":false,"potions_floor_spawned":[1,2,5,10,11,20,24,29],"killed_by":"Centurion and Healer","ascension_level":4}}