{"host":"ec09novo68szpe7d","time":1609792995,"event":{"mods":["AchievementEnabler","BaseMod","Bestiary","BetterRewards","Minty Spire (QoL Compilation)","StSLib"],"gold_per_floor":[119,69,87,102,116,144,419,450,450,12,23,23,40,65,65,160,160,176,195,212,112,132,161,36,70,93,93,113,143,154,169,169,169,169],"floor_reached":33,"playtime":2467,"items_purged":["Regret","Strike_G","Strike_G"],"score":439,"play_id":"8730783e-6717-4414-8ecf-2ed6108e9d3f","local_time":"20210104214315","is_ascension_mode":true,"campfire_choices":[{"floor":12.0,"key":"REST"},{"floor":15.0,"key":"REST"},{"data":"Calculated Gamble","floor":32.0,"key":"SMITH"}],"circlet_count":0,"master_deck":["Strike_G","Strike_G","Defend_G","Defend_G","Defend_G","Defend_G","Defend_G","Survivor","Neutralize","CurseOfTheBell","PiercingWail","Calculated Gamble+1","Underhanded Strike","Noxious Fumes","Flying Knee","Noxious Fumes","Poisoned Stab","Backflip+1","Backflip+1","Venomology+1","Poisoned Stab+1","Backstab","Backstab"],"relics":["Calling Bell","Pen Nib","Singing Bowl","Tingsha","Nunchaku","Bottled Flame","Meat on the Bone","Toxic Egg 2","Ninja Scroll","SacredBark","Potion Belt","Happy Flower","MutagenicStrength","Blood Vial"],"acts_visited":["Exordium","TheCity"],"potions_floor_usage":[33,33],"damage_taken":[{"damage":8.0,"enemies":"Small Slimes","floor":1.0,"turns":6.0},{"damage":4.0,"enemies":"Cultist","floor":3.0,"turns":5.0},{"damage":0.0,"enemies":"Jaw Worm","floor":4.0,"turns":2.0},{"damage":0.0,"enemies":"Large Slime","floor":5.0,"turns":7.0},{"damage":8.0,"enemies":"3 Sentries","floor":6.0,"turns":4.0},{"damage":37.0,"enemies":"Lagavulin","floor":8.0,"turns":10.0},{"damage":6.0,"enemies":"Gremlin Gang","floor":11.0,"turns":5.0},{"damage":3.0,"enemies":"Blue Slaver","floor":13.0,"turns":4.0},{"damage":19.0,"enemies":"Gremlin Nob","floor":14.0,"turns":4.0},{"damage":6.0,"enemies":"The Guardian","floor":16.0,"turns":10.0},{"damage":17.0,"enemies":"2 Thieves","floor":18.0,"turns":3.0},{"damage":24.0,"enemies":"3 Byrds","floor":19.0,"turns":5.0},{"damage":11.0,"enemies":"Centurion and Healer","floor":20.0,"turns":7.0},{"damage":6.0,"enemies":"Snecko","floor":22.0,"turns":4.0},{"damage":60.0,"enemies":"Book of Stabbing","floor":23.0,"turns":7.0},{"damage":42.0,"enemies":"Gremlin Leader","floor":25.0,"turns":8.0},{"damage":28.0,"enemies":"Shelled Parasite and Fungi","floor":28.0,"turns":4.0},{"damage":13.0,"enemies":"Book of Stabbing","floor":29.0,"turns":3.0},{"damage":3.0,"enemies":"Snake Plant","floor":30.0,"turns":2.0},{"damage":8.0,"enemies":"3 Cultists","floor":31.0,"turns":6.0},{"damage":59,"enemies":"Automaton","floor":33,"turns":8}],"seed_played":"5414515372057347389","potions_obtained":[{"floor":1.0,"key":"SteroidPotion"},{"floor":5.0,"key":"CunningPotion"},{"floor":6.0,"key":"SpeedPotion"},{"floor":16.0,"key":"ColorlessPotion"},{"floor":18.0,"key":"Regen Potion"},{"floor":19.0,"key":"SkillPotion"},{"floor":23.0,"key":"Weak Potion"}],"is_trial":false,"path_per_floor":["M","?","M","M","M","E","?","E","T","$","M","R","M","E","R","B",null,"M","M","M","$","M","E","$","E","T","?","M","E","M","M","R","B"],"character_chosen":"THE_SILENT","items_purchased":["Toxic Egg 2","Noxious Fumes","Poisoned Stab"],"campfire_rested":2,"item_purchase_floors":[10,10,10],"current_hp_per_floor":[62,62,58,58,58,52,52,15,15,15,23,45,42,35,57,51,68,53,63,54,54,48,42,42,47,47,47,33,32,45,53,53,0,0],"gold":169,"neow_bonus":"BOSS_RELIC","is_daily":false,"chose_seed":false,"campfire_upgraded":1,"win_rate":0.0,"timestamp":1609792995,"path_taken":["M","?","M","M","M","E","?","E","T","$","?","R","M","E","R","BOSS","M","M","M","$","M","E","$","E","T","?","M","E","M","M","R","BOSS"],"items_purchased_type":["Relic","Card","Card"],"build_version":"2020-12-22","purchased_purges":3,"victory":false,"max_hp_per_floor":[70,70,70,70,70,72,72,72,72,72,74,74,74,74,74,74,74,76,76,78,78,78,80,80,82,82,82,84,84,86,88,88,88,88],"card_choices":[{"not_picked":["Outmaneuver","Well Laid Plans"],"picked":"PiercingWail","floor":1.0},{"not_picked":["Riddle With Holes","PiercingWail"],"picked":"Calculated Gamble","floor":3.0},{"not_picked":["Poisoned Stab","A Thousand Cuts"],"picked":"Underhanded Strike","floor":4.0},{"not_picked":["Dodge and Roll","Finisher"],"picked":"Noxious Fumes","floor":5.0},{"not_picked":["Heel Hook","Dodge and Roll","Accuracy"],"picked":"Singing Bowl","floor":6.0},{"not_picked":["Venomology","Infinite Blades"],"picked":"Flying Knee","floor":8.0},{"not_picked":["Blade Dance+1","Dagger Throw","Dodge and Roll+1"],"picked":"Singing Bowl","floor":11.0},{"not_picked":["Deadly Poison+1","Flying Knee"],"picked":"Backflip+1","floor":13.0},{"not_picked":["Bane","Outmaneuver+1"],"picked":"Backflip+1","floor":14.0},{"not_picked":["Grand Finale","Tools of the Trade"],"picked":"Venomology+1","floor":16.0},{"not_picked":["Bane","Terror+1","Skewer"],"picked":"Singing Bowl","floor":18.0},{"not_picked":["Deflect+1","Tactician+1"],"picked":"Poisoned Stab+1","floor":19.0},{"not_picked":["Sucker Punch","Infinite Blades","Concentrate+1"],"picked":"Singing Bowl","floor":20.0},{"not_picked":["Poisoned Stab","Quick Slash"],"picked":"Backstab","floor":22.0},{"not_picked":["Endless Agony","Slice","Phantasmal Killer+1"],"picked":"Singing Bowl","floor":23.0},{"not_picked":["Acrobatics+1","Quick Slash","Flying Knee"],"picked":"Singing Bowl","floor":25.0},{"not_picked":["Backflip+1","Dodge and Roll+1","Eviscerate+1"],"picked":"Singing Bowl","floor":28.0},{"not_picked":["Reflex+1","Tactician+1"],"picked":"Backstab","floor":29.0},{"not_picked":["Quick Slash","Slice+1","Finisher"],"picked":"Singing Bowl","floor":30.0},{"not_picked":["Blade Dance+1","Eviscerate","Bane"],"picked":"Singing Bowl","floor":31.0}],"player_experience":251946,"relics_obtained":[{"floor":0.0,"key":"Pen Nib"},{"floor":0.0,"key":"Singing Bowl"},{"floor":0.0,"key":"Tingsha"},{"floor":6.0,"key":"Nunchaku"},{"floor":8.0,"key":"Bottled Flame"},{"floor":9.0,"key":"Meat on the Bone"},{"floor":14.0,"key":"Ninja Scroll"},{"floor":23.0,"key":"Potion Belt"},{"floor":25.0,"key":"Happy Flower"},{"floor":29.0,"key":"Blood Vial"}],"event_choices":[{"cards_removed":["Strike_G"],"damage_healed":0.0,"max_hp_gain":0.0,"max_hp_loss":0.0,"gold_gain":0.0,"event_name":"The Cleric","player_choice":"Card Removal","floor":2.0,"gold_loss":50.0,"damage_taken":0.0},{"damage_healed":0.0,"max_hp_gain":0.0,"max_hp_loss":0.0,"gold_gain":275.0,"event_name":"Golden Shrine","player_choice":"Desecrate","floor":7.0,"gold_loss":0.0,"damage_taken":0.0,"cards_obtained":["Regret"]},{"damage_healed":0.0,"max_hp_gain":0.0,"max_hp_loss":0.0,"gold_gain":0.0,"event_name":"Drug Dealer","player_choice":"Inject Mutagens","floor":27.0,"gold_loss":0.0,"damage_taken":0.0,"relics_obtained":["MutagenicStrength"]}],"is_beta":false,"boss_relics":[{"not_picked":["Runic Dome","Tiny House"],"picked":"SacredBark"}],"items_purged_floors":[10,21,24],"is_endless":false,"potions_floor_spawned":[1,5,6,16,18,19,23],"killed_by":"Automaton","ascension_level":5}}