{"host":"newqdrzxfhh2im9e","time":1609728010,"event":{"mods":["AchievementEnabler","BaseMod","BetterRewards","Block Reminder","Colored Map","Jorbs\u0027s Wanderer Trilogy","Minty Spire (QoL Compilation)","Rare Cards Sparkle","Shop Mod","StSLib"],"gold_per_floor":[212,229,10,10,10,44,44,61,87,151,151,151,162,176,176,271,271,287,307,8,22,42,42,72,72,72,7,7,19,35,35,35,132,132,152,162,0,18,18,18,29,29,77,77,0,50,50,69,69,69,69],"floor_reached":50,"playtime":2398,"items_purged":[],"score":634,"play_id":"ff75cfda-9b84-4b0b-930b-7fd868287fc4","local_time":"20210103184010","is_ascension_mode":true,"campfire_choices":[{"floor":7,"key":"REST"},{"floor":15,"key":"REST"},{"floor":23,"key":"REST"},{"data":"Sunder","floor":25,"key":"SMITH"},{"floor":32,"key":"REST"},{"floor":40,"key":"REST"},{"data":"Machine Learning","floor":42,"key":"SMITH"},{"data":"Defragment","floor":49,"key":"SMITH"}],"circlet_count":0,"master_deck":["Strike_B+1","Strike_B+1","Strike_B+1","Strike_B+1","Defend_B+1","Defend_B+1","Defend_B+1","Defend_B+1","Zap","Dualcast","Rip and Tear+1","Auto Shields","Static Discharge","Doom and Gloom+1","Chill+1","Undo+1","Genetic Algorithm+1","Stack+1","Buffer","CurseOfTheBell","Leap+1","Rebound+1","Sunder+1","Force Field+1","Skim+1","Chill+1","Multi-Cast+1","Loop+1","Defragment","Blind+1","Rip and Tear","Streamline+1","Chaos+1","Defragment+1","Machine Learning+1","Conserve Battery+1","Capacitor","Dark Shackles+1","Ball Lightning+1","Melter+1","Bandage Up+1","Blizzard+1","Sunder+1"],"relics":["Cracked Core","Membership Card","Regal Pillow","Oddly Smooth Stone","DataDisk","Toxic Egg 2","Dream Catcher","Calling Bell","Potion Belt","Symbiotic Virus","Thread and Needle","Vajra","PreservedInsect","Pen Nib","Du-Vu Doll","Nuclear Battery","Medical Kit","Boot","Red Mask","Incense Burner"],"acts_visited":["Exordium","TheCity","TheBeyond"],"potions_floor_usage":[16,16,19,21,24,33,33,38,38,46],"damage_taken":[{"damage":2,"enemies":"Jaw Worm","floor":1,"turns":3},{"damage":8,"enemies":"2 Louse","floor":2,"turns":2},{"damage":40,"enemies":"Gremlin Nob","floor":6,"turns":5},{"damage":8,"enemies":"Small Slimes","floor":8,"turns":2},{"damage":18,"enemies":"3 Sentries","floor":10,"turns":5},{"damage":1,"enemies":"Exordium Thugs","floor":13,"turns":4},{"damage":11,"enemies":"Red Slaver","floor":14,"turns":3},{"damage":14,"enemies":"The Guardian","floor":16,"turns":12},{"damage":0,"enemies":"Chosen","floor":18,"turns":6},{"damage":21,"enemies":"3 Byrds","floor":19,"turns":6},{"damage":11,"enemies":"Snake Plant","floor":21,"turns":1},{"damage":13,"enemies":"Shelled Parasite and Fungi","floor":22,"turns":8},{"damage":0,"enemies":"Slavers","floor":24,"turns":6},{"damage":0,"enemies":"Centurion and Healer","floor":29,"turns":12},{"damage":6,"enemies":"Cultist and Chosen","floor":30,"turns":10},{"damage":43,"enemies":"Automaton","floor":33,"turns":9},{"damage":3,"enemies":"3 Darklings","floor":35,"turns":8},{"damage":0,"enemies":"Orb Walker","floor":36,"turns":2},{"damage":17,"enemies":"4 Shapes","floor":38,"turns":6},{"damage":7,"enemies":"Jaw Worm Horde","floor":41,"turns":6},{"damage":0,"enemies":"Mind Bloom Boss Battle","floor":46,"turns":7},{"damage":0,"enemies":"Sphere and 2 Shapes","floor":48,"turns":3},{"damage":76,"enemies":"Awakened One","floor":50,"turns":8}],"seed_played":"-8820628440779637202","potions_obtained":[{"floor":10,"key":"PowerPotion"},{"floor":14,"key":"Fire Potion"},{"floor":18,"key":"DuplicationPotion"},{"floor":19,"key":"Ancient Potion"},{"floor":24,"key":"Dexterity Potion"},{"floor":30,"key":"Energy Potion"},{"floor":36,"key":"Fire Potion"},{"floor":41,"key":"Energy Potion"}],"is_trial":false,"path_per_floor":["M","M","$","?","$","E","R","M","T","?","?","?","M","M","R","B",null,"M","M","$","M","M","R","E","R","T","$","?","M","M","?","R","B",null,"M","M","$","M","$","R","M","R","T","?","?","?","?","M","R","B"],"character_chosen":"DEFECT","items_purchased":["Membership Card","Regal Pillow","Vajra","PreservedInsect","Sunder","Force Field+1","Skim+1","Static Discharge","AttackPotion","Blind+1","Rip and Tear","Capacitor","Dark Shackles+1","Medical Kit","BlessingOfTheForge"],"campfire_rested":5,"item_purchase_floors":[3,3,20,20,20,20,20,20,20,27,27,37,37,37,37],"current_hp_per_floor":[73,65,65,65,65,25,62,54,54,36,24,49,48,37,74,60,71,71,50,50,39,26,63,63,63,63,63,63,63,57,57,75,32,64,61,61,61,44,44,75,68,68,68,68,68,74,74,74,74,0,0],"gold":69,"neow_bonus":"HUNDRED_GOLD","is_daily":false,"chose_seed":false,"campfire_upgraded":3,"win_rate":0.0,"timestamp":1609728010,"path_taken":["M","M","$","?","$","E","R","M","T","?","?","?","M","M","R","BOSS","M","M","$","M","M","R","E","R","T","$","?","?","M","?","R","BOSS","M","M","$","M","$","R","M","R","T","?","?","?","?","M","R","BOSS"],"items_purchased_type":["Relic","Relic","Relic","Relic","Card","Card","Card","Card","Potion","Card","Card","Card","Card","Relic","Potion"],"build_version":"2020-12-22","purchased_purges":0,"victory":false,"max_hp_per_floor":[75,75,75,75,75,75,75,75,75,75,75,75,75,75,75,75,75,75,75,75,75,75,75,75,75,75,75,75,75,75,75,75,75,75,75,75,75,75,75,75,75,75,75,75,75,75,75,75,75,75,75],"card_choices":[{"not_picked":["Barrage","Turbo"],"picked":"Rip and Tear","floor":1},{"not_picked":["Aggregate","Cold Snap"],"picked":"Auto Shields","floor":2},{"not_picked":["Consume","Scrape"],"picked":"Static Discharge","floor":6},{"not_picked":["Beam Cell","Recycle"],"picked":"Doom and Gloom","floor":8},{"not_picked":["Capacitor","Double Energy+1"],"picked":"Chill+1","floor":10},{"not_picked":["Loop","Leap+1"],"picked":"Undo+1","floor":13},{"not_picked":["Sweeping Beam","Aggregate+1"],"picked":"Genetic Algorithm+1","floor":14},{"not_picked":["Sweeping Beam","Compile Driver"],"picked":"Stack+1","floor":15},{"not_picked":["Biased Cognition","Seek+1"],"picked":"Buffer","floor":16},{"not_picked":["Steam Power+1","Compile Driver"],"picked":"Leap+1","floor":18},{"not_picked":["Steam+1","Coolheaded+1"],"picked":"Rebound+1","floor":19},{"not_picked":["Go for the Eyes","Leap+1"],"picked":"Chill+1","floor":21},{"not_picked":["Aggregate+1","Reprogram+1"],"picked":"Multi-Cast+1","floor":22},{"not_picked":["Beam Cell","Turbo+1"],"picked":"Loop+1","floor":23},{"not_picked":["Gash+1","Capacitor"],"picked":"Defragment","floor":24},{"not_picked":["Redo+1","Turbo+1"],"picked":"Streamline+1","floor":29},{"not_picked":["Doom and Gloom","Stack+1"],"picked":"Chaos+1","floor":30},{"not_picked":["Rebound","Streamline"],"picked":"Defragment","floor":32},{"not_picked":["Buffer","Core Surge"],"picked":"Machine Learning","floor":33},{"not_picked":["Glacier+1","Steam+1"],"picked":"Conserve Battery+1","floor":35},{"not_picked":["Leap+1","Steam Power+1","Go for the Eyes"],"picked":"SKIP","floor":36},{"not_picked":["Stack+1","Reinforced Body+1","FTL"],"picked":"SKIP","floor":38},{"not_picked":["Hologram+1","Rebound"],"picked":"Ball Lightning+1","floor":40},{"not_picked":["Conserve Battery+1","Skim+1"],"picked":"Melter+1","floor":41},{"not_picked":["Thinking Ahead+1","Mayhem"],"picked":"Bandage Up+1","floor":44},{"not_picked":["Hologram+1","Sweeping Beam"],"picked":"Blizzard+1","floor":46},{"not_picked":["Melter","Steam+1"],"picked":"Sunder+1","floor":48}],"player_experience":683701,"relics_obtained":[{"floor":6,"key":"Oddly Smooth Stone"},{"floor":9,"key":"DataDisk"},{"floor":10,"key":"Toxic Egg 2"},{"floor":17,"key":"Potion Belt"},{"floor":17,"key":"Symbiotic Virus"},{"floor":17,"key":"Thread and Needle"},{"floor":24,"key":"Pen Nib"},{"floor":26,"key":"Du-Vu Doll"},{"floor":43,"key":"Boot"},{"floor":46,"key":"Incense Burner"}],"event_choices":[{"damage_healed":0,"gold_gain":0,"player_choice":"Grow","damage_taken":0,"max_hp_gain":0,"max_hp_loss":0,"event_name":"Living Wall","floor":4,"gold_loss":0,"cards_upgraded":["Rip and Tear"]},{"damage_healed":0,"gold_gain":0,"player_choice":"Searched \u00271\u0027 times","damage_taken":0,"max_hp_gain":0,"max_hp_loss":0,"event_name":"Dead Adventurer","floor":10,"gold_loss":0},{"damage_healed":0,"gold_gain":0,"player_choice":"Success","damage_taken":12,"relics_obtained":["Dream Catcher"],"max_hp_gain":0,"max_hp_loss":0,"event_name":"Scrap Ooze","floor":11,"gold_loss":0},{"damage_healed":25,"gold_gain":0,"player_choice":"Banana","damage_taken":0,"max_hp_gain":0,"max_hp_loss":0,"event_name":"Big Fish","floor":12,"gold_loss":0},{"damage_healed":0,"gold_gain":0,"player_choice":"Upgraded","damage_taken":0,"max_hp_gain":0,"max_hp_loss":0,"event_name":"Upgrade Shrine","floor":28,"gold_loss":0,"cards_upgraded":["Doom and Gloom"]},{"damage_healed":0,"gold_gain":0,"player_choice":"Simplicity","damage_taken":0,"max_hp_gain":0,"max_hp_loss":0,"event_name":"Back to Basics","floor":31,"gold_loss":0,"cards_upgraded":["Strike_B","Strike_B","Strike_B","Strike_B","Defend_B","Defend_B","Defend_B","Defend_B"]},{"damage_healed":0,"gold_gain":0,"player_choice":"Memory 1","damage_taken":0,"max_hp_gain":0,"max_hp_loss":0,"event_name":"SensoryStone","floor":44,"gold_loss":0},{"damage_healed":0,"gold_gain":0,"player_choice":"Paid","damage_taken":0,"relics_obtained":["Red Mask"],"max_hp_gain":0,"max_hp_loss":0,"event_name":"Tomb of Lord Red Mask","floor":45,"gold_loss":77},{"damage_healed":0,"gold_gain":0,"player_choice":"Fight","damage_taken":0,"max_hp_gain":0,"max_hp_loss":0,"event_name":"MindBloom","floor":46,"gold_loss":0},{"cards_removed":["Static Discharge"],"damage_healed":0,"gold_gain":0,"player_choice":"Removed Power","damage_taken":0,"max_hp_gain":0,"max_hp_loss":0,"event_name":"Falling","floor":47,"gold_loss":0}],"is_beta":false,"boss_relics":[{"not_picked":["FrozenCore","Runic Dome"],"picked":"Calling Bell"},{"not_picked":["Runic Pyramid","Cursed Key"],"picked":"Nuclear Battery"}],"items_purged_floors":[],"is_endless":false,"potions_floor_spawned":[10,14,18,19,24,30,36,41],"killed_by":"Awakened One","ascension_level":5}}