{"host":"y89x8uui45kcjy42","time":1609760518,"event":{"mods":["2.2 Compatiblity","BaseMod","CapriCore","Colored Map","Colored Powertips","Custom Start","Friendly Minions","Keyboard Shortcuts","Lobotomy","Minty Spire (QoL Compilation)","Relic Stats","Slay the Relics Exporter","StSLib","SuperFastMode","Uncapped"],"gold_per_floor":[115,115,115,115,20,20,20],"floor_reached":6,"playtime":83,"items_purged":[],"score":64,"play_id":"77bdd47d-cafd-4367-9fec-aeafc0ffa12f","local_time":"20210104204158","is_ascension_mode":true,"campfire_choices":[],"circlet_count":0,"master_deck":["AscendersBane","Strike_G","Strike_G+1","Strike_G","Strike_G","Strike_G","Defend_G","Defend_G","Defend_G","Defend_G+1","Defend_G","Survivor","Neutralize","ShyLook","Flechettes"],"relics":["Ring of the Snake","CogitoBucket","Ornamental Fan","WingedGreaves","Frozen Egg 2"],"acts_visited":["Exordium"],"potions_floor_usage":[],"damage_taken":[{"damage":4,"enemies":"Small Slimes","floor":1,"turns":4},{"damage":35,"enemies":"Lagavulin","floor":6,"turns":5}],"seed_played":"-3512285690944949417","potions_obtained":[],"is_trial":false,"path_per_floor":["M","?","?","T","?","E"],"character_chosen":"THE_SILENT","items_purchased":[],"campfire_rested":0,"item_purchase_floors":[],"current_hp_per_floor":[55,50,30,30,30,0,0],"gold":20,"neow_bonus":"","is_daily":false,"chose_seed":false,"campfire_upgraded":0,"win_rate":0.0,"timestamp":1609760518,"path_taken":["M","?","?","?","?","E"],"items_purchased_type":[],"build_version":"2020-12-22","purchased_purges":0,"victory":false,"max_hp_per_floor":[66,66,66,66,66,66,66],"relic_stats":{"counters":[2,9],"Ornamental Fan":[4],"obtain_stats":[{"CogitoBucket":0,"Ornamental Fan":2,"WingedGreaves":3,"Frozen Egg 2":5,"Ring of the Snake":0},{"CogitoBucket":0,"Ornamental Fan":1,"WingedGreaves":1,"Frozen Egg 2":1,"Ring of the Snake":0},{"CogitoBucket":0,"Ornamental Fan":4,"WingedGreaves":4,"Frozen Egg 2":4,"Ring of the Snake":0}],"Ring of the Snake":[4]},"card_choices":[{"not_picked":["SnowQueen","CrumblingArmor"],"picked":"ShyLook","floor":1},{"not_picked":["Bane","Skewer"],"picked":"Flechettes","floor":1}],"player_experience":562784,"relics_obtained":[],"event_choices":[{"damage_healed":0,"gold_gain":0,"player_choice":"Success","damage_taken":5,"relics_obtained":["Ornamental Fan"],"max_hp_gain":0,"max_hp_loss":0,"event_name":"Scrap Ooze","floor":2,"gold_loss":0},{"damage_healed":0,"gold_gain":0,"player_choice":"Entered Light","damage_taken":20,"max_hp_gain":0,"max_hp_loss":0,"event_name":"Shining Light","floor":3,"gold_loss":0,"cards_upgraded":["Defend_G","Strike_G"]},{"damage_healed":0,"gold_gain":0,"player_choice":"Paid Gold","damage_taken":0,"relics_obtained":["Frozen Egg 2"],"max_hp_gain":0,"max_hp_loss":0,"event_name":"WeMeetAgain","floor":5,"gold_loss":95}],"is_beta":false,"boss_relics":[],"items_purged_floors":[],"is_endless":false,"potions_floor_spawned":[],"killed_by":"Lagavulin","ascension_level":20}}