{"host":"Bilverbakes","time":1609756523,"event":{"mods":["2.2 Compatiblity","AchievementEnabler","BaseMod","Bestiary","Colored Map","Minty Spire (QoL Compilation)","Relic Stats","StSLib","ojb\u0027s Info Mod"],"gold_per_floor":[149,149,183,183,222,222,273,323,349,417,459,459,527,610,610,684,684,642,707,745,182,182,214,214,214,214],"floor_reached":25,"playtime":1321,"items_purged":["Strike_B"],"score":454,"play_id":"57606271-a9c6-46c7-bb9c-bfb80ea724be","local_time":"20210104043523","is_ascension_mode":true,"campfire_choices":[{"data":"HandOfGreed","floor":6.0,"key":"SMITH"},{"floor":12.0,"key":"REST"},{"data":"Reprogram","floor":15.0,"key":"SMITH"},{"floor":24,"key":"REST"}],"circlet_count":0,"master_deck":["AscendersBane","Strike_B","Strike_B","Strike_B","Defend_B","Defend_B","Defend_B","Defend_B","Zap","Dualcast","HandOfGreed+1","Conserve Battery","Rip and Tear","Reprogram+1","Hologram","Steam","Seek","Reboot","FTL","Auto Shields","Hyperbeam","Hyperbeam","Undo","Beam Cell","BootSequence","Rip and Tear","Auto Shields","Ghostly","Ghostly","Ghostly"],"relics":["Cracked Core","Nunchaku","Oddly Smooth Stone","Happy Flower","Vajra","SacredBark","Orrery","Ornamental Fan"],"acts_visited":["Exordium","TheCity"],"potions_floor_usage":[19,20,23,23],"damage_taken":[{"damage":5.0,"enemies":"Small Slimes","floor":1.0,"turns":4.0},{"damage":3.0,"enemies":"2 Louse","floor":3.0,"turns":4.0},{"damage":0.0,"enemies":"Cultist","floor":5.0,"turns":3.0},{"damage":23.0,"enemies":"Lagavulin","floor":7.0,"turns":6.0},{"damage":11.0,"enemies":"3 Louse","floor":10.0,"turns":4.0},{"damage":5.0,"enemies":"Looter","floor":11.0,"turns":2.0},{"damage":12.0,"enemies":"Large Slime","floor":13.0,"turns":6.0},{"damage":10.0,"enemies":"3 Sentries","floor":14.0,"turns":7.0},{"damage":7.0,"enemies":"Hexaghost","floor":16.0,"turns":9.0},{"damage":16.0,"enemies":"2 Thieves","floor":18.0,"turns":5.0},{"damage":10,"enemies":"3 Byrds","floor":19,"turns":8},{"damage":15,"enemies":"Snecko","floor":20,"turns":4},{"damage":1,"enemies":"Book of Stabbing","floor":23,"turns":6},{"damage":0,"enemies":"Gremlin Leader","floor":25,"turns":2}],"seed_played":"6402193825562869336","potions_obtained":[{"floor":1.0,"key":"PotionOfCapacity"},{"floor":5.0,"key":"BlessingOfTheForge"},{"floor":7.0,"key":"Regen Potion"},{"floor":18.0,"key":"GamblersBrew"},{"floor":19,"key":"ColorlessPotion"}],"is_trial":false,"path_per_floor":["M","?","M","?","M","R","E","?","T","M","M","R","M","E","R","B",null,"M","M","M","$","?","E","R","E"],"character_chosen":"DEFECT","items_purchased":["Orrery","BootSequence","SpeedPotion","FearPotion","Rip and Tear","Auto Shields"],"campfire_rested":2,"item_purchase_floors":[21,21,21,21,21,21],"current_hp_per_floor":[41,64,61,56,56,56,33,33,33,22,17,38,41,31,31,24,59,43,33,18,18,18,17,27,27,27],"gold":214,"neow_bonus":"RANDOM_COLORLESS_2","is_daily":false,"chose_seed":false,"campfire_upgraded":2,"win_rate":0.0,"timestamp":1609756523,"path_taken":["M","?","M","?","M","R","E","?","T","M","?","R","M","E","R","BOSS","M","M","M","$","?","E","R","E"],"items_purchased_type":["Relic","Card","Potion","Potion","Card","Card"],"build_version":"2020-12-18","purchased_purges":1,"victory":false,"max_hp_per_floor":[71,71,71,71,71,71,71,71,71,71,71,71,71,71,71,71,71,71,71,71,71,35,35,35,35,35],"relic_stats":{"Nunchaku":[7],"Happy Flower":[17],"counters":[14,70],"Ornamental Fan":[0],"obtain_stats":[{"Nunchaku":4,"Happy Flower":9,"Ornamental Fan":23,"SacredBark":17,"Oddly Smooth Stone":7,"Vajra":14,"Orrery":21,"Cracked Core":0},{"Nunchaku":2,"Happy Flower":4,"Ornamental Fan":13,"SacredBark":9,"Oddly Smooth Stone":4,"Vajra":8,"Orrery":12,"Cracked Core":0},{"Nunchaku":8,"Happy Flower":17,"Ornamental Fan":68,"SacredBark":45,"Oddly Smooth Stone":17,"Vajra":36,"Orrery":62,"Cracked Core":0}]},"card_choices":[{"not_picked":["Master of Strategy","Thinking Ahead"],"picked":"HandOfGreed","floor":0.0},{"not_picked":["Rebound","Tempest","Hello World"],"picked":"SKIP","floor":1.0},{"not_picked":["Cold Snap","Barrage"],"picked":"Conserve Battery","floor":3.0},{"not_picked":["FTL","Ball Lightning"],"picked":"Rip and Tear","floor":5.0},{"not_picked":["Creative AI","Gash"],"picked":"Reprogram","floor":7.0},{"not_picked":["Barrage","Redo"],"picked":"Hologram","floor":10.0},{"not_picked":["Scrape","Lockon","Recycle"],"picked":"SKIP","floor":11.0},{"not_picked":["Ball Lightning","Coolheaded"],"picked":"Steam","floor":13.0},{"not_picked":["Turbo","Compile Driver"],"picked":"Seek","floor":14.0},{"not_picked":["Thunder Strike","Meteor Strike"],"picked":"Reboot","floor":16.0},{"not_picked":["Double Energy","Compile Driver+1"],"picked":"FTL","floor":18.0},{"not_picked":["Steam","Defragment+1","Rebound"],"picked":"SKIP","floor":19},{"not_picked":["Rebound","Beam Cell"],"picked":"Auto Shields","floor":20},{"not_picked":["Turbo","Tempest"],"picked":"Hyperbeam","floor":21},{"not_picked":["Ball Lightning+1","Lockon"],"picked":"Hyperbeam","floor":21},{"not_picked":["Compile Driver","Hologram"],"picked":"Undo","floor":21},{"not_picked":["Hello World","Barrage+1"],"picked":"Beam Cell","floor":21},{"not_picked":["All For One","Skim","Ball Lightning"],"picked":"SKIP","floor":23}],"player_experience":575265,"relics_obtained":[{"floor":7.0,"key":"Oddly Smooth Stone"},{"floor":9.0,"key":"Happy Flower"},{"floor":14.0,"key":"Vajra"},{"floor":23,"key":"Ornamental Fan"}],"event_choices":[{"damage_healed":23.0,"max_hp_gain":0.0,"max_hp_loss":0.0,"gold_gain":0.0,"event_name":"Big Fish","player_choice":"Banana","floor":2.0,"gold_loss":0.0,"damage_taken":0.0},{"damage_healed":0.0,"max_hp_gain":0.0,"max_hp_loss":0.0,"gold_gain":0.0,"event_name":"Scrap Ooze","player_choice":"Success","floor":4.0,"gold_loss":0.0,"damage_taken":5.0,"relics_obtained":["Nunchaku"]},{"damage_healed":0.0,"max_hp_gain":0.0,"max_hp_loss":0.0,"gold_gain":50.0,"event_name":"Golden Shrine","player_choice":"Pray","floor":8.0,"gold_loss":0.0,"damage_taken":0.0},{"damage_healed":0,"gold_gain":0,"player_choice":"Became a Ghost","damage_taken":0,"max_hp_gain":0,"max_hp_loss":36,"event_name":"Ghosts","floor":22,"gold_loss":0,"cards_obtained":["Ghostly","Ghostly","Ghostly"]}],"is_beta":true,"boss_relics":[{"not_picked":["Runic Dome","Black Star"],"picked":"SacredBark"}],"items_purged_floors":[21],"is_endless":false,"potions_floor_spawned":[1,5,7,18,19],"killed_by":"Gremlin Leader","ascension_level":19}}