{"host":"fhfrys8rsohjmyb0","time":1609803567,"event":{"mods":["Aspiration","BaseMod","Beaked The Cultist","Chat Monstrosity","Colored Powertips","Conspire","Downfall","Googly Eyes","Halation","Hermit","Highlight Path","Hubris","Infinite Spire","Minty Spire (QoL Compilation)","Replay The Spire","ShortenTheSpire","Spikes Relics","StSLib","SuperFastMode","The Bug Knight","The Construct","The Cursed","The Disciple","The Elementalist","The IronCluck","The Jungle","The Runesmith","TheBandit","slay the spire mod where everything is the same but ironclad has a cowboy hat"],"gold_per_floor":[112,112,112,112,39,66,82,82,82,110,125,46,66,100,100,203,203,220,220,220,233,249,280,280,379,379,379,395,395,395,395,395,498,498,516,35,54,71,84,110,110,160,160,160,160,171,188,188,188,188],"floor_reached":48,"playtime":2717,"items_purged":["wariomod:SpikeSlash+1"],"score":625,"play_id":"b2cebd3e-4417-4e0d-be10-6f375e357a4c","local_time":"20210104233927","is_ascension_mode":true,"campfire_choices":[{"data":"wariomod:WhirlwindBurst","floor":8,"key":"SMITH"},{"floor":15,"key":"REST"},{"floor":24,"key":"REST"},{"floor":27,"key":"REST"},{"floor":32,"key":"REST"},{"floor":41,"key":"REST"},{"floor":44,"key":"RECALL"}],"circlet_count":0,"master_deck":["wariomod:Strike+1","wariomod:Strike","wariomod:Strike","wariomod:Strike+1","wariomod:Defend","wariomod:Defend","wariomod:Defend","wariomod:Defend","wariomod:Step","wariomod:Leap","wariomod:Hopshield","wariomod:WhirlwindBurst+1","wariomod:EndlessBlast","wariomod:BlastDash","wariomod:DeadlyDash+1","wariomod:TempestBlasts","wariomod:SilenceBombs","wariomod:Immortalize","wariomod:MassiveParty+1","wariomod:BodyBlock","wariomod:DeepDig","wariomod:HappyHit","wariomod:MassiveParty+1","wariomod:Enshrine","wariomod:SmackSlam+1","wariomod:TempestBlasts","wariomod:DeepDig","wariomod:CursedSpaces","wariomod:DeepDig+1","wariomod:Goblast","wariomod:BigUpgrade","wariomod:Purify","wariomod:ImFeelingLucky"],"relics":["wariomod:TheHat","NeowsBlessing","Strawberry","conspire:DecoderRing","SnailShell","Regal Pillow","hubris:SlimyHat","Unceasing Top","hubris:FruitBowl","conspire:Flyswatter","Happy Flower","wariomod:PropellerHat","Guide Book","SpikesRelics:DaevaFist","Blue Candle"],"acts_visited":["Exordium","TheCity","TheBeyond"],"potions_floor_usage":[10,14,16,38,46,46,47,47,47,47,47],"damage_taken":[{"damage":0,"enemies":"2 Louse","floor":1,"turns":2},{"damage":0,"enemies":"Gremlin Nob","floor":6,"turns":1},{"damage":0,"enemies":"Small Slimes","floor":7,"turns":3},{"damage":53,"enemies":"Lagavulin","floor":10,"turns":7},{"damage":5,"enemies":"Jaw Worm","floor":11,"turns":4},{"damage":10,"enemies":"Blue Slaver","floor":13,"turns":4},{"damage":0,"enemies":"Gremlin Nob","floor":14,"turns":4},{"damage":41,"enemies":"The Guardian","floor":16,"turns":10},{"damage":28,"enemies":"Spheric Guardian","floor":18,"turns":5},{"damage":27,"enemies":"Snake Plant","floor":21,"turns":5},{"damage":9,"enemies":"conspire:HollyBat","floor":22,"turns":6},{"damage":39,"enemies":"Book of Stabbing","floor":23,"turns":6},{"damage":19,"enemies":"Snecko","floor":28,"turns":6},{"damage":51,"enemies":"Collector","floor":33,"turns":9},{"damage":21,"enemies":"3 Shapes","floor":35,"turns":3},{"damage":8,"enemies":"3 Darklings","floor":37,"turns":2},{"damage":31,"enemies":"Transient","floor":38,"turns":5},{"damage":0,"enemies":"3 Darklings","floor":39,"turns":3},{"damage":4,"enemies":"Giant Head","floor":40,"turns":4},{"damage":64,"enemies":"Transient","floor":46,"turns":5},{"damage":10,"enemies":"Maw","floor":47,"turns":7},{"damage":11,"enemies":"HollowMod:SlobberingHusk","floor":48,"turns":2}],"seed_played":"-5843649720193153426","potions_obtained":[{"floor":1,"key":"infinitespire:BlackPotion"},{"floor":6,"key":"AttackPotion"},{"floor":11,"key":"SkillPotion"},{"floor":21,"key":"Toxic Potion"},{"floor":23,"key":"Adrenaline Potion"},{"floor":28,"key":"champ:CounterPotion"},{"floor":40,"key":"champ:CounterPotion"},{"floor":46,"key":"SkillPotion"}],"is_trial":false,"path_per_floor":["M","?","?","?","$","E","M","R","T","E","M","$","M","E","R","B",null,"M","?","?","M","M","E","R","?","T","R","M","?","$","T","R","B",null,"M","$","M","M","M","E","R","?","T","R","?","M","M","M"],"character_chosen":"THE_BANDIT","items_purchased":["wariomod:WhirlwindBurst","wariomod:SilenceBombs","hubris:FruitBowl","conspire:Flyswatter","Guide Book","wariomod:TempestBlasts","wariomod:DeepDig","EntropicBrew"],"campfire_rested":5,"item_purchase_floors":[5,12,30,30,36,36,36,36],"current_hp_per_floor":[80,87,87,70,70,70,70,70,70,17,12,12,2,2,43,2,87,59,59,97,70,61,22,66,66,66,97,78,78,43,43,87,36,97,76,76,68,37,37,33,77,77,77,77,77,13,3,0,0,0],"gold":188,"neow_bonus":"THREE_ENEMY_KILL","is_daily":false,"chose_seed":false,"campfire_upgraded":1,"win_rate":0.0,"timestamp":1609803567,"path_taken":["M","?","?","?","?","E","?","R","T","E","M","$","M","E","R","BOSS","M","?","?","?","M","E","R","?","T","R","M","?","?","?","R","BOSS","M","$","M","?","M","E","R","?","T","R","?","M","M","M"],"items_purchased_type":["Card","Card","Relic","Relic","Relic","Card","Card","Potion"],"build_version":"2020-12-22","purchased_purges":1,"victory":false,"max_hp_per_floor":[80,87,87,87,87,87,87,87,87,87,87,87,87,87,87,87,87,87,87,97,97,97,97,97,97,97,97,97,97,97,97,97,97,97,97,97,97,97,97,97,97,97,97,97,97,97,97,97,97,97],"card_choices":[{"not_picked":["wariomod:HappyHop","wariomod:SelfImprison"],"picked":"wariomod:Hopshield","floor":1},{"not_picked":["wariomod:ImFeelingLucky","wariomod:DeepDig"],"picked":"wariomod:EndlessBlast","floor":6},{"not_picked":["wariomod:SmallSprint","wariomod:PayItForwards"],"picked":"wariomod:BlastDash","floor":7},{"not_picked":["wariomod:GreaterGuard","wariomod:ThatsNotAll"],"picked":"wariomod:DeadlyDash","floor":10},{"not_picked":["wariomod:Smackflip","wariomod:WhirlwindBurst"],"picked":"wariomod:TempestBlasts","floor":11},{"not_picked":["wariomod:GreaterGuard","wariomod:BlastDash"],"picked":"wariomod:Immortalize","floor":13},{"not_picked":["wariomod:BlastDash","wariomod:DanceDash"],"picked":"wariomod:MassiveParty","floor":14},{"not_picked":["wariomod:Sidestep","wariomod:SpacialMastery"],"picked":"wariomod:ShipSmash","floor":16},{"not_picked":["wariomod:ThatsNotAll+1","wariomod:Smackflip+1"],"picked":"wariomod:BodyBlock","floor":18},{"not_picked":["wariomod:BoomBoom+1","wariomod:DisarmingMoves"],"picked":"wariomod:SpikeSlash+1","floor":21},{"not_picked":["wariomod:Leapslam","wariomod:ChargeForth"],"picked":"wariomod:DeepDig","floor":22},{"not_picked":["wariomod:OctoJump","wariomod:DanceDash+1"],"picked":"wariomod:HappyHit","floor":23},{"not_picked":["wariomod:PayItForwards","wariomod:BodyBlock"],"picked":"wariomod:MassiveParty","floor":28},{"not_picked":["wariomod:FabulousPrizes","wariomod:AbandonGame"],"picked":"wariomod:Enshrine","floor":33},{"not_picked":["wariomod:RacingSpeed","wariomod:Game+1"],"picked":"wariomod:SmackSlam+1","floor":35},{"not_picked":["wariomod:Leapslam+1","wariomod:SmallSprint+1"],"picked":"wariomod:CursedSpaces","floor":37},{"not_picked":["wariomod:DamnedStrength+1","wariomod:SpaceSwap+1"],"picked":"wariomod:DeepDig+1","floor":38},{"not_picked":["wariomod:NullJump+1","wariomod:Boomsmack+1"],"picked":"wariomod:Goblast","floor":39},{"not_picked":["wariomod:Game+1","wariomod:DisarmingMoves+1"],"picked":"wariomod:BigUpgrade","floor":40},{"not_picked":["wariomod:DeepDig+1","wariomod:SilenceBombs+1"],"picked":"wariomod:Purify","floor":46},{"not_picked":["wariomod:Game","wariomod:DamnedStrength"],"picked":"wariomod:ImFeelingLucky","floor":47}],"player_experience":261078,"relics_obtained":[{"floor":2,"key":"Strawberry"},{"floor":6,"key":"conspire:DecoderRing"},{"floor":10,"key":"SnailShell"},{"floor":14,"key":"Regal Pillow"},{"floor":23,"key":"hubris:SlimyHat"},{"floor":26,"key":"Unceasing Top"},{"floor":31,"key":"Happy Flower"},{"floor":40,"key":"SpikesRelics:DaevaFist"},{"floor":43,"key":"Blue Candle"}],"event_choices":[{"damage_healed":0,"gold_gain":0,"player_choice":"Leave","damage_taken":0,"max_hp_gain":0,"max_hp_loss":0,"event_name":"The Cleric","floor":3,"gold_loss":0},{"damage_healed":0,"gold_gain":0,"player_choice":"Entered Light","damage_taken":17,"max_hp_gain":0,"max_hp_loss":0,"event_name":"Shining Light","floor":4,"gold_loss":0,"cards_upgraded":["wariomod:Strike","wariomod:Strike"]},{"cards_removed":["wariomod:ShipSmash"],"damage_healed":28,"gold_gain":0,"player_choice":"Offered Rare","damage_taken":0,"max_hp_gain":10,"max_hp_loss":0,"event_name":"Bonfire Elementals","floor":20,"gold_loss":0},{"damage_healed":0,"gold_gain":99,"player_choice":"Stole From Cult","damage_taken":0,"max_hp_gain":0,"max_hp_loss":0,"event_name":"Nest","floor":25,"gold_loss":0},{"damage_healed":0,"gold_gain":0,"player_choice":"Leave","damage_taken":0,"max_hp_gain":0,"max_hp_loss":0,"event_name":"conspire:Investor","floor":29,"gold_loss":0},{"damage_healed":0,"gold_gain":0,"player_choice":"Ignored","damage_taken":0,"max_hp_gain":0,"max_hp_loss":0,"event_name":"Mysterious Sphere","floor":45,"gold_loss":0}],"is_beta":false,"boss_relics":[{"not_picked":["Replay:Fungal Core","wariomod:DoomHat","Ectoplasm"]},{"not_picked":["conspire:RoyalGoblet","aspiration:RunesmithSkillbook"],"picked":"wariomod:PropellerHat"}],"items_purged_floors":[36],"is_endless":false,"potions_floor_spawned":[1,6,11,21,23,28,37,40,46],"killed_by":"HollowMod:SlobberingHusk","ascension_level":1}}