{"host":"d1za9dvx43o9v494","time":1609782709,"event":{"mods":["2.2 Compatiblity","BaseMod","Better-Laid Plans","Colored Map","Downfall","Emptier Cage","Marked Mod","Minty Spire (QoL Compilation)","Permanent Neow","StSLib"],"gold_per_floor":[99,109,259,259,259,329,329,345,377,527,427,477,489,592,604,709,709,709,726,737,787,937,452,525,575,601,651,651,686,90,121,134,231,231,231,250,17,67,80,13,95,158,158,192,315,315,349,149,163,163,163,195,124,124,124,124],"floor_reached":57,"playtime":6098,"items_purged":["bronze:Strike"],"score":1675,"play_id":"9ab99626-732a-4b92-8b5c-099cc308d449","local_time":"20210104205149","is_ascension_mode":true,"campfire_choices":[{"floor":1.0,"key":"RECALL"},{"data":"bronze:FollowUp","floor":11.0,"key":"SMITH"},{"data":"bronze:HardenedForm","floor":18.0,"key":"SMITH"},{"data":"bronze:Iterate","floor":28.0,"key":"SMITH"},{"data":"bronze:Format","floor":35,"key":"SMITH"},{"data":"bronze:Optimize","floor":43,"key":"SMITH"},{"data":"bronze:Iterate","floor":48,"key":"SMITH"},{"data":"expansioncontent:DecasProtection","floor":54,"key":"SMITH"}],"circlet_count":0,"master_deck":["bronze:Strike","bronze:Defend","bronze:Defend+1","bronze:Defend","bronze:Defend","bronze:Replicate","bronze:Goto+1","bronze:OilSpill","bronze:CloningBeam+1","bronze:DelayedGuard+1","bronze:Return+1","bronze:OilSpill+1","bronze:FollowUp+1","bronze:TinkerersToolbox+1","bronze:Optimize+1","bronze:HardenedForm+1","bronze:Iterate+1","bronze:Iterate+1","bronze:Repulsor","bronze:Constructor+1","bronze:Format+1","bronze:HardenedForm+1","expansioncontent:DecasProtection+1"],"relics":["bronze:BronzeCore","Omamori","SsserpentHead","Thread and Needle","Pantograph","downfall:HeartBlessingRed","Pen Nib","Coffee Dripper","MutagenicStrength","Pear","WingedGreaves","champ:Barbells","InkBottle","The Courier","HornCleat","Art of War","hexamod:BolsterEngine","CaptainsWheel","bronze:ProtectiveGoggles","Happy Flower","champ:DeflectingBracers","champ:DuelingGlove","Calling Bell","Orichalcum","Sundial","Ginger","PreservedInsect","Akabeko","bronze:DonusWashers","Oddly Smooth Stone","Letter Opener","Bird Faced Urn","downfall:HeartBlessingGreen","downfall:HeartBlessingBlue","Guardian:PocketSentry"],"acts_visited":["Exordium","TheCity","TheBeyond","TheEnding"],"potions_floor_usage":[55,56,56],"damage_taken":[{"damage":6.0,"enemies":"2 Louse","floor":2.0,"turns":2.0},{"damage":0.0,"enemies":"Small Slimes","floor":6.0,"turns":3.0},{"damage":0.0,"enemies":"Cultist","floor":8.0,"turns":3.0},{"damage":0.0,"enemies":"3 Sentries","floor":9.0,"turns":8.0},{"damage":33.0,"enemies":"downfall:Heads","floor":10.0,"turns":6.0},{"damage":0.0,"enemies":"Large Slime","floor":13.0,"turns":3.0},{"damage":1.0,"enemies":"3 Louse","floor":15.0,"turns":2.0},{"damage":6.0,"enemies":"ArchetypeAct1Statuses","floor":16.0,"turns":6.0},{"damage":0.0,"enemies":"Chosen","floor":19.0,"turns":3.0},{"damage":10.0,"enemies":"Sentry and Sphere","floor":20.0,"turns":4.0},{"damage":0.0,"enemies":"downfall:Watcher","floor":22.0,"turns":4.0},{"damage":1.0,"enemies":"downfall:FleeingMerchant","floor":23.0,"turns":4.0},{"damage":0.0,"enemies":"Gremlin Leader","floor":26.0,"turns":5.0},{"damage":3.0,"enemies":"Book of Stabbing","floor":29.0,"turns":2.0},{"damage":0.0,"enemies":"downfall:FleeingMerchant","floor":30.0,"turns":4.0},{"damage":0.0,"enemies":"Slavers","floor":31.0,"turns":3.0},{"damage":0.0,"enemies":"Shelled Parasite and Fungi","floor":32.0,"turns":2.0},{"damage":0.0,"enemies":"downfall:Defect","floor":33.0,"turns":5.0},{"damage":0,"enemies":"Orb Walker","floor":36,"turns":1},{"damage":0,"enemies":"3 Darklings","floor":39,"turns":3},{"damage":0,"enemies":"Maw","floor":42,"turns":4},{"damage":0,"enemies":"Reptomancer","floor":44,"turns":3},{"damage":0,"enemies":"Nemesis","floor":47,"turns":1},{"damage":0,"enemies":"4 Shapes","floor":49,"turns":2},{"damage":3,"enemies":"downfall:Silent","floor":50,"turns":5},{"damage":0,"enemies":"downfall:CharBossMerchant","floor":52,"turns":4},{"damage":43,"enemies":"downfall:NeowBossFinal","floor":56,"turns":6}],"seed_played":"4698398938705755433","potions_obtained":[{"floor":2.0,"key":"DistilledChaos"},{"floor":9.0,"key":"Ancient Potion"},{"floor":13.0,"key":"Weak Potion"},{"floor":16.0,"key":"Fire Potion"},{"floor":20.0,"key":"Regen Potion"},{"floor":26.0,"key":"DuplicationPotion"},{"floor":27.0,"key":"CultistPotion"}],"is_trial":false,"path_per_floor":["R","M","?","?","?","M","T","M","E","?","R","?","M","T","M","B",null,"R","M","M","?","?","$","T","?","E","?","R","E","$","E","M","B",null,"R","M","$","?","M","$","T","M","R","E","?","$","E","R","M","B",null,"E","$","R","B","B",null],"character_chosen":"THE_AUTOMATON","items_purchased":["champ:Barbells","InkBottle","hexamod:BolsterEngine","CaptainsWheel","bronze:Repulsor","bronze:ProtectiveGoggles","Happy Flower","champ:DeflectingBracers","PreservedInsect","Akabeko","bronze:DonusWashers","expansioncontent:DecasProtection"],"campfire_rested":0,"item_purchase_floors":[23,23,30,30,30,30,30,30,37,37,40,53],"current_hp_per_floor":[70,64,64,61,61,61,61,61,61,28,28,28,28,28,27,46,70,70,70,60,60,80,79,79,79,79,79,79,76,76,76,76,80,80,80,80,80,80,80,80,80,80,80,80,80,80,80,90,90,90,90,90,90,90,75,49],"gold":124,"neow_bonus":"TRANSFORM_CARD","is_daily":false,"chose_seed":false,"campfire_upgraded":7,"win_rate":0.0,"timestamp":1609782709,"path_taken":["R","M","?","?","?","?","T","M","E","?","R","?","M","?","M","BOSS","R","M","M","?","?","$","T","?","E","?","R","E","$","E","M","BOSS","R","M","$","?","M","?","T","?","R","E","?","$","E","R","M","BOSS","E","$","R","BOSS","BOSS"],"items_purchased_type":["Relic","Relic","Relic","Relic","Card","Relic","Relic","Relic","Relic","Relic","Relic","Card"],"build_version":"2020-12-22","purchased_purges":1,"victory":true,"max_hp_per_floor":[70,70,70,70,70,70,70,70,70,70,70,70,70,70,70,70,70,70,70,70,70,80,80,80,80,80,80,80,80,80,80,80,80,80,80,80,80,80,80,80,80,80,80,80,80,80,80,90,90,90,90,90,90,90,90,90],"card_choices":[{"not_picked":["bronze:Constructor","bronze:Boost"],"picked":"bronze:CloningBeam","floor":2.0},{"not_picked":["bronze:WildBeam","bronze:Constructor"],"picked":"bronze:DelayedGuard","floor":6.0},{"not_picked":["bronze:BugBarrage","bronze:Shield"],"picked":"bronze:Return","floor":8.0},{"not_picked":["bronze:DelayedGuard","bronze:InfiniteBeams"],"picked":"bronze:OilSpill","floor":9.0},{"not_picked":["bronze:BitShift","bronze:Deprecate"],"picked":"bronze:FollowUp","floor":10.0},{"not_picked":["bronze:CutThrough","bronze:DelayedSlice","bronze:OilSpill"],"picked":"SKIP","floor":13.0},{"not_picked":["bronze:Fortify","bronze:Iterate"],"picked":"bronze:Optimize","floor":15.0},{"not_picked":["bronze:FindAndReplace","bronze:SpaghettiCode"],"picked":"bronze:HardenedForm","floor":16.0},{"not_picked":["bronze:BuggyMess","bronze:Refactor"],"picked":"bronze:Iterate","floor":19.0},{"not_picked":["bronze:Frontload","bronze:DelayedSlice","bronze:OilSpill"],"picked":"SKIP","floor":20.0},{"not_picked":["bronze:Overload+1","bronze:CloningBeam"],"picked":"bronze:Iterate","floor":22.0},{"not_picked":["bronze:Turbo+1","bronze:MaxOutput","bronze:ChosenStrike"],"picked":"SKIP","floor":23.0},{"not_picked":["bronze:Frontload","bronze:SearingBeam+1","bronze:BugBarrage"],"picked":"SKIP","floor":26.0},{"not_picked":["bronze:CutThrough","bronze:ChosenStrike+1","bronze:BronzeOrb+1"],"picked":"SKIP","floor":29.0},{"not_picked":["bronze:WhirlingStrike","bronze:Flail","bronze:BuggyMess"],"picked":"SKIP","floor":30.0},{"not_picked":["bronze:Frontload","bronze:WhirlingStrike"],"picked":"bronze:Constructor+1","floor":31.0},{"not_picked":["bronze:CutThrough","bronze:BronzeArmor","bronze:BugBarrage"],"picked":"SKIP","floor":32.0},{"not_picked":["bronze:Hardcode","bronze:Break"],"picked":"bronze:Format","floor":33.0},{"not_picked":["bronze:Overload+1","bronze:Boost+1","bronze:ChildClass+1"],"picked":"SKIP","floor":36},{"not_picked":["bronze:CloningBeam","bronze:Invalidate","bronze:Boost"],"picked":"SKIP","floor":39},{"not_picked":["bronze:ChildClass","bronze:Philosophize+1","bronze:Overheat"],"picked":"SKIP","floor":42},{"not_picked":["bronze:Invalidate","bronze:ChosenStrike+1","bronze:WhirlingStrike+1"],"picked":"SKIP","floor":44},{"not_picked":["bronze:ShipIt","bronze:FineTuning+1","bronze:Iterate+1"],"picked":"SKIP","floor":47},{"not_picked":["bronze:Terminator","bronze:CloningBeam+1","bronze:Deprecate"],"picked":"SKIP","floor":49},{"not_picked":["bronze:Frontload+1","bronze:Flail+1","bronze:DelayedGuard"],"picked":"SKIP","floor":52}],"player_experience":630236,"relics_obtained":[{"floor":7.0,"key":"Thread and Needle"},{"floor":9.0,"key":"Pantograph"},{"floor":14.0,"key":"Pen Nib"},{"floor":22.0,"key":"Pear"},{"floor":22.0,"key":"WingedGreaves"},{"floor":24.0,"key":"The Courier"},{"floor":26.0,"key":"HornCleat"},{"floor":29.0,"key":"Art of War"},{"floor":31.0,"key":"champ:DuelingGlove"},{"floor":34,"key":"Orichalcum"},{"floor":34,"key":"Sundial"},{"floor":34,"key":"Ginger"},{"floor":44,"key":"Oddly Smooth Stone"},{"floor":45,"key":"Letter Opener"},{"floor":47,"key":"Bird Faced Urn"},{"floor":52,"key":"Guardian:PocketSentry"}],"event_choices":[{"damage_healed":0.0,"max_hp_gain":0.0,"max_hp_loss":0.0,"gold_gain":0.0,"event_name":"Scrap Ooze","player_choice":"Success","floor":4.0,"gold_loss":0.0,"damage_taken":3.0,"relics_obtained":["Omamori"]},{"damage_healed":0.0,"max_hp_gain":0.0,"max_hp_loss":0.0,"gold_gain":0.0,"event_name":"FaceTrader","player_choice":"Trade","floor":5.0,"gold_loss":0.0,"damage_taken":0.0,"relics_obtained":["SsserpentHead"]},{"damage_healed":0.0,"max_hp_gain":0.0,"max_hp_loss":0.0,"gold_gain":0.0,"event_name":"Drug Dealer","player_choice":"Inject Mutagens","floor":21.0,"gold_loss":0.0,"damage_taken":0.0,"relics_obtained":["MutagenicStrength"]}],"is_beta":false,"boss_relics":[{"not_picked":["Velvet Choker","Black Star"],"picked":"Coffee Dripper"},{"not_picked":["Pandora\u0027s Box","Busted Crown"],"picked":"Calling Bell"}],"items_purged_floors":[23],"is_endless":false,"potions_floor_spawned":[2,9,13,16,20,26,29,31,32,33,36,42,44,47,52],"ascension_level":1}}