{"host":"appz8zkad29u9482","time":1609787451,"event":{"mods":["2.2 Compatiblity","Act Like it!","Aspiration","BaseMod","Beaked The Cultist","Better Altar","Better Match","Better Note","Better Skull","Better Third Choice","BetterRewards","CapriCore","Conspire","Disable Question Mark Monsters","Energized Spire","Gensokyo","GifTheSpireLib","Gold Saver","Halation","Hermit","Hubris","Infinite Spire","Jedi Mod","Jorbs\u0027s Wanderer Trilogy","Koishi","Marisa????????","Minty Spire (QoL Compilation)","Permanent Neow","Reimu??????","Replay The Spire","Spicy Shops","StSLib","Strawberry Spire","Stuff the Spire","The Administrix","The Cursed","The Hierophant","The Immortal","The Marked","The Servant 0.9.4","yUi"],"gold_per_floor":[467,187,187,0,0,0,0,0,0,0,0,0,0,0,0,0,0,0,0,0,0,0,0,0,0,0,0,0,0,0,0,0,0,0,0,0,0,0,0,0,0,5,5,5,5,5,34,10,10,10,10,10,10,31,131,131],"floor_reached":55,"playtime":4784,"items_purged":[],"score":1058,"play_id":"481f28cd-a124-4e0c-bc6e-675f65dd40c3","local_time":"20210104091051","is_ascension_mode":true,"campfire_choices":[{"data":"jedi:brewingpoison","floor":7.0,"key":"SMITH"},{"data":"strawberrySpire:Momentum","floor":11.0,"key":"SMITH"},{"data":"Dash","floor":13.0,"key":"SMITH"},{"data":"StuffTheSpire:Fury","floor":15.0,"key":"SMITH"},{"floor":30,"key":"REST"},{"data":"Noxious Fumes","floor":32,"key":"SMITH"},{"data":"jedi:rejectivetoxin","floor":38,"key":"SMITH"},{"data":"Noxious Fumes","floor":40,"key":"SMITH"},{"floor":45,"key":"RECALL"},{"data":"Catalyst","floor":49,"key":"SMITH"},{"data":"jedi:pocketpoison","floor":52,"key":"SMITH"}],"circlet_count":0,"master_deck":["Strike_G","Strike_G","Strike_G","Strike_G","Strike_G","Defend_G","Defend_G","Defend_G","Defend_G","Defend_G","Survivor","Neutralize","jedi:pocketpoison+1","Deadly Poison+1","Deadly Poison+1","strawberrySpire:Momentum+1","Toxin Wave","Dodge and Roll","Enlightenment","jedi:brewingpoison+1","strawberrySpire:Slide","Dagger Throw","Dash+1","StuffTheSpire:Fury+1","Replay:Bag of Tricks+1","Toxin Wave+1","Catalyst+1","strawberrySpire:Insectonator+1","Noxious Fumes+1","jedi:pocketpoison+1","Noxious Fumes+1","jedi:rejectivetoxin+1","jedi:pocketpoison+1","Noxious Fumes+1","jedi:collectorvenom+1","Catalyst+1"],"relics":["StuffTheSpire:OccultApparatus","jedi:ominousloannote","strawberrySpire:ThornyGelberry","The Specimen","DollysMirror","halation:PrussianBluePaint","hubris:BundleOfHerbs","Quantum Egg","hubris:CrystalStatue","CaptainsWheel","aspiration:FutureDiary","jedi:arcanewood","aspiration:TomeofQuesting","halation:Yufonium","hubris:Icosahedron","hubris:Towel","strawberrySpire:MawJerky","StuffTheSpire:HeavyRock","Vajra"],"acts_visited":["Exordium","TheCity","TheBeyond","TheEnding"],"potions_floor_usage":[22,22,27,37,42,50],"damage_taken":[{"damage":2.0,"enemies":"Small Slimes","floor":1.0,"turns":3.0},{"damage":0.0,"enemies":"2 Louse","floor":3.0,"turns":1.0},{"damage":34.0,"enemies":"Gremlin Nob","floor":6.0,"turns":5.0},{"damage":1.0,"enemies":"Cultist","floor":8.0,"turns":3.0},{"damage":13.0,"enemies":"3 Sentries","floor":10.0,"turns":6.0},{"damage":3.0,"enemies":"Lagavulin","floor":12.0,"turns":5.0},{"damage":3.0,"enemies":"Exordium Thugs","floor":14.0,"turns":3.0},{"damage":5.0,"enemies":"Fading Forest","floor":16.0,"turns":11.0},{"damage":0,"enemies":"Spheric Guardian","floor":18,"turns":4},{"damage":8,"enemies":"2 Thieves","floor":22,"turns":3},{"damage":32,"enemies":"Slavers","floor":23,"turns":3},{"damage":10,"enemies":"Shelled Parasite and Fungi","floor":25,"turns":4},{"damage":18,"enemies":"Centurion and Healer","floor":27,"turns":5},{"damage":0,"enemies":"3 Cultists","floor":31,"turns":5},{"damage":15,"enemies":"Champ","floor":33,"turns":10},{"damage":3,"enemies":"3 Shapes","floor":35,"turns":4},{"damage":6,"enemies":"Orb Walker","floor":37,"turns":3},{"damage":12,"enemies":"Spire Growth","floor":39,"turns":4},{"damage":29,"enemies":"beaked:SuperParasite","floor":42,"turns":5},{"damage":15,"enemies":"R_Hoarder","floor":47,"turns":6},{"damage":9,"enemies":"Transient","floor":48,"turns":5},{"damage":47,"enemies":"infinitespire:MassOfShapes","floor":50,"turns":7},{"damage":65,"enemies":"Shield and Spear","floor":54,"turns":6},{"damage":64,"enemies":"The Heart","floor":55,"turns":2}],"seed_played":"-1913168721715279656","potions_obtained":[{"floor":8.0,"key":"Poison Potion"},{"floor":10.0,"key":"Poison Potion"},{"floor":12.0,"key":"GrandPatriotsElixir:ReiMu"},{"floor":14.0,"key":"Adrenaline Potion"},{"floor":16.0,"key":"Explosive Potion"},{"floor":18,"key":"AttackPotion"},{"floor":23,"key":"SteroidPotion"},{"floor":27,"key":"Dexterity Potion"},{"floor":35,"key":"Toxic Potion"},{"floor":37,"key":"AttackPotion"}],"is_trial":false,"path_per_floor":["M","$","M","?","?","E","R","M","T","E","R","E","R","M","R","B",null,"M","$","?","?","M","E","?","M","T","M","$","?","R","M","R","B",null,"M","?","M","R","M","R","?","E","T","?","R","$","E","M","R","B",null,"R","$","E","B"],"character_chosen":"THE_SILENT","items_purchased":["jedi:ominousloannote","strawberrySpire:ThornyGelberry","Deadly Poison+1","DollysMirror","strawberrySpire:Momentum","Toxin Wave"],"campfire_rested":1,"item_purchase_floors":[0,0,2,2,2,2],"current_hp_per_floor":[62,62,62,68,68,34,34,33,33,41,41,38,38,35,35,40,76,76,76,76,76,68,36,36,26,26,8,8,8,30,65,65,50,76,73,73,67,67,55,55,55,68,68,68,68,68,59,50,50,21,82,82,82,21,0,0],"gold":131,"neow_bonus":"","is_daily":false,"chose_seed":false,"campfire_upgraded":9,"win_rate":0.0,"timestamp":1609787451,"path_taken":["M","$","M","?","?","E","R","M","T","E","R","E","R","?","R","BOSS","M","$","?","?","M","E","?","?","T","M","?","?","R","M","R","BOSS","M","?","?","?","?","R","?","E","T","?","R","$","E","M","R","BOSS","R","$","E","BOSS"],"items_purchased_type":["Relic","Relic","Card","Relic","Card","Card"],"build_version":"2020-12-22","purchased_purges":0,"victory":false,"max_hp_per_floor":[70,70,70,76,76,76,76,76,76,76,76,76,76,76,76,76,76,76,76,76,76,76,76,76,76,76,76,76,76,76,76,76,76,76,76,76,76,76,76,76,76,76,76,76,76,76,82,82,82,82,82,82,82,86,86,86],"card_choices":[{"not_picked":["Fluid Movement","Slice"],"picked":"Backstab","floor":1.0},{"not_picked":["Cloak And Dagger","Blade Dance"],"picked":"Dodge and Roll","floor":3.0},{"not_picked":["Deflect","strawberrySpire:Slide"],"picked":"jedi:brewingpoison","floor":6.0},{"not_picked":["StuffTheSpire:Python","StuffTheSpire:ClusterCrunch"],"picked":"strawberrySpire:Slide","floor":8.0},{"not_picked":["Wraith Form v2","Caltrops"],"picked":"Dagger Throw","floor":10.0},{"not_picked":["StuffTheSpire:BumpUp","Blade Dance"],"picked":"Dash","floor":12.0},{"not_picked":["Dodge and Roll","Slice"],"picked":"StuffTheSpire:Fury","floor":14.0},{"not_picked":["Malaise","strawberrySpire:Marathoner"],"picked":"Replay:Bag of Tricks","floor":16.0},{"not_picked":["strawberrySpire:SpinKick","Eviscerate"],"picked":"Toxin Wave+1","floor":18},{"not_picked":["hubris:TrickCloak","strawberrySpire:Rummage"],"picked":"strawberrySpire:Insectonator+1","floor":22},{"not_picked":["Finisher","strawberrySpire:Plunge+1"],"picked":"Noxious Fumes","floor":23},{"not_picked":["conspire:PoisonWeapons","Outmaneuver+1"],"picked":"jedi:pocketpoison+1","floor":25},{"not_picked":["Acrobatics","Dash","Riddle With Holes"],"picked":"SKIP","floor":27},{"not_picked":["Quick Slash","Deflect"],"picked":"Noxious Fumes","floor":31},{"not_picked":["jedi:studyshivs","Grand Finale"],"picked":"jedi:rejectivetoxin","floor":33},{"not_picked":["hubris:Counter","strawberrySpire:Pant","Underhanded Strike+1"],"picked":"SKIP","floor":35},{"not_picked":["PiercingWail","strawberrySpire:Fastroyer"],"picked":"jedi:pocketpoison+1","floor":37},{"not_picked":["strawberrySpire:HopSkipAndJump+1","Dagger Spray+1","jedi:acidrain+1"],"picked":"SKIP","floor":39},{"not_picked":["strawberrySpire:Fastroyer+1","strawberrySpire:SideSwipe"],"picked":"Noxious Fumes+1","floor":42},{"not_picked":["Unload","Escape Plan+1","StuffTheSpire:ClusterCrunch+1"],"picked":"SKIP","floor":47},{"not_picked":["strawberrySpire:HopSkipAndJump+1","Draining Mist"],"picked":"jedi:collectorvenom+1","floor":48},{"not_picked":["Skewer+1","jedi:collectorvenom+1"],"picked":"Catalyst+1","floor":54}],"player_experience":438120,"relics_obtained":[{"floor":6.0,"key":"hubris:BundleOfHerbs"},{"floor":9.0,"key":"Quantum Egg"},{"floor":10.0,"key":"hubris:CrystalStatue"},{"floor":12.0,"key":"CaptainsWheel"},{"floor":23,"key":"jedi:arcanewood"},{"floor":26,"key":"aspiration:TomeofQuesting"},{"floor":42,"key":"strawberrySpire:MawJerky"},{"floor":47,"key":"StuffTheSpire:HeavyRock"},{"floor":54,"key":"Vajra"}],"event_choices":[{"damage_healed":0.0,"max_hp_gain":0.0,"max_hp_loss":0.0,"gold_gain":0.0,"event_name":"betterThird:BetterSerpent","player_choice":"RENOUNCE","floor":4.0,"gold_loss":187.0,"damage_taken":187.0,"cards_obtained":["Enlightenment"]},{"cards_removed":["Backstab"],"damage_healed":0.0,"max_hp_gain":0.0,"max_hp_loss":0.0,"gold_gain":0.0,"event_name":"WeMeetAgain","player_choice":"Gave Card","floor":5.0,"gold_loss":0.0,"damage_taken":0.0,"relics_obtained":["halation:PrussianBluePaint"]},{"damage_healed":0,"gold_gain":0,"player_choice":"Read","damage_taken":0,"max_hp_gain":0,"max_hp_loss":0,"event_name":"The Library","floor":20,"gold_loss":0,"cards_obtained":["Catalyst"]},{"damage_healed":0,"gold_gain":0,"player_choice":"Ignored","damage_taken":0,"max_hp_gain":0,"max_hp_loss":0,"event_name":"Ghosts","floor":21,"gold_loss":0},{"damage_healed":0,"gold_gain":0,"player_choice":"Leave","damage_taken":0,"max_hp_gain":0,"max_hp_loss":0,"event_name":"conspire:Investor","floor":44,"gold_loss":0}],"is_beta":false,"boss_relics":[{"not_picked":["aspiration:RitualDagger","Snecko Eye"],"picked":"aspiration:FutureDiary"},{"not_picked":["aspiration:PoetsPen_weak","Coffee Dripper"],"picked":"halation:Yufonium"}],"items_purged_floors":[],"is_endless":false,"potions_floor_spawned":[8,10,12,14,16,18,23,27,35,37],"killed_by":"The Heart","ascension_level":1}}