{"host":"g01l53quoe6lrer0","time":1609777728,"event":{"mods":["2.2 Compatiblity","AchievementEnabler","BaseMod","Colored Map","Highlight Path","Keyboard Shortcuts","Minty Spire (QoL Compilation)","Permanent Neow","Quick Restart","StSLib","SuperFastMode","everything is the same but u backflip on backflip"],"gold_per_floor":[364,157,232,249,269,269,269,269,269,282,311,331,331,358,358,457,457,470,485,347,367,380,380,380,380,430,450,463,488,488,488,488,585,585,602,612,632,632,632,632,632,644,644,657,657,676,688,55,55,55,55,55,55,55,55],"floor_reached":54,"playtime":1818,"items_purged":["Strike_B","Defend_B","Doubt"],"score":671,"play_id":"7aa815ba-5d43-404d-b4f0-3c59c8526a68","local_time":"20210105012848","is_ascension_mode":false,"campfire_choices":[{"data":"Zap","floor":6.0,"key":"SMITH"},{"data":"Capacitor","floor":8.0,"key":"SMITH"},{"data":"Consume","floor":15.0,"key":"SMITH"},{"data":"Capacitor","floor":23.0,"key":"SMITH"},{"data":"Double Energy","floor":25.0,"key":"SMITH"},{"floor":30.0,"key":"REST"},{"floor":32.0,"key":"REST"},{"floor":40.0,"key":"RECALL"},{"data":"Defragment","floor":49,"key":"SMITH"},{"data":"Seek","floor":52,"key":"SMITH"}],"circlet_count":0,"master_deck":["Zap+1","Dualcast+1","Ball Lightning","Glacier","Hologram","Capacitor+1","Capacitor+1","Consume+1","BootSequence+1","Electrodynamics+1","Lockon+1","Double Energy+1","Rebound","Recycle+1","Leap","Defragment+1","Reboot","Steam Power","Madness","Madness+1","Seek+1","Doubt","Rebound"],"relics":["Cracked Core","Torii","MealTicket","HornCleat","Astrolabe","Blue Candle","Cursed Key","Oddly Smooth Stone","War Paint","Strange Spoon","Centennial Puzzle"],"acts_visited":["Exordium","TheCity","TheBeyond","TheEnding"],"potions_floor_usage":[50,50],"damage_taken":[{"damage":1.0,"enemies":"Cultist","floor":1.0,"turns":3.0},{"damage":0.0,"enemies":"2 Louse","floor":4.0,"turns":2.0},{"damage":0.0,"enemies":"Small Slimes","floor":5.0,"turns":2.0},{"damage":2.0,"enemies":"3 Louse","floor":10.0,"turns":2.0},{"damage":16.0,"enemies":"Gremlin Nob","floor":11.0,"turns":4.0},{"damage":0.0,"enemies":"Lots of Slimes","floor":12.0,"turns":4.0},{"damage":0.0,"enemies":"Lagavulin","floor":14.0,"turns":8.0},{"damage":25.0,"enemies":"Slime Boss","floor":16.0,"turns":6.0},{"damage":0.0,"enemies":"Spheric Guardian","floor":18.0,"turns":4.0},{"damage":0.0,"enemies":"Chosen","floor":19.0,"turns":4.0},{"damage":17.0,"enemies":"Snecko","floor":21.0,"turns":4.0},{"damage":1.0,"enemies":"Sentry and Sphere","floor":22.0,"turns":4.0},{"damage":28.0,"enemies":"Centurion and Healer","floor":27.0,"turns":4.0},{"damage":0.0,"enemies":"Chosen and Byrds","floor":28.0,"turns":4.0},{"damage":6.0,"enemies":"Book of Stabbing","floor":29.0,"turns":6.0},{"damage":11.0,"enemies":"Collector","floor":33.0,"turns":9.0},{"damage":1.0,"enemies":"Orb Walker","floor":35.0,"turns":4.0},{"damage":0.0,"enemies":"3 Shapes","floor":36.0,"turns":2.0},{"damage":7.0,"enemies":"Jaw Worm Horde","floor":37.0,"turns":3.0},{"damage":8.0,"enemies":"Transient","floor":42.0,"turns":5.0},{"damage":1.0,"enemies":"Spire Growth","floor":44.0,"turns":4.0},{"damage":1.0,"enemies":"Maw","floor":46.0,"turns":5.0},{"damage":11,"enemies":"Writhing Mass","floor":47,"turns":5},{"damage":49,"enemies":"Awakened One","floor":50,"turns":10},{"damage":71,"enemies":"Shield and Spear","floor":54,"turns":6}],"seed_played":"-2770779807451063850","potions_obtained":[{"floor":1.0,"key":"Weak Potion"},{"floor":5.0,"key":"Block Potion"},{"floor":11.0,"key":"LiquidBronze"},{"floor":14.0,"key":"PowerPotion"},{"floor":19.0,"key":"DuplicationPotion"},{"floor":21.0,"key":"Swift Potion"},{"floor":22.0,"key":"Fire Potion"},{"floor":28.0,"key":"Strength Potion"},{"floor":33.0,"key":"LiquidMemories"},{"floor":41.0,"key":"FocusPotion"},{"floor":41.0,"key":"Explosive Potion"}],"is_trial":false,"path_per_floor":["M","$","?","M","M","R","?","R","T","M","E","M","?","E","R","B",null,"M","M","$","M","M","R","?","R","T","M","M","E","R","?","R","B",null,"M","M","M","?","?","R","?","M","T","M","?","M","M","$","R","B",null,"R","$","E"],"character_chosen":"DEFECT","items_purchased":["Glacier","Hologram","Recycle","War Paint","ColorlessPotion","Strange Spoon","Centennial Puzzle"],"campfire_rested":2,"item_purchase_floors":[2,2,20,48,48,48,48],"current_hp_per_floor":[67,67,56,56,56,56,56,56,56,54,38,38,31,31,31,6,68,68,68,68,51,50,50,50,50,50,22,22,16,36,36,56,45,68,67,67,60,51,51,51,51,43,43,42,68,67,56,68,68,19,68,68,68,0,0],"gold":55,"neow_bonus":"TWO_FIFTY_GOLD","is_daily":false,"chose_seed":false,"campfire_upgraded":7,"win_rate":0.0,"timestamp":1609777728,"path_taken":["M","$","?","M","M","R","?","R","T","M","E","M","?","E","R","BOSS","M","M","$","M","M","R","?","R","T","?","M","E","R","?","R","BOSS","M","M","?","?","?","R","?","M","T","?","?","M","M","$","R","BOSS","R","$","E"],"items_purchased_type":["Card","Card","Card","Relic","Potion","Relic","Relic"],"build_version":"2020-12-22","purchased_purges":3,"victory":false,"max_hp_per_floor":[68,68,68,68,68,68,68,68,68,68,68,68,68,68,68,68,68,68,68,68,68,68,68,68,68,68,68,68,68,68,68,68,68,68,68,68,68,68,68,68,68,68,68,68,68,68,68,68,68,68,68,68,68,68,68],"card_choices":[{"not_picked":["Rip and Tear","Lockon"],"picked":"Ball Lightning","floor":1.0},{"not_picked":["Compile Driver","Steam"],"picked":"Capacitor","floor":4.0},{"not_picked":["Sunder","Redo","Cold Snap"],"picked":"SKIP","floor":5.0},{"not_picked":["Hello World","Genetic Algorithm","Redo"],"picked":"SKIP","floor":10.0},{"not_picked":["Gash","Redo","Darkness"],"picked":"SKIP","floor":11.0},{"not_picked":["Conserve Battery","Double Energy"],"picked":"Capacitor","floor":12.0},{"not_picked":["Loop","Darkness"],"picked":"Consume","floor":14.0},{"not_picked":["Steam","Turbo"],"picked":"Double Energy","floor":18.0},{"not_picked":["Leap+1","Compile Driver"],"picked":"Rebound","floor":19.0},{"not_picked":["Rebound","Compile Driver","Redo+1"],"picked":"SKIP","floor":21.0},{"not_picked":["FTL","Barrage"],"picked":"Leap","floor":22.0},{"not_picked":["Reprogram","Capacitor"],"picked":"Defragment","floor":27.0},{"not_picked":["Reprogram","Ball Lightning","Doom and Gloom"],"picked":"SKIP","floor":28.0},{"not_picked":["Go for the Eyes","Turbo","Reprogram"],"picked":"SKIP","floor":29.0},{"not_picked":["Rainbow","Hyperbeam"],"picked":"Reboot","floor":33.0},{"not_picked":["Static Discharge+1","Streamline","Ball Lightning+1"],"picked":"SKIP","floor":35.0},{"not_picked":["Streamline","Coolheaded"],"picked":"Steam Power","floor":36.0},{"not_picked":["Rebound","Barrage","Gash+1"],"picked":"SKIP","floor":37.0},{"not_picked":["Sweeping Beam+1","Stack"],"picked":"Seek","floor":42.0},{"not_picked":["Rebound","Coolheaded+1","Redo"],"picked":"SKIP","floor":44.0},{"not_picked":["Coolheaded+1","Redo"],"picked":"Rebound","floor":44.0},{"not_picked":["Stack+1","Beam Cell","Steam"],"picked":"SKIP","floor":46.0},{"not_picked":["Conserve Battery","Compile Driver","Chill"],"picked":"SKIP","floor":47}],"player_experience":56289,"relics_obtained":[{"floor":9.0,"key":"Torii"},{"floor":11.0,"key":"MealTicket"},{"floor":14.0,"key":"HornCleat"},{"floor":29.0,"key":"Blue Candle"},{"floor":43.0,"key":"Oddly Smooth Stone"}],"event_choices":[{"damage_healed":0.0,"max_hp_gain":0.0,"max_hp_loss":0.0,"gold_gain":75.0,"event_name":"World of Goop","player_choice":"Gather Gold","floor":3.0,"gold_loss":0.0,"damage_taken":11.0},{"damage_healed":0.0,"max_hp_gain":0.0,"max_hp_loss":0.0,"gold_gain":0.0,"event_name":"Living Wall","player_choice":"Grow","floor":7.0,"gold_loss":0.0,"damage_taken":0.0,"cards_upgraded":["Dualcast"]},{"cards_removed":["Strike_B"],"damage_healed":0.0,"max_hp_gain":0.0,"max_hp_loss":0.0,"gold_gain":0.0,"event_name":"Golden Wing","player_choice":"Card Removal","floor":13.0,"gold_loss":0.0,"damage_taken":7.0},{"cards_removed":["Defend_B"],"damage_healed":0.0,"max_hp_gain":0.0,"max_hp_loss":0.0,"gold_gain":0.0,"event_name":"Wheel of Change","player_choice":"Card Removal","floor":24.0,"gold_loss":0.0,"damage_taken":0.0},{"cards_removed":["Defend_B"],"damage_healed":0.0,"max_hp_gain":0.0,"max_hp_loss":0.0,"gold_gain":0.0,"event_name":"NoteForYourself","player_choice":"Took Card","floor":31.0,"gold_loss":0.0,"damage_taken":0.0,"cards_obtained":["Iron Wave"]},{"damage_healed":0.0,"max_hp_gain":0.0,"max_hp_loss":0.0,"gold_gain":0.0,"event_name":"Winding Halls","player_choice":"Embrace Madness","floor":38.0,"gold_loss":0.0,"damage_taken":9.0,"cards_obtained":["Madness","Madness"]},{"cards_removed":["Iron Wave"],"damage_healed":0.0,"max_hp_gain":0.0,"max_hp_loss":0.0,"gold_gain":0.0,"event_name":"Falling","player_choice":"Removed Attack","floor":39.0,"gold_loss":0.0,"damage_taken":0.0},{"damage_healed":0.0,"max_hp_gain":0.0,"max_hp_loss":0.0,"gold_gain":0.0,"event_name":"Lab","player_choice":"Got Potions","floor":41.0,"gold_loss":0.0,"damage_taken":0.0},{"damage_healed":26.0,"max_hp_gain":0.0,"max_hp_loss":0.0,"gold_gain":0.0,"event_name":"MindBloom","player_choice":"Heal","floor":45.0,"gold_loss":0.0,"damage_taken":0.0,"cards_obtained":["Doubt"]}],"is_beta":false,"boss_relics":[{"not_picked":["Black Star","Tiny House"],"picked":"Astrolabe"},{"not_picked":["Busted Crown","Snecko Eye"],"picked":"Cursed Key"}],"items_purged_floors":[2,20,48],"is_endless":false,"potions_floor_spawned":[1,5,11,14,19,21,22,28,33,37,46,47],"killed_by":"Shield and Spear","ascension_level":0}}