{"host":"2se5dq1do2gp0x9k","time":1609730876,"event":{"mods":["AchievementEnabler","BaseMod","Block Reminder","Colored Map","Colored Powertips","Minty Spire (QoL Compilation)","Relic Stats","StSLib","SuperFastMode"],"gold_per_floor":[117,117,132,146,163,163,163,163,163],"floor_reached":8,"playtime":288,"items_purged":[],"score":74,"play_id":"4c5deb4f-dddc-4042-8976-e532755e9537","local_time":"20210103192756","is_ascension_mode":true,"campfire_choices":[{"floor":6,"key":"REST"}],"circlet_count":0,"master_deck":["AscendersBane","Strike_P","Strike_P","Strike_P","Defend_P","Defend_P","Defend_P","Defend_P","Eruption","Vigilance","Prostrate","Pray","Prostrate","FearNoEvil","JustLucky"],"relics":["PureWater","Dream Catcher"],"acts_visited":["Exordium"],"potions_floor_usage":[],"damage_taken":[{"damage":4,"enemies":"Jaw Worm","floor":1,"turns":3},{"damage":16,"enemies":"Small Slimes","floor":3,"turns":4},{"damage":0,"enemies":"Cultist","floor":4,"turns":3},{"damage":9,"enemies":"3 Louse","floor":5,"turns":6},{"damage":51,"enemies":"Lagavulin","floor":8,"turns":7}],"seed_played":"4811398133286369585","potions_obtained":[],"is_trial":false,"path_per_floor":["M","$","M","M","M","R","?","E"],"character_chosen":"WATCHER","items_purchased":[],"campfire_rested":1,"item_purchase_floors":[],"current_hp_per_floor":[61,61,45,45,36,57,50,0,0],"gold":163,"neow_bonus":"RANDOM_COMMON_RELIC","is_daily":false,"chose_seed":false,"campfire_upgraded":0,"win_rate":0.0,"timestamp":1609730876,"path_taken":["M","$","M","M","M","R","?","E"],"items_purchased_type":[],"build_version":"2020-12-22","purchased_purges":0,"victory":false,"max_hp_per_floor":[72,72,72,72,72,72,72,72,72],"relic_stats":{"Dream Catcher":1,"counters":[5,23],"obtain_stats":[{"Dream Catcher":0,"PureWater":0},{"Dream Catcher":0,"PureWater":0},{"Dream Catcher":0,"PureWater":0}]},"card_choices":[{"not_picked":["JustLucky","Crescendo"],"picked":"Prostrate","floor":1},{"not_picked":["JustLucky","Adaptation"],"picked":"Pray","floor":3},{"not_picked":["Fasting2","ConjureBlade"],"picked":"Prostrate","floor":4},{"not_picked":["Adaptation","EmptyFist"],"picked":"FearNoEvil","floor":5},{"not_picked":["TalkToTheHand","CrushJoints"],"picked":"JustLucky","floor":6}],"player_experience":3759213,"relics_obtained":[],"event_choices":[{"cards_removed":["Strike_P"],"damage_healed":0,"gold_gain":0,"player_choice":"Card Removal","damage_taken":7,"max_hp_gain":0,"max_hp_loss":0,"event_name":"Golden Wing","floor":7,"gold_loss":0}],"is_beta":false,"boss_relics":[],"items_purged_floors":[],"is_endless":false,"potions_floor_spawned":[],"killed_by":"Lagavulin","ascension_level":11}}