{"host":"l84l8xigz5v5foa2","time":1609763022,"event":{"mods":["2.2 Compatiblity","AchievementEnabler","BaseMod","Better Note","Better Vampires","Card Filter","Colored Map","DeckTracker","Downfall","Gremlin Skip","Highlight Path","Keyboard Shortcuts","Minty Spire (QoL Compilation)","Permanent Neow","Quick Restart","Relic Filter","Relic Stats","StSLib","SuperFastMode","Transform Curses","Unknown Chances"],"gold_per_floor":[199,211,223,236,336,27,27,27,27,54,68,53,53,69,89,160,160,160,176,189,189,289,139,139,169,182,192,220,220,145,145,145,145],"floor_reached":31,"playtime":1587,"items_purged":["hexamod:Strike"],"score":550,"play_id":"330eccf8-0f9d-4234-9ffe-f81a6a956024","local_time":"20210104212342","is_ascension_mode":true,"campfire_choices":[{"data":"hexamod:Float","floor":1.0,"key":"SMITH"},{"data":"hexamod:NecessarySacrifice","floor":8.0,"key":"SMITH"},{"data":"hexamod:SuperheatedStrike","floor":13.0,"key":"SMITH"},{"data":"hexamod:ApocalypticArmor","floor":18.0,"key":"SMITH"},{"floor":23,"key":"RECALL"},{"data":"hexamod:GhostOfSpirePast","floor":30,"key":"SMITH"}],"circlet_count":0,"master_deck":["AscendersBane","hexamod:Strike","hexamod:Strike","hexamod:Strike","hexamod:Defend","hexamod:Defend","hexamod:Defend","hexamod:Float+1","hexamod:NecessarySacrifice+1","hexamod:NightmareStrike","hexamod:SpectersWail","hexamod:PowerFromBeyond","hexamod:InspiringFlames","hexamod:GhostflameInferno","hexamod:AdvancingGuard","hexamod:SuperheatedStrike+1","hexamod:DynamicBlow","hexamod:InspiringFlames","hexamod:ApocalypticArmor+1","hexamod:NightmareGuise","hexamod:FastForward+1","hexamod:Hexaguard","hexamod:GhostOfSpirePast+1"],"relics":["hexamod:SpiritBrand","Omamori","Oddly Smooth Stone","hexamod:IceCube","downfall:HeartBlessingGreen","downfall:HeartBlessingBlue","Eternal Feather","Mummified Hand","Matryoshka","downfall:HeartBlessingRed"],"acts_visited":["Exordium","TheCity"],"potions_floor_usage":[25,27,28],"damage_taken":[{"damage":0.0,"enemies":"2 Louse","floor":2.0,"turns":3.0},{"damage":0.0,"enemies":"Cultist","floor":3.0,"turns":3.0},{"damage":0.0,"enemies":"Jaw Worm","floor":4.0,"turns":4.0},{"damage":0.0,"enemies":"downfall:FleeingMerchant","floor":6.0,"turns":4.0},{"damage":28.0,"enemies":"Gremlin Nob","floor":10.0,"turns":4.0},{"damage":2.0,"enemies":"3 Louse","floor":11.0,"turns":3.0},{"damage":0.0,"enemies":"downfall:FleeingMerchant","floor":12.0,"turns":4.0},{"damage":0.0,"enemies":"Gremlin Gang","floor":14.0,"turns":4.0},{"damage":7.0,"enemies":"Blue Slaver","floor":15.0,"turns":3.0},{"damage":1.0,"enemies":"downfall:Silent","floor":16.0,"turns":11.0},{"damage":0.0,"enemies":"Spheric Guardian","floor":19.0,"turns":5.0},{"damage":18.0,"enemies":"Snake Plant","floor":20.0,"turns":4.0},{"damage":23,"enemies":"Book of Stabbing","floor":25,"turns":5},{"damage":0,"enemies":"3 Cultists","floor":26,"turns":6},{"damage":0,"enemies":"Cultist and Chosen","floor":27,"turns":6},{"damage":5,"enemies":"Gremlin Leader","floor":28,"turns":7},{"damage":33,"enemies":"Chosen and Byrds","floor":31,"turns":5}],"seed_played":"1683754234354718876","potions_obtained":[{"floor":2.0,"key":"SpeedPotion"},{"floor":10.0,"key":"Block Potion"},{"floor":15.0,"key":"EssenceOfSteel"},{"floor":16.0,"key":"hexamod:DoubleChargePotion"},{"floor":19.0,"key":"SneckoOil"},{"floor":20.0,"key":"hexamod:EctoCoolerPotion"},{"floor":27,"key":"AttackPotion"}],"is_trial":false,"path_per_floor":["R","M","M","M","?","$","T","R","?","E","M","$","R","M","M","B",null,"R","M","M","?","?","R","T","E","M","M","E","?","R","M"],"character_chosen":"THE_SPIRIT","items_purchased":["hexamod:InspiringFlames","Omamori"],"campfire_rested":0,"item_purchase_floors":[6,6],"current_hp_per_floor":[57,57,57,57,57,57,57,57,57,29,27,27,27,27,20,19,52,52,52,34,34,34,44,44,21,21,21,16,16,28,0,0,0],"gold":145,"neow_bonus":"HUNDRED_GOLD","is_daily":false,"chose_seed":false,"campfire_upgraded":5,"win_rate":0.0,"timestamp":1609763022,"path_taken":["R","M","M","M","?","$","T","R","?","E","?","?","R","M","M","BOSS","R","M","M","?","?","R","T","E","M","?","E","?","R","M"],"items_purchased_type":["Card","Relic"],"build_version":"2020-12-22","purchased_purges":1,"victory":false,"max_hp_per_floor":[63,63,63,63,63,63,63,63,63,63,63,63,63,63,63,63,63,63,63,63,63,63,73,73,73,73,73,73,73,73,73,73,73],"relic_stats":{"counters":[17,81],"Mummified Hand":[7],"Eternal Feather":12,"obtain_stats":[{"Matryoshka":28,"downfall:HeartBlessingRed":30,"downfall:HeartBlessingBlue":23,"Mummified Hand":25,"Oddly Smooth Stone":10,"downfall:HeartBlessingGreen":23,"Eternal Feather":24,"Omamori":6,"hexamod:SpiritBrand":0,"hexamod:IceCube":17},{"Matryoshka":16,"downfall:HeartBlessingRed":16,"downfall:HeartBlessingBlue":12,"Mummified Hand":13,"Oddly Smooth Stone":5,"downfall:HeartBlessingGreen":12,"Eternal Feather":12,"Omamori":4,"hexamod:SpiritBrand":0,"hexamod:IceCube":10},{"Matryoshka":76,"downfall:HeartBlessingRed":76,"downfall:HeartBlessingBlue":52,"Mummified Hand":57,"Oddly Smooth Stone":18,"downfall:HeartBlessingGreen":52,"Eternal Feather":52,"Omamori":14,"hexamod:SpiritBrand":0,"hexamod:IceCube":43}]},"card_choices":[{"not_picked":["hexamod:Incineration","hexamod:NightmareStrike"],"picked":"hexamod:NecessarySacrifice","floor":2.0},{"not_picked":["hexamod:RainOfEmbers","hexamod:AdvancingGuard"],"picked":"hexamod:NightmareStrike","floor":3.0},{"not_picked":["hexamod:PhantomFireball","hexamod:GhostflameBarrier"],"picked":"hexamod:SpectersWail","floor":4.0},{"not_picked":["hexamod:ThermalTransfer","hexamod:Firestarter"],"picked":"hexamod:PowerFromBeyond","floor":6.0},{"not_picked":["hexamod:ThermalTransfer","hexamod:SpectersWail"],"picked":"hexamod:GhostflameInferno","floor":10.0},{"not_picked":["hexamod:BurningTouch","hexamod:SpectersWail"],"picked":"hexamod:AdvancingGuard","floor":11.0},{"not_picked":["hexamod:NecessarySacrifice","hexamod:GhostShield"],"picked":"hexamod:SuperheatedStrike","floor":12.0},{"not_picked":["hexamod:ShieldOfDarkness","hexamod:ThermalTransfer"],"picked":"hexamod:DynamicBlow","floor":14.0},{"not_picked":["hexamod:BurningTouch","hexamod:SwordOfDarkness"],"picked":"hexamod:InspiringFlames","floor":15.0},{"not_picked":["hexamod:GhostflameInferno","hexamod:VolcanoVisage"],"picked":"hexamod:ApocalypticArmor","floor":16.0},{"not_picked":["hexamod:AdvancingGuard","hexamod:NightmareStrike"],"picked":"hexamod:NightmareGuise","floor":19.0},{"not_picked":["hexamod:ThermalTransfer","hexamod:NightmareStrike","hexamod:NecessarySacrifice"],"picked":"SKIP","floor":20.0},{"not_picked":["hexamod:EmpoweringStance","hexamod:Firestarter","hexamod:Incineration"],"picked":"SKIP","floor":25},{"not_picked":["hexamod:NightmareStrike","hexamod:Hexaguard+1"],"picked":"hexamod:FastForward+1","floor":26},{"not_picked":["hexamod:InspiringFlames","hexamod:GhostLash"],"picked":"hexamod:Hexaguard","floor":27},{"not_picked":["hexamod:SwordOfDarkness","hexamod:BacktrackSmack"],"picked":"hexamod:GhostOfSpirePast","floor":28}],"player_experience":2842479,"relics_obtained":[{"floor":10.0,"key":"Oddly Smooth Stone"},{"floor":24,"key":"Eternal Feather"},{"floor":25,"key":"Mummified Hand"},{"floor":28,"key":"Matryoshka"}],"event_choices":[{"cards_removed":["hexamod:Sear"],"damage_healed":0.0,"max_hp_gain":0.0,"max_hp_loss":0.0,"gold_gain":0.0,"event_name":"Bonfire Elementals","player_choice":"Offered Basic","floor":9.0,"gold_loss":0.0,"damage_taken":0.0}],"is_beta":false,"boss_relics":[{"not_picked":["SacredBark","SlaversCollar"],"picked":"hexamod:IceCube"}],"items_purged_floors":[6],"is_endless":false,"potions_floor_spawned":[2,10,15,16,19,20,27],"killed_by":"Chosen and Byrds","ascension_level":20}}