{"host":"0azimyi6n3ugndj4","time":1609786980,"event":{"mods":["2.2 Compatiblity","BaseMod","Bestiary","Conspire","Curses Come First","Defuse TimeMaze Blight","Hermit","Hyrulean Relics","Infinite Spire","Minty Spire (QoL Compilation)","Relic Stats","Replay The Spire","StSLib","SuperFastMode","The Cursed","The Hierophant","Uncapped","¡¼?Úª?ø«¡½REMEMod"],"gold_per_floor":[135,135,135,135,160,260,260,366,393,490,415,83,132,144,156,385,397,446,458,470,516,579,591,180,268,291,391,441,639,736,736,736],"floor_reached":31,"playtime":737,"items_purged":[],"score":1056,"play_id":"631e173d-8c21-4578-86b8-d5cd6148439f","local_time":"20210105040300","daily_mods":["SealedDeck","Hoarder","Insanity","Chimera","Specialized","Vintage","ControlledChaos","Allstar","Diverse","Colorless Cards","Heirloom","Time Dilation","Flight","Elite Swarm","Lethality","Midas","Binary"],"is_ascension_mode":true,"campfire_choices":[{"floor":7,"key":"REST"},{"floor":15,"key":"REST"},{"floor":23,"key":"REST"}],"circlet_count":0,"master_deck":["Demon Form","Wraith Form v2","Echo Form","DevaForm","AscendersBane","Bash","Survivor","Zap","Eruption","Strike_R","Strike_G","Strike_B","Defend_R","Defend_G","Defend_P","hermit:Dive","ReplayTheSpireMod:Repulse","Hello World","TheCursedMod:CircleOfAmplification","TheCursedMod:CursedBlade","Auto Shields","hermit:Headshot","TheCursedMod:Stretching","Slice","Go for the Eyes","Prostrate","hermit:WideOpen","Replay:ManipulateFuture","FlyingSleeves","ReplayTheSpireMod:Corrosion Curse","Distraction","TheCursedMod:Grudge","hierophant:Doomsaying","TheCursedMod:VitalStrike","FlurryOfBlows","Mind Blast","Clash","Endless Agony","hierophant:Doomsaying","Warcry","Calculated Gamble","Toxin Wave","TheCursedMod:TacticalStrike","Massacre","Time Bomb","Abandon","hierophant:HammerAndAnvil","Replay:ManipulateFuture","hermit:Quickdraw","Halt","Redo","hierophant:OrnateBuckler+1","hierophant:HolyVerse","ReplayTheSpireMod:Calculation Training","TheCursedMod:CursedMace","TheCursedMod:RapidMovement","hermit:Feint","TheCursedMod:CursedBlade","Conserve Battery","TheCursedMod:VitalStrike","TheCursedMod:CursedAmulet","hermit:SprayPray","TheCursedMod:DoubleShield","hermit:Ricochet","hermit:GoldenBullet","hierophant:Rebuild","hierophant:Rebuild","hierophant:Rebuild","hierophant:Rebuild","hierophant:Rebuild","hierophant:Rebuild","hierophant:Rebuild","hierophant:Rebuild","hierophant:Rebuild","hierophant:Rebuild","hierophant:Rebuild","hierophant:Rebuild","hierophant:Rebuild","hierophant:Rebuild","hierophant:Rebuild","Compile Driver","Compile Driver","Compile Driver","Clothesline","Clothesline","Clothesline","hierophant:Community","hierophant:Community","hierophant:Community","hermit:Desperado","hermit:Desperado","hermit:Desperado","TheCursedMod:CircleOfCorruption","TheCursedMod:CircleOfCorruption","TheCursedMod:CircleOfCorruption","Outmaneuver","Outmaneuver","Outmaneuver","FollowUp","FollowUp","FollowUp","hierophant:Upheaval","hierophant:Upheaval","hierophant:Upheaval","Cold Snap","Cold Snap","Cold Snap","Prostrate","Prostrate","Prostrate","All For One","All For One","All For One","Voices","ReplayTheSpireMod:IOU","ReplayTheSpireMod:IOU","ReplayTheSpireMod:IOU","Delirium","Delirium","Delirium","ReplayTheSpireMod:Haul","ReplayTheSpireMod:Haul","ReplayTheSpireMod:Haul"],"relics":["TheCursedMod:BlackMagic101","Frozen Eye","Busted Crown","REME_ComplimentaryCards","Bird Faced Urn","infinitespire:Lucky Rock","ReplayTheSpireMod:Ring of Challenge","zeldaRelics:CourageTriforce","zeldaRelics:WisdomTriforce","OrangePellets","Blue Doll","MawBank","TheCursedMod:OminousMark","conspire:DeflatedDodgeball","Chameleon Ring","Replay:Accelerometer","Bag of Preparation","zeldaRelics:PowerTriforce","Blood Vial","Happy Flower"],"acts_visited":["Exordium","TheCity"],"potions_floor_usage":[],"damage_taken":[{"damage":0,"enemies":"Cultist","floor":1,"turns":1},{"damage":0,"enemies":"Gremlin Nob","floor":6,"turns":1},{"damage":0,"enemies":"Lagavulin","floor":8,"turns":1},{"damage":10,"enemies":"3 Sentries","floor":10,"turns":6},{"damage":0,"enemies":"2 Louse","floor":13,"turns":2},{"damage":30,"enemies":"Fading Forest","floor":16,"turns":13},{"damage":54,"enemies":"3 Byrds","floor":18,"turns":5},{"damage":0,"enemies":"Chosen","floor":21,"turns":1},{"damage":4,"enemies":"Gremlin Leader","floor":25,"turns":4},{"damage":0,"enemies":"Book of Stabbing","floor":27,"turns":1},{"damage":17,"enemies":"Nightmare","floor":30,"turns":4},{"damage":9,"enemies":"3 Cultists","floor":31,"turns":2}],"seed_played":"-1883186047089432263","potions_obtained":[{"floor":6,"key":"Milkshake"},{"floor":8,"key":"Swift Potion"},{"floor":13,"key":"SkillPotion"},{"floor":25,"key":"DistilledChaos"}],"is_trial":true,"path_per_floor":["M","$","?","?","T","E","R","E","T","E","?","$","M","?","R","B",null,"M","?","?","M","T","R","$","E","T","E","?","?","NM","M"],"character_chosen":"THE_CURSED","items_purchased":["OrangePellets","Blue Doll","Replay:Accelerometer","Bag of Preparation"],"campfire_rested":3,"item_purchase_floors":[12,12,24,24],"current_hp_per_floor":[64,64,64,64,64,64,71,71,71,63,63,63,65,61,71,49,66,16,16,16,16,16,37,37,37,37,39,39,16,7,0,0],"gold":736,"neow_bonus":"","is_daily":false,"chose_seed":false,"campfire_upgraded":0,"win_rate":0.0,"timestamp":1609786980,"path_taken":["M","?","?","?","?","E","R","E","T","E","?","?","?","?","R","BOSS","M","?","?","?","?","R","?","E","T","E","?","?","NM","?"],"items_purchased_type":["Relic","Relic","Relic","Relic"],"build_version":"2020-12-22","purchased_purges":0,"victory":false,"max_hp_per_floor":[71,71,71,71,71,71,71,71,71,71,71,71,71,71,71,71,71,71,71,71,71,71,71,71,71,71,71,71,71,71,71,71],"relic_stats":{"Blood Vial":4,"OrangePellets":[2],"Busted Crown":52,"Happy Flower":[0],"counters":[12,41],"Bird Faced Urn":[28],"Bag of Preparation":[8],"MawBank":132,"obtain_stats":[{"TheCursedMod:BlackMagic101":0,"Replay:Accelerometer":24,"zeldaRelics:WisdomPiece":9,"Happy Flower":30,"Blue Doll":12,"Bag of Preparation":24,"infinitespire:Lucky Rock":1,"zeldaRelics:PowerTriforce":27,"MawBank":13,"zeldaRelics:CourageTriforce":8,"zeldaRelics:WisdomTriforce":22,"Blood Vial":29,"Frozen Eye":0,"OrangePellets":12,"Busted Crown":0,"Chameleon Ring":21,"TheCursedMod:OminousMark":17,"Bird Faced Urn":0,"zeldaRelics:CouragePiece":5,"ReplayTheSpireMod:Ring of Challenge":3,"conspire:DeflatedDodgeball":18,"zeldaRelics:PowerPiece":25,"REME_ComplimentaryCards":0},{"TheCursedMod:BlackMagic101":0,"Replay:Accelerometer":8,"zeldaRelics:WisdomPiece":3,"Happy Flower":11,"Blue Doll":4,"Bag of Preparation":8,"infinitespire:Lucky Rock":1,"zeldaRelics:PowerTriforce":10,"MawBank":5,"zeldaRelics:CourageTriforce":3,"zeldaRelics:WisdomTriforce":8,"Blood Vial":10,"Frozen Eye":0,"OrangePellets":4,"Busted Crown":0,"Chameleon Ring":8,"TheCursedMod:OminousMark":6,"Bird Faced Urn":0,"zeldaRelics:CouragePiece":1,"ReplayTheSpireMod:Ring of Challenge":1,"conspire:DeflatedDodgeball":7,"zeldaRelics:PowerPiece":9,"REME_ComplimentaryCards":0},{"TheCursedMod:BlackMagic101":0,"Replay:Accelerometer":30,"zeldaRelics:WisdomPiece":3,"Happy Flower":39,"Blue Doll":9,"Bag of Preparation":30,"infinitespire:Lucky Rock":1,"zeldaRelics:PowerTriforce":35,"MawBank":11,"zeldaRelics:CourageTriforce":3,"zeldaRelics:WisdomTriforce":30,"Blood Vial":35,"Frozen Eye":0,"OrangePellets":9,"Busted Crown":0,"Chameleon Ring":30,"TheCursedMod:OminousMark":24,"Bird Faced Urn":0,"zeldaRelics:CouragePiece":1,"ReplayTheSpireMod:Ring of Challenge":1,"conspire:DeflatedDodgeball":29,"zeldaRelics:PowerPiece":34,"REME_ComplimentaryCards":0}]},"card_choices":[{"not_picked":["infinitespire:NeuralNetwork","infinitespire:Gouge"],"picked":"ReplayTheSpireMod:Haul","floor":19}],"player_experience":1523631,"relics_obtained":[{"floor":1,"key":"infinitespire:Lucky Rock"},{"floor":3,"key":"ReplayTheSpireMod:Ring of Challenge"},{"floor":5,"key":"zeldaRelics:CouragePiece"},{"floor":6,"key":"zeldaRelics:CouragePiece"},{"floor":8,"key":"zeldaRelics:CouragePiece"},{"floor":9,"key":"zeldaRelics:WisdomPiece"},{"floor":10,"key":"zeldaRelics:WisdomPiece"},{"floor":13,"key":"MawBank"},{"floor":18,"key":"conspire:DeflatedDodgeball"},{"floor":21,"key":"Chameleon Ring"},{"floor":22,"key":"zeldaRelics:WisdomPiece"},{"floor":25,"key":"zeldaRelics:PowerPiece"},{"floor":26,"key":"zeldaRelics:PowerPiece"},{"floor":27,"key":"zeldaRelics:PowerPiece"},{"floor":29,"key":"Blood Vial"},{"floor":30,"key":"Happy Flower"}],"event_choices":[{"cards_removed":["Voices"],"damage_healed":0,"gold_gain":0,"player_choice":"Card Removal","damage_taken":0,"max_hp_gain":0,"max_hp_loss":0,"event_name":"The Cleric","floor":11,"gold_loss":75},{"damage_healed":0,"gold_gain":0,"player_choice":"Leave","damage_taken":0,"max_hp_gain":0,"max_hp_loss":0,"event_name":"conspire:Investor","floor":14,"gold_loss":0},{"cards_removed":["Voices"],"damage_healed":0,"gold_gain":0,"player_choice":"Purged","damage_taken":0,"max_hp_gain":0,"max_hp_loss":0,"event_name":"Purifier","floor":20,"gold_loss":0},{"damage_healed":0,"gold_gain":50,"player_choice":"Stole From Cult","damage_taken":0,"max_hp_gain":0,"max_hp_loss":0,"event_name":"Nest","floor":28,"gold_loss":0}],"is_beta":false,"boss_relics":[{"not_picked":["Abe\u0027s Treasure","ReplayTheSpireMod:DimensionalGlitch"],"picked":"TheCursedMod:OminousMark"}],"items_purged_floors":[],"is_endless":true,"potions_floor_spawned":[6,8,13,25,27],"killed_by":"3 Cultists","ascension_level":20}}