{"host":"91blwi3hgehj6ch9","time":1609792530,"event":{"mods":["2.2 Compatiblity","AchievementEnabler","BaseMod","Colored Map","DeckTracker","Keyboard Shortcuts","Minty Spire (QoL Compilation)","Permanent Neow","Quick Restart","StSLib","SuperFastMode"],"gold_per_floor":[115,115,40,58,58,71,71,86,86,104,121,152,164,176,176,274,274,288,288,238,249,265,265,278,307,356,383,383,393,393,393],"floor_reached":30,"playtime":1053,"items_purged":["Defend_G","Strike_G"],"score":354,"play_id":"a138c3d3-fa4b-4544-bd53-833ed4bad9e9","local_time":"20210105053530","is_ascension_mode":true,"campfire_choices":[{"data":"Deadly Poison","floor":7.0,"key":"SMITH"},{"data":"Concentrate","floor":15.0,"key":"SMITH"},{"data":"Adrenaline","floor":23,"key":"SMITH"}],"circlet_count":0,"master_deck":["AscendersBane","Strike_G","Strike_G","Strike_G","Strike_G","Defend_G+1","Defend_G+1","Defend_G","Defend_G","Survivor","Neutralize+1","Backflip","Acrobatics","Deadly Poison+1","Prepared","Eviscerate","Concentrate+1","Finisher","Adrenaline+1","CurseOfTheBell","Necronomicurse","Catalyst+1","Acrobatics+1","Backflip+1"],"relics":["Ring of the Snake","Ninja Scroll","Bottled Lightning","Tiny Chest","Calling Bell","Smiling Mask","Sundial","FossilizedHelix","Necronomicon","Red Mask","PreservedInsect","Akabeko","Incense Burner"],"acts_visited":["Exordium","TheCity"],"potions_floor_usage":[25,29],"damage_taken":[{"damage":0.0,"enemies":"Jaw Worm","floor":1.0,"turns":5.0},{"damage":8.0,"enemies":"2 Louse","floor":4.0,"turns":3.0},{"damage":0.0,"enemies":"Cultist","floor":6.0,"turns":3.0},{"damage":12.0,"enemies":"Lots of Slimes","floor":8.0,"turns":4.0},{"damage":3.0,"enemies":"Looter","floor":10.0,"turns":3.0},{"damage":1.0,"enemies":"3 Louse","floor":11.0,"turns":3.0},{"damage":8.0,"enemies":"Gremlin Nob","floor":12.0,"turns":3.0},{"damage":0.0,"enemies":"Blue Slaver","floor":13.0,"turns":2.0},{"damage":8.0,"enemies":"Large Slime","floor":14.0,"turns":8.0},{"damage":12.0,"enemies":"The Guardian","floor":16.0,"turns":11.0},{"damage":10.0,"enemies":"Shell Parasite","floor":18.0,"turns":5.0},{"damage":0,"enemies":"Chosen","floor":21,"turns":5},{"damage":15,"enemies":"Snake Plant","floor":22,"turns":5},{"damage":9,"enemies":"Centurion and Healer","floor":24,"turns":5},{"damage":0,"enemies":"Masked Bandits","floor":25,"turns":3},{"damage":0,"enemies":"Snecko","floor":29,"turns":3},{"damage":9,"enemies":"Chosen and Byrds","floor":30,"turns":6}],"seed_played":"-6386174445316953466","potions_obtained":[{"floor":1.0,"key":"PowerPotion"},{"floor":4.0,"key":"SkillPotion"},{"floor":11.0,"key":"LiquidMemories"},{"floor":13.0,"key":"FairyPotion"},{"floor":16.0,"key":"AttackPotion"},{"floor":21,"key":"SteroidPotion"},{"floor":22,"key":"EssenceOfSteel"},{"floor":25,"key":"BlessingOfTheForge"}],"is_trial":false,"path_per_floor":["M","?","$","M","?","M","R","M","T","M","M","E","M","M","R","B",null,"M","?","$","M","M","R","M","?","T","T","T","M","M"],"character_chosen":"THE_SILENT","items_purchased":[],"campfire_rested":0,"item_purchase_floors":[],"current_hp_per_floor":[63,49,49,41,41,41,41,29,29,26,25,17,17,9,9,19,57,47,31,31,31,16,16,7,7,7,7,7,7,0,0],"gold":393,"neow_bonus":"UPGRADE_CARD","is_daily":false,"chose_seed":false,"campfire_upgraded":3,"win_rate":0.0,"timestamp":1609792530,"path_taken":["M","?","$","M","?","?","R","M","T","?","?","E","M","M","R","BOSS","M","?","$","M","M","R","M","?","T","?","?","M","M"],"items_purchased_type":[],"build_version":"2020-12-22","purchased_purges":2,"victory":false,"max_hp_per_floor":[70,70,70,70,70,70,70,70,70,70,70,70,70,70,70,70,70,70,70,70,70,70,70,70,70,70,70,70,70,70,70],"card_choices":[{"not_picked":["Setup","Dodge and Roll"],"picked":"Backflip","floor":1.0},{"not_picked":["Sucker Punch","PiercingWail"],"picked":"Acrobatics","floor":4.0},{"not_picked":["Dodge and Roll","Poisoned Stab"],"picked":"Deadly Poison","floor":6.0},{"not_picked":["Bouncing Flask","Dodge and Roll"],"picked":"Prepared","floor":8.0},{"not_picked":["Sucker Punch","Slice","Dodge and Roll"],"picked":"SKIP","floor":10.0},{"not_picked":["Outmaneuver","Flying Knee"],"picked":"Eviscerate","floor":11.0},{"not_picked":["Distraction","Leg Sweep","Noxious Fumes"],"picked":"SKIP","floor":12.0},{"not_picked":["Masterful Stab","Noxious Fumes"],"picked":"Concentrate","floor":13.0},{"not_picked":["Choke","Deadly Poison"],"picked":"Finisher","floor":14.0},{"not_picked":["Wraith Form v2","Doppelganger"],"picked":"Adrenaline","floor":16.0},{"not_picked":["Eviscerate","Underhanded Strike","Infinite Blades"],"picked":"SKIP","floor":18.0},{"not_picked":["A Thousand Cuts","Blade Dance"],"picked":"Catalyst+1","floor":21},{"not_picked":["Quick Slash+1","Backstab"],"picked":"Acrobatics+1","floor":22},{"not_picked":["Dash+1","PiercingWail","Quick Slash"],"picked":"SKIP","floor":24},{"not_picked":["Flying Knee","Masterful Stab"],"picked":"Backflip+1","floor":25},{"not_picked":["Slice","Masterful Stab","Sucker Punch"],"picked":"SKIP","floor":29}],"player_experience":162519,"relics_obtained":[{"floor":5.0,"key":"Ninja Scroll"},{"floor":9.0,"key":"Bottled Lightning"},{"floor":12.0,"key":"Tiny Chest"},{"floor":17.0,"key":"Smiling Mask"},{"floor":17.0,"key":"Sundial"},{"floor":17.0,"key":"FossilizedHelix"},{"floor":19,"key":"Necronomicon"},{"floor":25,"key":"Red Mask"},{"floor":26,"key":"PreservedInsect"},{"floor":27,"key":"Akabeko"},{"floor":28,"key":"Incense Burner"}],"event_choices":[{"damage_healed":0.0,"max_hp_gain":0.0,"max_hp_loss":0.0,"gold_gain":0.0,"event_name":"Shining Light","player_choice":"Entered Light","floor":2.0,"gold_loss":0.0,"damage_taken":14.0,"cards_upgraded":["Defend_G","Defend_G"]},{"damage_healed":0.0,"max_hp_gain":0.0,"max_hp_loss":0.0,"gold_gain":0.0,"event_name":"Wheel of Change","player_choice":"Relic","floor":5.0,"gold_loss":0.0,"damage_taken":0.0},{"damage_healed":0,"gold_gain":0,"player_choice":"Obtained Book","damage_taken":16,"max_hp_gain":0,"max_hp_loss":0,"event_name":"Cursed Tome","floor":19,"gold_loss":0},{"damage_healed":0,"gold_gain":0,"player_choice":"Fought Bandits","damage_taken":0,"max_hp_gain":0,"max_hp_loss":0,"event_name":"Masked Bandits","floor":25,"gold_loss":0}],"is_beta":false,"boss_relics":[{"not_picked":["Busted Crown","Black Star"],"picked":"Calling Bell"}],"items_purged_floors":[3,20],"is_endless":false,"potions_floor_spawned":[1,4,11,13,16,21,22,24,25],"killed_by":"Chosen and Byrds","ascension_level":10}}