{"host":"jr9txmeil0uubrvm","time":1609767928,"event":{"mods":["10 clothes from DAL","ATMod(阿瑾Mod)","Act Like it!","BaseMod","Colored Powertips","FGO Abigail","Gensokyo","Minty Spire (QoL Compilation)","Permanent Neow","Quick Restart","StSLib","The Alterego","The Marked","TheWitcher","【功能Mod】Neow奖励","【功能Mod】强力的原版药水","【功能Mod】精心准备","【遗物Mod】简单游戏","【遗物卡牌】REMEMod","残留之物","没有小屋子和绿帽子啦","魔戒"],"gold_per_floor":[110,127,147,165,177,207,224,251,251,265,340,340,374,394,394,495,495,512,512,532,552,569,598,523,556,556,556,556,583,583,603,603,707,707,729,758,787,405,425,460,460,476,476,476,25,42,55,80,80,80],"floor_reached":51,"playtime":2093,"items_purged":["theMarked:Strike","Decay"],"score":884,"play_id":"c9e546c9-94ef-453f-8b1d-906167ed2a2a","local_time":"20210104214528","is_ascension_mode":true,"campfire_choices":[{"floor":12,"key":"REST"},{"floor":15,"key":"REST"},{"data":"AT_FamilyPortrait","floor":27,"key":"SMITH"},{"floor":30,"key":"REST"},{"floor":32,"key":"REST"},{"floor":41,"key":"REST"},{"data":"theMarked:Panic","floor":49,"key":"SMITH"}],"circlet_count":0,"master_deck":["theMarked:Strike","theMarked:Strike","theMarked:Strike","theMarked:Defend","theMarked:Defend","theMarked:Defend","theMarked:Defend","theMarked:SoldierOfQuellstein","AT_FamilyPortrait+1","SnafuTest:LastWish","theMarked:Panic+1","theMarked:ComboAttacks","theMarked:ElectricStrings","theMarked:Panic","theMarked:EmpowerWeapon","theMarked:WardOff","theMarked:KeepCalmAndFightOn","theMarked:EternalStudent","theMarked:EternalStudent","theMarked:EmpowerWeapon","theMarked:ParalyzingBlade","theMarked:BindingBlade","theMarked:WastefulAttack","theMarked:Panic+1","AT_LightSaberMaster+1"],"relics":["theMarked:ArtifactOfAir","EasyRelic","REME_ComplimentaryCards","AT_ATBox","theMarked:DemonDagger","Toy Ornithopter","AT_ImmortalShieldbow","REME_LimitBreaker","AT_TrinityForce","SnafuTest:CatRelic","PlaceholderMod:DeVermisMysteriis","Meat on the Bone","Akabeko","REME_LowDesire","AT_RedTearstoneRing","MawBank","DALC_WAN","Toxic Egg 2","Happy Flower","Lee\u0027s Waffle","Bag of Preparation","Potion Belt"],"acts_visited":["Exordium","TheCity","TheBeyond"],"potions_floor_usage":[8,8,10,16,23,25,33,33,50],"damage_taken":[{"damage":1,"enemies":"Cultist","floor":1,"turns":3},{"damage":0,"enemies":"Small Slimes","floor":2,"turns":2},{"damage":4,"enemies":"Jaw Worm","floor":3,"turns":3},{"damage":6,"enemies":"Red Slaver","floor":4,"turns":3},{"damage":6,"enemies":"Looter","floor":5,"turns":3},{"damage":19,"enemies":"Lagavulin","floor":6,"turns":4},{"damage":0,"enemies":"Blue Slaver","floor":7,"turns":3},{"damage":9,"enemies":"3 Sentries","floor":8,"turns":5},{"damage":9,"enemies":"Lots of Slimes","floor":10,"turns":2},{"damage":11,"enemies":"Gremlin Nob","floor":13,"turns":3},{"damage":0,"enemies":"Exordium Thugs","floor":14,"turns":3},{"damage":32,"enemies":"Slime Boss","floor":16,"turns":8},{"damage":10,"enemies":"2 Thieves","floor":18,"turns":2},{"damage":17,"enemies":"3 Byrds","floor":20,"turns":4},{"damage":4,"enemies":"Cultist and Chosen","floor":21,"turns":3},{"damage":15,"enemies":"Centurion and Healer","floor":22,"turns":3},{"damage":19,"enemies":"Book of Stabbing","floor":23,"turns":3},{"damage":19,"enemies":"Slavers","floor":25,"turns":2},{"damage":32,"enemies":"REME_1_Revenger","floor":29,"turns":3},{"damage":18,"enemies":"Shelled Parasite and Fungi","floor":31,"turns":3},{"damage":32,"enemies":"Collector","floor":33,"turns":5},{"damage":17,"enemies":"3 Darklings","floor":35,"turns":3},{"damage":10,"enemies":"3 Shapes","floor":36,"turns":2},{"damage":0,"enemies":"Jaw Worm Horde","floor":37,"turns":2},{"damage":2,"enemies":"Transient","floor":39,"turns":5},{"damage":18,"enemies":"Nemesis","floor":40,"turns":3},{"damage":25,"enemies":"Maw","floor":42,"turns":4},{"damage":0,"enemies":"3 Darklings","floor":46,"turns":2},{"damage":0,"enemies":"Jaw Worm Horde","floor":47,"turns":1},{"damage":5,"enemies":"Giant Head","floor":48,"turns":4},{"damage":36,"enemies":"Time Eater","floor":50,"turns":4}],"seed_played":"-8218953151586652210","potions_obtained":[{"floor":4,"key":"Explosive Potion"},{"floor":5,"key":"Energy Potion"},{"floor":6,"key":"DuplicationPotion"},{"floor":7,"key":"theMarked:ChargePotion"},{"floor":16,"key":"AttackPotion"},{"floor":21,"key":"Dexterity Potion"},{"floor":29,"key":"PlaceholderMod:PlaceholderPotion"},{"floor":31,"key":"Dexterity Potion"},{"floor":33,"key":"Regen Potion"},{"floor":35,"key":"EssenceOfSteel"},{"floor":36,"key":"Weak Potion"},{"floor":40,"key":"DuplicationPotion"},{"floor":48,"key":"SmokeBomb"}],"is_trial":false,"path_per_floor":["M","M","M","M","M","E","M","E","T","M","?","R","E","M","R","B",null,"M","?","M","M","M","E","?","E","T","R","?","E","R","M","R","B",null,"M","M","M","$","M","E","R","M","T","?","$","M","M","E","R","B",null],"character_chosen":"THE_DEFAULT","items_purchased":["DALC_WAN","theMarked:BindingBlade","Lee\u0027s Waffle","Bag of Preparation","Swift Potion"],"campfire_rested":5,"item_purchase_floors":[38,38,45,45,45],"current_hp_per_floor":[83,83,79,73,67,48,48,39,39,35,24,49,38,38,63,36,84,74,74,57,64,49,35,35,59,59,59,59,39,64,46,71,49,84,67,57,57,57,55,49,74,49,49,49,91,91,91,86,86,55],"gold":80,"neow_bonus":"TWENTY_PERCENT_HP_BONUS","is_daily":false,"chose_seed":false,"campfire_upgraded":2,"win_rate":0.0,"timestamp":1609767928,"path_taken":["M","M","?","M","M","E","M","E","T","M","?","R","E","M","R","BOSS","M","?","?","M","M","E","?","E","T","R","?","E","R","M","R","BOSS","M","?","M","$","M","E","R","M","T","?","$","M","?","E","R","BOSS"],"items_purchased_type":["Relic","Card","Relic","Relic","Potion"],"build_version":"2020-12-22","purchased_purges":2,"victory":true,"max_hp_per_floor":[84,84,84,84,84,84,84,84,84,84,84,84,84,84,84,84,84,84,84,84,84,84,84,84,84,84,84,84,84,84,84,84,84,84,84,84,84,84,84,84,84,84,84,84,91,91,91,91,91,91],"card_choices":[{"not_picked":["theMarked:WastefulAttack","theMarked:Electrify"],"picked":"theMarked:Panic","floor":1},{"not_picked":["theMarked:Polarize","theMarked:SwordAndMagic"],"picked":"theMarked:ComboAttacks","floor":2},{"not_picked":["theMarked:RogueSparks","theMarked:Aftermath","theMarked:WastefulAttack"],"picked":"SKIP","floor":3},{"not_picked":["theMarked:ShockingTouch","theMarked:AttractMetal"],"picked":"theMarked:ElectricStrings","floor":4},{"not_picked":["theMarked:TwofoldDefense","theMarked:BanishingStrike"],"picked":"theMarked:SuspiciousRaven","floor":5},{"not_picked":["theMarked:Parry","theMarked:StartUp"],"picked":"theMarked:Panic","floor":6},{"not_picked":["theMarked:TunnelVision","theMarked:Polarize"],"picked":"theMarked:EmpowerWeapon","floor":7},{"not_picked":["theMarked:Polarize","theMarked:ElectricStrings","theMarked:RogueSparks"],"picked":"SKIP","floor":8},{"not_picked":["theMarked:Aftermath","theMarked:Seal"],"picked":"theMarked:WardOff","floor":10},{"not_picked":["theMarked:WastefulDefense","theMarked:ResourceFulStrike"],"picked":"theMarked:KeepCalmAndFightOn","floor":13},{"not_picked":["theMarked:CreepingChasm","theMarked:Improvise"],"picked":"theMarked:EternalStudent","floor":14},{"not_picked":["theMarked:MuscleMemory","theMarked:Challenge"],"picked":"theMarked:EternalStudent","floor":16},{"not_picked":["theMarked:Electrify","theMarked:Reabsorb"],"picked":"theMarked:EmpowerWeapon","floor":18},{"not_picked":["theMarked:RogueSparks","theMarked:Electrify+1","theMarked:BanishingStrike"],"picked":"SKIP","floor":20},{"not_picked":["theMarked:Static","theMarked:Frustration","theMarked:WastefulAttack"],"picked":"SKIP","floor":21},{"not_picked":["theMarked:WastefulDefense+1","theMarked:ChainLightning","theMarked:ResourceFulStrike"],"picked":"SKIP","floor":22},{"not_picked":["theMarked:MaelstromOfLightning","theMarked:WardOff+1","theMarked:WastefulDefense"],"picked":"SKIP","floor":23},{"not_picked":["theMarked:Parkour+1","theMarked:Aftermath","theMarked:ResourceFulStrike"],"picked":"SKIP","floor":25},{"not_picked":["theMarked:CreepingChasm","theMarked:MaelstromOfLightning","theMarked:TakeOffHeels"],"picked":"SKIP","floor":29},{"not_picked":["theMarked:ElectricStrings","theMarked:WastefulAttack","theMarked:Improvise+1"],"picked":"SKIP","floor":31},{"not_picked":["theMarked:Seal","theMarked:SwordAndMagic","theMarked:CreepingChasm+1","REME_BattleFury"],"picked":"SKIP","floor":35},{"not_picked":["theMarked:ElectricStrings+1","theMarked:Standoff","theMarked:WastefulDefense","HandOfGreed"],"picked":"SKIP","floor":36},{"not_picked":["theMarked:HeightenedSenses+1","theMarked:Aftermath","theMarked:ResourceFulStrike+1","Jack Of All Trades+1"],"picked":"SKIP","floor":37},{"not_picked":["theMarked:WastefulAttack","theMarked:SwordAndMagic+1","theMarked:Improvise+1","Impatience+1"],"picked":"SKIP","floor":39},{"not_picked":["theMarked:EnhanceMovement+1","theMarked:ContemptForTheProud+1","theMarked:Static+1","REME_TwoStrings+1"],"picked":"SKIP","floor":40},{"not_picked":["theMarked:Parkour","theMarked:RepellingDischarge+1","theMarked:TwofoldDefense+1","SplendidFlameSword"],"picked":"SKIP","floor":42},{"not_picked":["theMarked:RepellingDischarge+1","theMarked:CreepingChasm+1","SplendidFlameSword"],"picked":"theMarked:Panic+1","floor":46},{"not_picked":["theMarked:ChannelForce+1","theMarked:EmpowerWeapon+1","theMarked:ComboAttacks","Swift Strike"],"picked":"SKIP","floor":47},{"not_picked":["theMarked:WastefulDefense+1","theMarked:RepellingDischarge+1","theMarked:BanishingStrike+1"],"picked":"AT_LightSaberMaster+1","floor":48}],"player_experience":408298,"relics_obtained":[{"floor":6,"key":"theMarked:DemonDagger"},{"floor":8,"key":"Toy Ornithopter"},{"floor":9,"key":"AT_ImmortalShieldbow"},{"floor":13,"key":"REME_LimitBreaker"},{"floor":23,"key":"SnafuTest:CatRelic"},{"floor":25,"key":"PlaceholderMod:DeVermisMysteriis"},{"floor":26,"key":"Meat on the Bone"},{"floor":29,"key":"Akabeko"},{"floor":34,"key":"AT_RedTearstoneRing"},{"floor":34,"key":"MawBank"},{"floor":40,"key":"Toxic Egg 2"},{"floor":43,"key":"Happy Flower"},{"floor":48,"key":"Potion Belt"}],"event_choices":[{"damage_healed":0,"gold_gain":75,"player_choice":"Gather Gold","damage_taken":11,"max_hp_gain":0,"max_hp_loss":0,"event_name":"World of Goop","floor":11,"gold_loss":0},{"damage_healed":0,"gold_gain":0,"player_choice":"1 cards matched","damage_taken":0,"max_hp_gain":0,"max_hp_loss":0,"event_name":"Match and Keep!","floor":19,"gold_loss":0,"cards_obtained":["theMarked:ParalyzingBlade"]},{"cards_removed":["theMarked:Strike"],"damage_healed":0,"gold_gain":0,"player_choice":"Gave Gold","damage_taken":0,"max_hp_gain":0,"max_hp_loss":0,"event_name":"Beggar","floor":24,"gold_loss":75},{"damage_healed":0,"gold_gain":0,"player_choice":"Ignored","damage_taken":0,"max_hp_gain":0,"max_hp_loss":0,"event_name":"NoteForYourself","floor":28,"gold_loss":0},{"damage_healed":0,"gold_gain":0,"cards_transformed":["theMarked:SuspiciousRaven"],"player_choice":"Transformed","damage_taken":0,"max_hp_gain":0,"max_hp_loss":0,"event_name":"Transmorgrifier","floor":44,"gold_loss":0,"cards_obtained":["theMarked:WastefulAttack"]}],"is_beta":false,"boss_relics":[{"not_picked":["Tiny House","Cursed Key"],"picked":"AT_TrinityForce"},{"not_picked":["SlaversCollar","Black Star"],"picked":"REME_LowDesire"}],"items_purged_floors":[38,45],"is_endless":false,"potions_floor_spawned":[4,5,6,7,16,21,29,31,33,35,36,40,46,47,48],"ascension_level":1}}