{"host":"0azimyi6n3ugndj4","time":1609790254,"event":{"mods":["2.2 Compatiblity","BaseMod","Bestiary","Conspire","Curses Come First","Defuse TimeMaze Blight","Hermit","Hubris","Hyrulean Relics","Infinite Spire","Jorbs\u0027s Wanderer Trilogy","Minty Spire (QoL Compilation)","Relic Stats","Replay The Spire","StSLib","SuperFastMode","The Cursed","The Hierophant","Uncapped","¡¼?Úª?ø«¡½REMEMod"],"gold_per_floor":[185,22,22,46,108,108,221,221,221,57,57,57,57,137,137,388,388,450,500,460,552,552,689,609,734,784,889,889,999,1067,576,576,800,800,913,748,748,748,94,94,255,255,255,399,399,399,514,514,514,506,498],"floor_reached":52,"playtime":1724,"items_purged":["Languid","Languid"],"score":2268,"play_id":"e751f977-5c84-4286-9123-a12f2c19e83c","local_time":"20210105045734","daily_mods":["SealedDeck","Hoarder","Insanity","Chimera","Specialized","Vintage","ControlledChaos","Allstar","Diverse","Colorless Cards","Heirloom","Time Dilation","Flight","Elite Swarm","Lethality","Midas","Binary"],"is_ascension_mode":true,"campfire_choices":[{"floor":6,"key":"REST"},{"floor":15,"key":"REST"},{"floor":28,"key":"REST"},{"floor":32,"key":"REST"},{"floor":40,"key":"REST"},{"floor":42,"key":"REST"},{"floor":49,"key":"REST"}],"circlet_count":0,"master_deck":["Demon Form","Wraith Form v2","Echo Form","DevaForm","stsjorbsmod:ArcaneForm","stsjorbsmod:WastingForm","AscendersBane","Bash","Survivor","Zap","Strike_R","Strike_G","Strike_B","Defend_R","Defend_G","Defend_P","Armaments","Meditate","Dramatic Entrance","hierophant:Sermon","hermit:Horror","Melter","stsjorbsmod:Message","stsjorbsmod:RayOfFrost","Go for the Eyes","hierophant:ThreeLashes","TheCursedMod:Hemoplague","Catalyst","Blizzard","hermit:GhostlyPresence","Compile Driver","Dodge and Roll","TheCursedMod:SpreadPlague","stsjorbsmod:Hurt","hierophant:Doubloon","Shrug It Off","Prostrate","Uppercut","TheCursedMod:Mangle","hermit:Ricochet","Evaluate","Storm","hermit:Vantage","TheCursedMod:Obscuration","Rebound","TheCursedMod:VitalStrike","FollowUp","TheCursedMod:SoulReap","hierophant:DisplayOfPower","Underhanded Strike","TheCursedMod:CircleOfFlame","stsjorbsmod:Prestidigitation","Genetic Algorithm","Slice","BattleHymn","hierophant:Chorus","Cloak And Dagger","hermit:Feint","Dagger Throw","TheCursedMod:CircleOfFocus","Loop","hubris:ReadiedAction","TheCursedMod:BloodBarrier","hubris:Insight","hermit:CalledShot","CrushJoints","Brutality","Brutality","Brutality","Brutality","Brutality","Brutality","Brutality","Brutality","Brutality","Brutality","Brutality","Brutality","Brutality","Brutality","Brutality","Sweeping Beam","Sweeping Beam","Sweeping Beam","hermit:Misfire","hermit:Misfire","hermit:Misfire","Body Slam","Body Slam","Body Slam","hermit:Snipe","hermit:Snipe","hierophant:Dazzle","hierophant:Dazzle","hierophant:Dazzle","hierophant:DisplayOfPower","hierophant:DisplayOfPower","hierophant:DisplayOfPower","Shrug It Off","Shrug It Off","Shrug It Off","Panacea","Panacea","Panacea","ThirdEye","ThirdEye","ThirdEye","stsjorbsmod:Inferno","stsjorbsmod:Inferno","stsjorbsmod:Inferno","hierophant:Doubloon+1","hierophant:Doubloon","hierophant:Doubloon","Time Bomb","Time Bomb","Time Bomb","Languid","hierophant:Doubloon","hierophant:Doubloon","hierophant:Doubloon","Madness","Madness","Madness","Madness","Madness","Madness"],"relics":["stsjorbsmod:GrimoireRelic","Frozen Eye","Busted Crown","REME_ComplimentaryCards","hubris:Potato","Shuriken","REME_PuzzleBoxRelic","zeldaRelics:CourageTriforce","ReplayTheSpireMod:TigerMarble","Sling","ReplayTheSpireMod:Ring of Exchange","ReplayTheSpireMod:Ring of Challenge","zeldaRelics:WisdomTriforce","hubris:Reverence","REME_ChargedStone","Snack Pack","Counterbalance","hubris:BlackHole","infinitespire:Lychee Nut","zeldaRelics:PowerTriforce","Replay:WaspNest","conspire:InfiniteJournal","Chemical X","hubris:TenFootPole","Omamori","SlaversCollar","infinitespire:Lucky Rock","Bag of Marbles","Ice Cream","Durian","hubris:MysteriousPyramids","Chameleon Ring","zeldaRelics:MasterSword","Snecko Heart","ReplayFunnel","infinitespire:Bottled Soul"],"acts_visited":["Exordium","TheCity","TheBeyond"],"potions_floor_usage":[23,23,29],"damage_taken":[{"damage":0,"enemies":"Cultist","floor":1,"turns":3},{"damage":0,"enemies":"2 Louse","floor":5,"turns":1},{"damage":28,"enemies":"Lagavulin","floor":7,"turns":4},{"damage":0,"enemies":"Jaw Worm","floor":14,"turns":1},{"damage":57,"enemies":"Hexaghost","floor":16,"turns":6},{"damage":7,"enemies":"3 Byrds","floor":18,"turns":3},{"damage":33,"enemies":"conspire:FuzzyDice","floor":21,"turns":5},{"damage":27,"enemies":"Book of Stabbing","floor":23,"turns":3},{"damage":6,"enemies":"conspire:Head Lice","floor":25,"turns":4},{"damage":18,"enemies":"Book of Stabbing","floor":29,"turns":3},{"damage":3,"enemies":"Sentry and Sphere","floor":30,"turns":3},{"damage":27,"enemies":"Collector","floor":33,"turns":10},{"damage":0,"enemies":"3 Darklings","floor":35,"turns":1},{"damage":0,"enemies":"Reptomancer","floor":41,"turns":3},{"damage":36,"enemies":"Nightmare","floor":44,"turns":3},{"damage":25,"enemies":"Giant Head","floor":47,"turns":6},{"damage":14,"enemies":"Donu and Deca","floor":50,"turns":7},{"damage":25,"enemies":"infinitespire:MassOfShapes","floor":51,"turns":7}],"seed_played":"3782552708750517397","potions_obtained":[{"floor":14,"key":"Reflective Coating"},{"floor":16,"key":"LiquidBronze"},{"floor":18,"key":"Block Potion"},{"floor":20,"key":"AttackPotion"},{"floor":27,"key":"Flashbang"},{"floor":30,"key":"Milkshake"},{"floor":41,"key":"FearPotion"}],"is_trial":true,"path_per_floor":["M","$","?","T","M","R","E","?","T","$","$","?","T","M","R","B",null,"M","?","?","M","AVR","E","?","E","T","?","R","E","M","$","R","B",null,"M","$","?","?","$","R","E","R","T","NM","?","AVR","E","T","R","B","B",null],"character_chosen":"WANDERER","items_purchased":["REME_PuzzleBoxRelic","Sling","Chemical X","hubris:TenFootPole","Omamori","Bag of Marbles","Ice Cream","Durian"],"campfire_rested":7,"item_purchase_floors":[2,10,31,31,31,36,39,39],"current_hp_per_floor":[58,58,63,63,63,69,45,38,38,38,38,38,38,38,58,15,56,49,49,49,18,18,24,24,24,24,8,23,18,28,28,43,39,50,52,52,52,55,60,61,61,61,61,26,21,21,14,14,26,38,18],"gold":498,"neow_bonus":"","is_daily":false,"chose_seed":false,"campfire_upgraded":0,"win_rate":0.0,"timestamp":1609790254,"path_taken":["M","?","?","?","?","R","E","?","T","$","$","?","?","?","R","BOSS","M","?","?","?","AVR","E","?","E","T","?","R","E","?","?","R","BOSS","M","$","?","?","?","R","E","R","T","NM","?","AVR","E","?","R","BOSS","BOSS"],"items_purchased_type":["Relic","Relic","Relic","Relic","Relic","Relic","Relic","Relic"],"build_version":"2020-12-22","purchased_purges":2,"victory":true,"max_hp_per_floor":[64,64,69,69,69,69,69,69,69,69,69,69,69,69,69,69,69,69,69,69,69,51,51,51,51,51,51,51,53,53,53,53,53,53,53,53,53,56,61,61,61,61,61,61,61,41,41,41,41,41,41],"relic_stats":{"Busted Crown":70,"counters":[18,73],"Shuriken":[36],"Chemical X":[1],"obtain_stats":[{"Ice Cream":39,"ReplayFunnel":47,"ReplayTheSpireMod:Ring of Exchange":12,"Snecko Heart":46,"REME_ChargedStone":17,"hubris:MysteriousPyramids":43,"Sling":10,"zeldaRelics:WisdomTriforce":25,"conspire:InfiniteJournal":30,"hubris:BlackHole":22,"Frozen Eye":0,"Chameleon Ring":44,"infinitespire:Bottled Soul":48,"zeldaRelics:MasterSword":46,"zeldaRelics:CouragePiece":4,"Chemical X":31,"zeldaRelics:PowerPiece":26,"zeldaRelics:WisdomPiece":13,"Counterbalance":21,"stsjorbsmod:GrimoireRelic":0,"Replay:WaspNest":27,"Omamori":31,"infinitespire:Lucky Rock":35,"zeldaRelics:PowerTriforce":41,"zeldaRelics:CourageTriforce":9,"SlaversCollar":34,"Busted Crown":0,"Shuriken":1,"infinitespire:Lychee Nut":22,"ReplayTheSpireMod:TigerMarble":5,"Snack Pack":18,"hubris:TenFootPole":31,"Bag of Marbles":36,"Durian":39,"REME_PuzzleBoxRelic":2,"ReplayTheSpireMod:Ring of Challenge":12,"hubris:Potato":0,"REME_ComplimentaryCards":0,"hubris:Reverence":14},{"Ice Cream":13,"ReplayFunnel":16,"ReplayTheSpireMod:Ring of Exchange":3,"Snecko Heart":15,"REME_ChargedStone":5,"hubris:MysteriousPyramids":14,"Sling":3,"zeldaRelics:WisdomTriforce":9,"conspire:InfiniteJournal":11,"hubris:BlackHole":7,"Frozen Eye":0,"Chameleon Ring":15,"infinitespire:Bottled Soul":16,"zeldaRelics:MasterSword":15,"zeldaRelics:CouragePiece":1,"Chemical X":11,"zeldaRelics:PowerPiece":9,"zeldaRelics:WisdomPiece":3,"Counterbalance":7,"stsjorbsmod:GrimoireRelic":0,"Replay:WaspNest":9,"Omamori":11,"infinitespire:Lucky Rock":13,"zeldaRelics:PowerTriforce":14,"zeldaRelics:CourageTriforce":3,"SlaversCollar":12,"Busted Crown":0,"Shuriken":1,"infinitespire:Lychee Nut":7,"ReplayTheSpireMod:TigerMarble":2,"Snack Pack":6,"hubris:TenFootPole":11,"Bag of Marbles":13,"Durian":13,"REME_PuzzleBoxRelic":1,"ReplayTheSpireMod:Ring of Challenge":3,"hubris:Potato":0,"REME_ComplimentaryCards":0,"hubris:Reverence":4},{"Ice Cream":47,"ReplayFunnel":59,"ReplayTheSpireMod:Ring of Exchange":8,"Snecko Heart":53,"REME_ChargedStone":15,"hubris:MysteriousPyramids":50,"Sling":8,"zeldaRelics:WisdomTriforce":30,"conspire:InfiniteJournal":36,"hubris:BlackHole":23,"Frozen Eye":0,"Chameleon Ring":53,"infinitespire:Bottled Soul":59,"zeldaRelics:MasterSword":53,"zeldaRelics:CouragePiece":3,"Chemical X":36,"zeldaRelics:PowerPiece":30,"zeldaRelics:WisdomPiece":8,"Counterbalance":23,"stsjorbsmod:GrimoireRelic":0,"Replay:WaspNest":30,"Omamori":36,"infinitespire:Lucky Rock":47,"zeldaRelics:PowerTriforce":50,"zeldaRelics:CourageTriforce":8,"SlaversCollar":46,"Busted Crown":0,"Shuriken":3,"infinitespire:Lychee Nut":23,"ReplayTheSpireMod:TigerMarble":4,"Snack Pack":18,"hubris:TenFootPole":36,"Bag of Marbles":47,"Durian":47,"REME_PuzzleBoxRelic":3,"ReplayTheSpireMod:Ring of Challenge":8,"hubris:Potato":0,"REME_ComplimentaryCards":0,"hubris:Reverence":9}]},"card_choices":[],"player_experience":1524507,"relics_obtained":[{"floor":1,"key":"Shuriken"},{"floor":4,"key":"zeldaRelics:CouragePiece"},{"floor":5,"key":"ReplayTheSpireMod:TigerMarble"},{"floor":7,"key":"zeldaRelics:CouragePiece"},{"floor":9,"key":"zeldaRelics:CouragePiece"},{"floor":12,"key":"ReplayTheSpireMod:Ring of Exchange"},{"floor":12,"key":"ReplayTheSpireMod:Ring of Challenge"},{"floor":13,"key":"zeldaRelics:WisdomPiece"},{"floor":14,"key":"hubris:Reverence"},{"floor":18,"key":"Snack Pack"},{"floor":21,"key":"Counterbalance"},{"floor":23,"key":"zeldaRelics:WisdomPiece"},{"floor":25,"key":"zeldaRelics:WisdomPiece"},{"floor":26,"key":"zeldaRelics:PowerPiece"},{"floor":27,"key":"Replay:WaspNest"},{"floor":29,"key":"zeldaRelics:PowerPiece"},{"floor":30,"key":"conspire:InfiniteJournal"},{"floor":35,"key":"infinitespire:Lucky Rock"},{"floor":41,"key":"zeldaRelics:PowerPiece"},{"floor":43,"key":"hubris:MysteriousPyramids"},{"floor":44,"key":"Chameleon Ring"},{"floor":47,"key":"ReplayFunnel"},{"floor":48,"key":"infinitespire:Bottled Soul"}],"event_choices":[{"damage_healed":0,"gold_gain":0,"player_choice":"Donut","damage_taken":0,"max_hp_gain":5,"max_hp_loss":0,"event_name":"Big Fish","floor":3,"gold_loss":0},{"cards_removed":["Eruption"],"damage_healed":0,"gold_gain":0,"player_choice":"Card Removal","damage_taken":7,"max_hp_gain":0,"max_hp_loss":0,"event_name":"Golden Wing","floor":8,"gold_loss":0},{"damage_healed":0,"gold_gain":50,"player_choice":"Stole From Cult","damage_taken":0,"max_hp_gain":0,"max_hp_loss":0,"event_name":"Nest","floor":19,"gold_loss":0},{"damage_healed":0,"gold_gain":0,"player_choice":"Bought 3 Potions","damage_taken":0,"max_hp_gain":0,"max_hp_loss":0,"event_name":"The Woman in Blue","floor":20,"gold_loss":0},{"cards_removed":["hermit:Snipe"],"damage_healed":0,"gold_gain":0,"player_choice":"Removed Skill","damage_taken":0,"max_hp_gain":0,"max_hp_loss":0,"event_name":"Falling","floor":37,"gold_loss":0},{"damage_healed":0,"gold_gain":0,"player_choice":"Embrace Madness","damage_taken":11,"max_hp_gain":0,"max_hp_loss":0,"event_name":"Winding Halls","floor":45,"gold_loss":0,"cards_obtained":["Madness","Madness"]}],"is_beta":false,"boss_relics":[{"not_picked":["hubris:Stopwatch","ChewingGum"],"picked":"REME_ChargedStone"},{"not_picked":["Honey Jar","Toolbox"],"picked":"SlaversCollar"}],"items_purged_floors":[22,46],"is_endless":false,"potions_floor_spawned":[14,16,18,21,30,41],"ascension_level":20}}