{"host":"cyiefo55v5hz1ih5","time":1609782409,"event":{"mods":["2.2 Compatiblity","AchievementEnabler","BaseMod","GifTheSpireLib","Hubris","Minty Spire (QoL Compilation)","Replay The Spire","Spicy Shops","StSLib","The Marked"],"gold_per_floor":[110,128,53,53,3,3,3,32,32,49,74,74,87,187,187,285,285,300,314,333,351,276,276,276,292,292,325,325,76,76,110,110,110,110],"floor_reached":33,"playtime":2719,"items_purged":["theMarked:Strike","ReplayTheSpireMod:Doomed"],"score":360,"play_id":"03b8a9a5-b3bd-49fd-a14b-46a9ccdaaf7c","local_time":"20210104124649","is_ascension_mode":true,"campfire_choices":[{"data":"theMarked:SoldierOfQuellstein","floor":6,"key":"SMITH"},{"floor":12,"key":"RECALL"},{"floor":15,"key":"REST"},{"floor":23,"key":"REST"},{"floor":28,"key":"REST"},{"floor":32,"key":"REST"}],"circlet_count":0,"master_deck":["theMarked:Defend","theMarked:Defend","theMarked:Defend","theMarked:SoldierOfQuellstein+1","theMarked:RogueSparks","theMarked:GodGivenPower","theMarked:Electrocute","theMarked:PowerFlow","theMarked:SuspiciousRaven","theMarked:EternalStudent","theMarked:Overcharge","theMarked:SwordAndMagic+1","theMarked:ParalyzingBlade","theMarked:Opportunist"],"relics":["theMarked:ArtifactOfAir","hubris:BundleOfHerbs","hubris:BottledRain","Snack Pack","Thread and Needle","Kintsugi","MealTicket","Boot","Oddly Smooth Stone"],"acts_visited":["Exordium","TheCity"],"potions_floor_usage":[11,16,18,20,27,31],"damage_taken":[{"damage":2,"enemies":"2 Louse","floor":1,"turns":3},{"damage":1,"enemies":"Cultist","floor":2,"turns":4},{"damage":9,"enemies":"Replay:BlueRogue","floor":8,"turns":5},{"damage":12,"enemies":"Small Slimes","floor":10,"turns":3},{"damage":13,"enemies":"3 Sentries","floor":11,"turns":6},{"damage":0,"enemies":"Exordium Wildlife","floor":13,"turns":3},{"damage":0,"enemies":"Fading Forest","floor":16,"turns":11},{"damage":11,"enemies":"3 Byrds","floor":18,"turns":3},{"damage":21,"enemies":"2 Thieves","floor":19,"turns":4},{"damage":25,"enemies":"Cultist and Chosen","floor":20,"turns":7},{"damage":8,"enemies":"Centurion and Healer","floor":21,"turns":4},{"damage":2,"enemies":"Snecko","floor":25,"turns":3},{"damage":29,"enemies":"Book of Stabbing","floor":27,"turns":4},{"damage":40,"enemies":"Slavers","floor":31,"turns":6},{"damage":65,"enemies":"Automaton","floor":33,"turns":6}],"seed_played":"8014621994382995036","potions_obtained":[{"floor":1,"key":"PowerPotion"},{"floor":2,"key":"Elixir"},{"floor":4,"key":"CultistPotion"},{"floor":4,"key":"Energy Potion"},{"floor":13,"key":"AttackPotion"},{"floor":21,"key":"Elixir"},{"floor":27,"key":"Fire Potion"}],"is_trial":false,"path_per_floor":["M","M","$","?","$","R","$","E","T","M","E","R","M","?","R","B",null,"M","M","M","M","?","R","?","M","T","E","R","$","?","E","R","B"],"character_chosen":"THE_DEFAULT","items_purchased":["theMarked:Electrocute","Oddly Smooth Stone"],"campfire_rested":4,"item_purchase_floors":[5,29],"current_hp_per_floor":[61,60,60,60,60,60,60,51,51,39,45,45,45,45,63,63,63,52,31,24,18,18,36,36,34,34,24,42,57,57,17,35,0,0],"gold":110,"neow_bonus":"ONE_RARE_RELIC","is_daily":false,"chose_seed":false,"campfire_upgraded":1,"win_rate":0.0,"timestamp":1609782409,"path_taken":["M","M","$","?","?","R","?","E","T","?","E","R","?","?","R","BOSS","M","?","M","M","?","R","?","?","T","E","R","$","?","E","R","BOSS"],"items_purchased_type":["Card","Relic"],"build_version":"2020-12-22","purchased_purges":2,"victory":false,"max_hp_per_floor":[63,63,63,63,63,63,63,63,63,63,63,63,63,63,63,63,63,63,63,63,63,63,63,63,63,63,63,63,63,63,63,63,63,63],"card_choices":[{"not_picked":["theMarked:Reabsorb","theMarked:BanishingStrike"],"picked":"theMarked:RogueSparks","floor":1},{"not_picked":["theMarked:PowerFlow","theMarked:Static"],"picked":"theMarked:GodGivenPower","floor":2},{"not_picked":["theMarked:Frustration","theMarked:Panic","theMarked:WastefulAttack"],"picked":"SKIP","floor":8},{"not_picked":["theMarked:Parkour","theMarked:EmpowerWeapon","theMarked:SwordAndMagic"],"picked":"SKIP","floor":10},{"not_picked":["theMarked:Parkour","theMarked:WastefulAttack"],"picked":"theMarked:PowerFlow","floor":11},{"not_picked":["theMarked:SwordAndMagic","theMarked:Static"],"picked":"theMarked:SuspiciousRaven","floor":13},{"not_picked":["theMarked:Snap","theMarked:Levitate"],"picked":"theMarked:EternalStudent","floor":16},{"not_picked":["theMarked:Indomitable","theMarked:EmpowerWeapon"],"picked":"theMarked:Overcharge","floor":18},{"not_picked":["theMarked:EmpowerWeapon+1","theMarked:ResourceFulStrike"],"picked":"theMarked:SwordAndMagic+1","floor":19},{"not_picked":["theMarked:HeightenedSenses","theMarked:ElectricStrings+1","theMarked:ChainLightning"],"picked":"SKIP","floor":20},{"not_picked":["theMarked:RepellingDischarge","theMarked:Static"],"picked":"theMarked:ParalyzingBlade","floor":21},{"not_picked":["theMarked:Indomitable","theMarked:EnhanceMovement"],"picked":"theMarked:Opportunist","floor":25},{"not_picked":["theMarked:Levitate","theMarked:Aftermath+1","theMarked:WastefulAttack+1"],"picked":"SKIP","floor":27},{"not_picked":["theMarked:Panic","theMarked:HeightenedSenses","theMarked:Frustration"],"picked":"SKIP","floor":31}],"player_experience":605563,"relics_obtained":[{"floor":8,"key":"hubris:BottledRain"},{"floor":9,"key":"Snack Pack"},{"floor":11,"key":"Thread and Needle"},{"floor":27,"key":"Boot"}],"event_choices":[{"damage_healed":0,"gold_gain":0,"player_choice":"Got Potions","damage_taken":0,"max_hp_gain":0,"max_hp_loss":0,"event_name":"Lab","floor":4,"gold_loss":0},{"damage_healed":0,"gold_gain":100,"player_choice":"Pray","damage_taken":0,"max_hp_gain":0,"max_hp_loss":0,"event_name":"Golden Shrine","floor":14,"gold_loss":0},{"cards_removed":["Overencumbered"],"damage_healed":0,"gold_gain":0,"player_choice":"Gave Gold","damage_taken":0,"max_hp_gain":0,"max_hp_loss":0,"event_name":"Beggar","floor":22,"gold_loss":75}],"is_beta":false,"boss_relics":[{"not_picked":["SacredBark","theMarked:BronzeBlade"],"picked":"Kintsugi"}],"items_purged_floors":[3,29],"is_endless":false,"potions_floor_spawned":[1,2,10,13,21,27],"killed_by":"Automaton","ascension_level":1}}