{"host":"kev6uqotw4tlyx8l","time":1609771486,"event":{"mods":["Act Like it!","Aspiration","BaseMod","Colored Powertips","Dota2Spire","Downfall","Hallownest","Infinite Spire","Marisa????????","Minty Spire (QoL Compilation)","Quick Restart","Remilia??????","Replay The Spire","StSLib","The Cursed","The Jungle","The Marked","The Mystic","The Servant 0.9.4"],"gold_per_floor":[109,109,122,137,137,137,152,152,152,152,171,189,204,6,6,6,6],"floor_reached":16,"playtime":407,"items_purged":["Pain"],"score":94,"play_id":"b8a5b500-e0aa-4dc9-8c9d-f9f32e2c43e3","local_time":"20210104214446","is_ascension_mode":false,"campfire_choices":[{"data":"Potential","floor":6,"key":"SMITH"},{"data":"Alleviate","floor":8,"key":"SMITH"},{"data":"Alleviate","floor":10,"key":"SMITH"},{"floor":15,"key":"REST"}],"circlet_count":0,"master_deck":["Strike_S","Strike_S","Strike_S","Defend_S","Defend_S","Defend_S","Defend_S","KidneyShot","Exchange","Potential+1","Misdirection","Alleviate+1","Alleviate+1","Starlight","Advance","Starlight","Sabotage","BottledTime"],"relics":["Uniform","aspiration:Nostalgia","infinitespire:DarkRift","WarpedTongs","ScarletDevilRocket"],"acts_visited":["Exordium"],"potions_floor_usage":[12,16],"damage_taken":[{"damage":2,"enemies":"Small Slimes","floor":1,"turns":3},{"damage":0,"enemies":"Cultist","floor":3,"turns":3},{"damage":3,"enemies":"2 Louse","floor":4,"turns":3},{"damage":14,"enemies":"Red Slaver","floor":7,"turns":5},{"damage":8,"enemies":"Blue Slaver","floor":11,"turns":3},{"damage":0,"enemies":"2 Fungi Beasts","floor":12,"turns":1},{"damage":0,"enemies":"3 Louse","floor":13,"turns":2},{"damage":11,"enemies":"Hexaghost","floor":16,"turns":8}],"seed_played":"-7079544917933155657","potions_obtained":[{"floor":3,"key":"SteroidPotion"},{"floor":7,"key":"Ancient Potion"},{"floor":12,"key":"Death Potion"}],"is_trial":false,"path_per_floor":["M","?","M","M","?","R","M","R","T","R","M","M","M","$","R","B"],"character_chosen":"THE_SERVANT","items_purchased":["Sabotage","BottledTime"],"campfire_rested":1,"item_purchase_floors":[14,14],"current_hp_per_floor":[63,63,63,60,60,60,46,46,46,46,38,38,38,38,57,46,46],"gold":6,"neow_bonus":"NOSTALGIA","is_daily":false,"chose_seed":false,"campfire_upgraded":3,"win_rate":0.0,"timestamp":1609771486,"path_taken":["M","?","M","?","?","R","M","R","T","R","M","?","M","$","R","BOSS"],"items_purchased_type":["Card","Card"],"build_version":"2020-12-22","purchased_purges":1,"victory":false,"max_hp_per_floor":[65,65,65,65,65,65,65,65,65,65,65,65,65,65,65,65,65],"card_choices":[{"not_picked":["WasteNot","Defy"],"picked":"Potential","floor":1},{"not_picked":["Collapse","Unruled"],"picked":"Misdirection","floor":3},{"not_picked":["Rewind","Advance"],"picked":"Alleviate","floor":4},{"not_picked":["Read","Spin"],"picked":"Alleviate","floor":7},{"not_picked":["Rearm","Foresight"],"picked":"Starlight","floor":11},{"not_picked":["Revamp","Rewind"],"picked":"Advance","floor":12},{"not_picked":["Potential","Spin"],"picked":"Starlight","floor":13}],"player_experience":94431,"relics_obtained":[{"floor":9,"key":"ScarletDevilRocket"}],"event_choices":[{"cards_removed":["Strike_S"],"damage_healed":0,"gold_gain":0,"player_choice":"Purged","damage_taken":0,"max_hp_gain":0,"max_hp_loss":0,"event_name":"Purifier","floor":2,"gold_loss":0},{"damage_healed":0,"gold_gain":0,"player_choice":"Rummage","damage_taken":0,"relics_obtained":["WarpedTongs"],"max_hp_gain":0,"max_hp_loss":0,"event_name":"Accursed Blacksmith","floor":5,"gold_loss":0,"cards_obtained":["Pain"]}],"is_beta":false,"boss_relics":[],"items_purged_floors":[14],"is_endless":false,"potions_floor_spawned":[3,7,12],"killed_by":"Hexaghost","ascension_level":0}}