{"host":"8lgo2trwv2o0qyml","time":1609803518,"event":{"mods":["BaseMod","Colored Map","Colored Powertips","DeckTracker","Highlight Path","Hubris","Infinite Spire","Minty Spire (QoL Compilation)","Quick Restart","Random Character Button","Relic Sorter","Replay The Spire","StSLib","SuperFastMode","Synergy Search","The Jungle"],"gold_per_floor":[116,130,130,130,155,166,136,168,183,183,208,220,264,276,288,310,322,429,441,464,476,488,488],"floor_reached":22,"playtime":1355,"items_purged":[],"score":192,"play_id":"7dc1f5d8-6546-4297-8d47-13ddef74bc4d","local_time":"20210104183838","is_ascension_mode":false,"campfire_choices":[{"floor":10,"key":"REST"},{"data":"Dual Wield","floor":14,"key":"SMITH"},{"floor":17,"key":"REST"}],"circlet_count":0,"master_deck":["Strike_R","Strike_R","Strike_R","Strike_R","Defend_R","Defend_R","Defend_R","Thunderclap","Perfected Strike","Clothesline","Sever Soul","Armaments+1","Dual Wield+1","Survivor","Neutralize","Eclipse","Replay:Many Hands","Anger+1"],"relics":["Burning Blood","NeowsBlessing","hubris:ChampionShield","Eternal Feather","MawBank","Pen Nib","Replay:Drink Me","CultistMask"],"acts_visited":["Exordium","TheCity"],"potions_floor_usage":[13,18,18,22],"damage_taken":[{"damage":0,"enemies":"infinitespire:Voidling","floor":1,"turns":1},{"damage":0,"enemies":"Cultist","floor":2,"turns":1},{"damage":0,"enemies":"2 Louse","floor":6,"turns":1},{"damage":5,"enemies":"Looter","floor":7,"turns":4},{"damage":53,"enemies":"Lagavulin","floor":8,"turns":7},{"damage":15,"enemies":"Gremlin Gang","floor":9,"turns":5},{"damage":31,"enemies":"Gremlin Nob","floor":13,"turns":5},{"damage":0,"enemies":"Large Slime","floor":16,"turns":5},{"damage":31,"enemies":"The Guardian","floor":18,"turns":15},{"damage":49,"enemies":"Spheric Guardian","floor":20,"turns":14},{"damage":18,"enemies":"3 Byrds","floor":22,"turns":4}],"seed_played":"577463581625875043","potions_obtained":[{"floor":1,"key":"Dexterity Potion"},{"floor":8,"key":"SteroidPotion"},{"floor":9,"key":"SkillPotion"},{"floor":16,"key":"Block Potion"}],"is_trial":false,"path_per_floor":["M","M","PTL","PTL","T","M","M","E","M","R","T","?","E","R","?","M","R","B",null,"M","?","M"],"character_chosen":"IRONCLAD","items_purchased":[],"campfire_rested":2,"item_purchase_floors":[],"current_hp_per_floor":[80,80,80,80,80,80,80,33,24,57,57,57,32,41,41,47,80,55,60,17,17,0,0],"gold":488,"neow_bonus":"THREE_ENEMY_KILL","is_daily":false,"chose_seed":false,"campfire_upgraded":1,"win_rate":0.0,"timestamp":1609803518,"path_taken":["M","?","PTL","PTL","?","?","M","E","M","R","T","?","E","R","?","M","R","BOSS","M","?","M"],"items_purchased_type":[],"build_version":"2020-12-22","purchased_purges":0,"victory":false,"max_hp_per_floor":[80,80,80,80,80,80,80,80,80,80,80,80,80,80,80,80,80,80,60,60,60,60,60],"card_choices":[{"not_picked":["Warcry","Hemokinesis"],"picked":"Thunderclap","floor":1},{"not_picked":["Twin Strike","hubris:SharpeningStone"],"picked":"Perfected Strike","floor":2},{"not_picked":["True Grit","ReplayTheSpireMod:Corrosion Curse"],"picked":"Clothesline","floor":6},{"not_picked":["ReplayTheSpireMod:Corrosion Curse","Heavy Blade"],"picked":"Sever Soul","floor":7},{"not_picked":["Clash","Sword Boomerang"],"picked":"Armaments","floor":8},{"not_picked":["Sword Boomerang","Life Link"],"picked":"Dual Wield","floor":9},{"not_picked":["ReplayReversal","Flex"],"picked":"Whirlwind","floor":13},{"not_picked":["Massacre","ReplayReversal"],"picked":"Eclipse","floor":16},{"not_picked":["Reaper","Berserk"],"picked":"Replay:Many Hands","floor":18},{"not_picked":["Armaments","Replay:Undeath\u0027s Touch"],"picked":"Anger+1","floor":20}],"player_experience":22374,"relics_obtained":[{"floor":5,"key":"hubris:ChampionShield"},{"floor":8,"key":"Eternal Feather"},{"floor":11,"key":"MawBank"},{"floor":13,"key":"Pen Nib"}],"event_choices":[{"damage_healed":0,"gold_gain":0,"player_choice":"Grow","damage_taken":0,"max_hp_gain":0,"max_hp_loss":0,"event_name":"Living Wall","floor":12,"gold_loss":0,"cards_upgraded":["Armaments"]},{"damage_healed":0,"gold_gain":0,"player_choice":"Trade","damage_taken":0,"relics_obtained":["CultistMask"],"max_hp_gain":0,"max_hp_loss":0,"event_name":"FaceTrader","floor":21,"gold_loss":0}],"is_beta":false,"boss_relics":[{"not_picked":["Replay:Bronze Core","Sozu"],"picked":"Replay:Drink Me"}],"items_purged_floors":[],"is_endless":false,"potions_floor_spawned":[1,8,9,16],"killed_by":"3 Byrds","ascension_level":0}}