{"host":"armnliea5o2aqs4b","time":1609719148,"event":{"mods":["BaseMod","Hubris","Infinite Spire","Minty Spire (QoL Compilation)","Quick Restart","StSLib"],"gold_per_floor":[109,109,109,123,123,123,152,3,3,30,30,30,30,49,49,153,153,171,171,171,18,30,30,30,30,30,30,30,30],"floor_reached":28,"playtime":504,"items_purged":[],"score":263,"play_id":"c8156673-95c9-43a0-863e-5f11b332bc54","local_time":"20210104111228","is_ascension_mode":true,"campfire_choices":[{"data":"Bash","floor":6.0,"key":"SMITH"},{"data":"Spot Weakness","floor":11.0,"key":"SMITH"},{"data":"Demon Form","floor":15.0,"key":"SMITH"},{"floor":27,"key":"REST"}],"circlet_count":0,"master_deck":["Strike_R","Strike_R+1","Strike_R+1","Strike_R","Strike_R","Defend_R","Defend_R+1","Defend_R+1","Defend_R","Bash+1","Shrug It Off","infinitespire:OneForAll+1","Cleave","Demon Form+1","Bloodletting","Spot Weakness+1","Whirlwind+1","Double Tap"],"relics":["infinitespire:DarkRift","NeowsBlessing","War Paint","Bag of Preparation","hubris:SlimyHat","Orrery","Dream Catcher","Vajra","infinitespire:Cubic Diamond","infinitespire:Burning Sword","Nilry\u0027s Codex","Sling","MutagenicStrength","hubris:ToyBattleship","Omamori"],"acts_visited":["Exordium","TheCity"],"potions_floor_usage":[],"damage_taken":[{"damage":0.0,"enemies":"2 Louse","floor":1.0,"turns":1.0},{"damage":0.0,"enemies":"Cultist","floor":4.0,"turns":1.0},{"damage":0.0,"enemies":"3 Sentries","floor":7.0,"turns":1.0},{"damage":30.0,"enemies":"Lagavulin","floor":10.0,"turns":5.0},{"damage":0.0,"enemies":"Small Slimes","floor":14.0,"turns":3.0},{"damage":32.0,"enemies":"The Guardian","floor":16.0,"turns":7.0},{"damage":24,"enemies":"2 Thieves","floor":18,"turns":2},{"damage":5,"enemies":"Chosen","floor":22,"turns":4},{"damage":44,"enemies":"Gremlin Leader","floor":28,"turns":2}],"seed_played":"1069671358235716490","potions_obtained":[{"floor":1.0,"key":"FearPotion"},{"floor":7.0,"key":"Block Potion"},{"floor":14.0,"key":"ColorlessPotion"}],"is_trial":false,"path_per_floor":["M","?","?","M","?","R","E","$","T","E","R","?","?","M","R","B",null,"M","?","?","$","M","$","?","T","T","R","E"],"character_chosen":"IRONCLAD","items_purchased":["Orrery","Sling"],"campfire_rested":1,"item_purchase_floors":[8,21],"current_hp_per_floor":[78,78,78,80,80,80,80,80,80,56,56,56,40,40,40,8,62,38,22,22,22,17,17,17,17,17,41,0,0],"gold":30,"neow_bonus":"THREE_ENEMY_KILL","is_daily":false,"chose_seed":false,"campfire_upgraded":3,"win_rate":0.0,"timestamp":1609719148,"path_taken":["M","?","?","?","?","R","E","$","T","E","R","?","?","M","R","BOSS","M","?","?","$","?","$","?","?","T","R","E"],"items_purchased_type":["Relic","Relic"],"build_version":"2020-12-22","purchased_purges":0,"victory":false,"max_hp_per_floor":[80,80,80,80,80,80,80,80,80,80,80,80,80,80,80,80,80,80,80,80,80,80,80,80,80,80,80,80,80],"card_choices":[{"not_picked":["Armaments","hubris:ReadiedAction"],"picked":"Shrug It Off","floor":1.0},{"not_picked":["Uppercut","Burning Pact"],"picked":"infinitespire:OneForAll","floor":4.0},{"not_picked":["Perfected Strike","Warcry","Dropkick"],"picked":"SKIP","floor":7.0},{"not_picked":["Twin Strike","Clash"],"picked":"Cleave","floor":8.0},{"not_picked":["Feel No Pain","True Grit"],"picked":"Demon Form","floor":8.0},{"not_picked":["Combust","Evolve"],"picked":"Bloodletting","floor":8.0},{"not_picked":["Heavy Blade","Dual Wield"],"picked":"Spot Weakness","floor":10.0},{"not_picked":["Wild Strike","Headbutt"],"picked":"Whirlwind","floor":14.0},{"not_picked":["Impervious","Bludgeon"],"picked":"Double Tap","floor":16.0},{"not_picked":["hubris:ReadiedAction","Bloodletting","Blood for Blood"],"picked":"SKIP","floor":18},{"not_picked":["Twin Strike","Body Slam","Dropkick"],"picked":"SKIP","floor":22}],"player_experience":170595,"relics_obtained":[{"floor":2.0,"key":"War Paint"},{"floor":7.0,"key":"hubris:SlimyHat"},{"floor":9.0,"key":"Dream Catcher"},{"floor":10.0,"key":"Vajra"},{"floor":19,"key":"Nilry\u0027s Codex"},{"floor":25,"key":"hubris:ToyBattleship"},{"floor":26,"key":"Omamori"}],"event_choices":[{"damage_healed":0.0,"max_hp_gain":0.0,"max_hp_loss":0.0,"gold_gain":0.0,"event_name":"WeMeetAgain","player_choice":"Gave Potion","floor":3.0,"gold_loss":0.0,"damage_taken":0.0,"relics_obtained":["Bag of Preparation"]},{"damage_healed":0.0,"max_hp_gain":0.0,"max_hp_loss":0.0,"gold_gain":0.0,"event_name":"Living Wall","player_choice":"Grow","floor":5.0,"gold_loss":0.0,"damage_taken":0.0,"cards_upgraded":["infinitespire:OneForAll"]},{"damage_healed":0.0,"max_hp_gain":0.0,"max_hp_loss":0.0,"gold_gain":0.0,"event_name":"Shining Light","player_choice":"Entered Light","floor":13.0,"gold_loss":0.0,"damage_taken":16.0,"cards_upgraded":["Strike_R","Strike_R"]},{"damage_healed":0,"gold_gain":0,"player_choice":"Obtained Book","damage_taken":16,"max_hp_gain":0,"max_hp_loss":0,"event_name":"Cursed Tome","floor":19,"gold_loss":0},{"damage_healed":0,"gold_gain":0,"player_choice":"Upgraded","damage_taken":0,"max_hp_gain":0,"max_hp_loss":0,"event_name":"Upgrade Shrine","floor":20,"gold_loss":0,"cards_upgraded":["Whirlwind"]},{"damage_healed":0,"gold_gain":0,"player_choice":"Inject Mutagens","damage_taken":0,"relics_obtained":["MutagenicStrength"],"max_hp_gain":0,"max_hp_loss":0,"event_name":"Drug Dealer","floor":24,"gold_loss":0}],"is_beta":false,"boss_relics":[{"not_picked":["Black Star","Astrolabe"],"picked":"infinitespire:Burning Sword"}],"items_purged_floors":[],"is_endless":false,"potions_floor_spawned":[1,7,14],"killed_by":"Gremlin Leader","ascension_level":7}}