{"host":"00f1p9ihhzi7hxfk","time":1609758774,"event":{"mods":["BaseMod","Colored Map","Colored Powertips","Minty Spire (QoL Compilation)","Rare Cards Sparkle","Relic Stats"],"gold_per_floor":[109,126,126,201,30,59,59,71,119,139,139,139,152,102,102,198,198,213,232,27,27,40,40,40,40,66,82,94,94,94],"floor_reached":29,"playtime":1702,"items_purged":[],"score":225,"play_id":"439b5542-9f85-4b4e-bb38-00684c6b435a","local_time":"20210104121254","is_ascension_mode":false,"campfire_choices":[{"floor":7.0,"key":"REST"},{"data":"Apotheosis","floor":11,"key":"SMITH"},{"data":"Defend_R","floor":15,"key":"SMITH"},{"data":"Fiend Fire","floor":23,"key":"SMITH"},{"floor":25,"key":"REST"}],"circlet_count":0,"master_deck":["Strike_R","Strike_R","Strike_R","Defend_R+1","Defend_R","Defend_R","Defend_R","Bash","Headbutt","Anger","Apotheosis+1","Headbutt","Sword Boomerang","Body Slam","Battle Trance","Fiend Fire+1","True Grit+1","Hemokinesis","Armaments","Flex","Uppercut"],"relics":["Burning Blood","Orichalcum","Blood Vial","Nunchaku","SlaversCollar","Anchor","MutagenicStrength","Toy Ornithopter"],"acts_visited":["TheCity"],"potions_floor_usage":[],"damage_taken":[{"damage":4.0,"enemies":"Cultist","floor":1.0,"turns":4.0},{"damage":6.0,"enemies":"Small Slimes","floor":2.0,"turns":3.0},{"damage":4.0,"enemies":"Gremlin Nob","floor":6.0,"turns":4.0},{"damage":0.0,"enemies":"2 Louse","floor":8.0,"turns":3.0},{"damage":2.0,"enemies":"2 Fungi Beasts","floor":10.0,"turns":4.0},{"damage":4,"enemies":"Looter","floor":13,"turns":2},{"damage":42,"enemies":"The Guardian","floor":16,"turns":11},{"damage":4,"enemies":"Spheric Guardian","floor":18,"turns":3},{"damage":12,"enemies":"Chosen","floor":19,"turns":5},{"damage":48,"enemies":"Shelled Parasite and Fungi","floor":22,"turns":9},{"damage":18,"enemies":"Snecko","floor":27,"turns":5},{"damage":17,"enemies":"Sentry and Sphere","floor":28,"turns":5},{"damage":50,"enemies":"3 Cultists","floor":29,"turns":6}],"seed_played":"6668720735720483086","potions_obtained":[{"floor":1.0,"key":"CultistPotion"},{"floor":6.0,"key":"ElixirPotion"},{"floor":8.0,"key":"Swift Potion"},{"floor":22,"key":"BlessingOfTheForge"}],"is_trial":false,"path_per_floor":["M","M","?","?","$","E","R","M","T","M","R","?","M","?","R","B",null,"M","M","$","?","M","R","?","R","T","M","M","M"],"character_chosen":"IRONCLAD","items_purchased":["Apotheosis","Anchor","Armaments"],"campfire_rested":2,"item_purchase_floors":[5,20,20],"current_hp_per_floor":[80,80,80,69,69,71,80,80,80,80,80,73,77,77,77,43,80,80,74,74,74,34,34,34,58,58,48,39,0,0],"gold":94,"neow_bonus":"RANDOM_COMMON_RELIC","is_daily":false,"chose_seed":false,"campfire_upgraded":3,"win_rate":0.0,"timestamp":1609758774,"path_taken":["M","M","?","?","$","E","R","M","T","M","R","?","M","?","R","BOSS","M","M","$","?","M","R","?","R","T","M","M","M"],"items_purchased_type":["Card","Relic","Card"],"build_version":"2020-12-22","purchased_purges":0,"victory":false,"max_hp_per_floor":[80,80,80,80,80,80,80,80,80,80,80,80,80,80,80,80,80,80,80,80,80,80,80,80,80,80,80,80,80,80],"relic_stats":{"Blood Vial":12,"Nunchaku":[9],"counters":[8,46],"Orichalcum":[78],"obtain_stats":[{"Blood Vial":0,"SlaversCollar":17,"Nunchaku":0,"Anchor":20,"MutagenicStrength":21,"Orichalcum":0,"Burning Blood":0,"Toy Ornithopter":26},{"Blood Vial":0,"SlaversCollar":2,"Nunchaku":0,"Anchor":4,"MutagenicStrength":4,"Orichalcum":0,"Burning Blood":0,"Toy Ornithopter":5},{"Blood Vial":0,"SlaversCollar":13,"Nunchaku":0,"Anchor":21,"MutagenicStrength":21,"Orichalcum":0,"Burning Blood":0,"Toy Ornithopter":30}],"Burning Blood":40,"Toy Ornithopter":0},"card_choices":[{"not_picked":["Burning Pact","Body Slam"],"picked":"Headbutt","floor":1.0},{"not_picked":["Battle Trance","Blood for Blood"],"picked":"Anger","floor":2.0},{"not_picked":["Power Through","Seeing Red"],"picked":"Headbutt","floor":6.0},{"not_picked":["Heavy Blade","Pommel Strike"],"picked":"Sword Boomerang","floor":8.0},{"not_picked":["Warcry","Entrench"],"picked":"Body Slam","floor":10},{"not_picked":["Infernal Blade","Evolve"],"picked":"Battle Trance","floor":13},{"not_picked":["Brutality","Demon Form"],"picked":"Fiend Fire","floor":16},{"not_picked":["Perfected Strike+1","Burning Pact"],"picked":"True Grit+1","floor":18},{"not_picked":["Pommel Strike","Shockwave"],"picked":"Hemokinesis","floor":19},{"not_picked":["Wild Strike+1","Reckless Charge"],"picked":"Flex","floor":22},{"not_picked":["Combust+1","Perfected Strike+1"],"picked":"Uppercut","floor":27},{"not_picked":["Blood for Blood","Clothesline+1","Wild Strike"],"picked":"SKIP","floor":28}],"player_experience":42642,"relics_obtained":[{"floor":6.0,"key":"Blood Vial"},{"floor":9.0,"key":"Nunchaku"},{"floor":26,"key":"Toy Ornithopter"}],"event_choices":[{"damage_healed":26.0,"max_hp_gain":0.0,"max_hp_loss":0.0,"gold_gain":0.0,"event_name":"Big Fish","player_choice":"Banana","floor":3.0,"gold_loss":0.0,"damage_taken":0.0},{"damage_healed":0.0,"max_hp_gain":0.0,"max_hp_loss":0.0,"gold_gain":75.0,"event_name":"World of Goop","player_choice":"Gather Gold","floor":4.0,"gold_loss":0.0,"damage_taken":11.0},{"cards_removed":["Strike_R"],"damage_healed":0,"gold_gain":0,"player_choice":"Card Removal","damage_taken":7,"max_hp_gain":0,"max_hp_loss":0,"event_name":"Golden Wing","floor":12,"gold_loss":0},{"cards_removed":["Strike_R"],"damage_healed":0,"gold_gain":0,"player_choice":"Card Removal","damage_taken":0,"max_hp_gain":0,"max_hp_loss":0,"event_name":"The Cleric","floor":14,"gold_loss":50},{"damage_healed":0,"gold_gain":0,"player_choice":"Inject Mutagens","damage_taken":0,"relics_obtained":["MutagenicStrength"],"max_hp_gain":0,"max_hp_loss":0,"event_name":"Drug Dealer","floor":21,"gold_loss":0},{"damage_healed":0,"gold_gain":0,"player_choice":"Ignored","damage_taken":0,"max_hp_gain":0,"max_hp_loss":0,"event_name":"The Mausoleum","floor":24,"gold_loss":0}],"is_beta":false,"boss_relics":[{"not_picked":["Runic Cube","Busted Crown"],"picked":"SlaversCollar"}],"items_purged_floors":[],"is_endless":false,"potions_floor_spawned":[1,6,8,13,22],"killed_by":"3 Cultists","ascension_level":0}}