{"host":"g7trc0x2teqyd8ye","time":1609781367,"event":{"mods":["BaseMod","Key Reminder","Minty Spire (QoL Compilation)","Relic Stats"],"gold_per_floor":[110,110,110,110,110,151,151,1,28,47,63,99,20,61,61,180,180,196,210,125,125,125,161,175,214,267,267,288,312,343,366,366,366,366],"floor_reached":33,"playtime":1735,"items_purged":[],"score":512,"play_id":"a88f659a-15fc-46ec-bc13-cc66ab266470","local_time":"20210104182927","is_ascension_mode":true,"campfire_choices":[{"data":"Defragment","floor":15,"key":"SMITH"},{"floor":27,"key":"REST"},{"floor":32,"key":"RECALL"}],"circlet_count":0,"master_deck":["Strike_B+1","Defend_B","Defend_B+1","Defend_B","Zap","Dualcast","Defragment+1","Leap","Undo","Ball Lightning","Storm","Rebound","Self Repair","Cold Snap","Thunder Strike","Conserve Battery","Redo","Gash","Genetic Algorithm","Ghostly","Ghostly","Ghostly","Ghostly","Ghostly","Storm","Glacier","Static Discharge+1","Turbo+1","FTL+1","Auto Shields+1"],"relics":["Cracked Core","NeowsBlessing","Golden Idol","Blood Vial","Toolbox","MealTicket","Pen Nib","The Courier","Fusion Hammer","DataDisk","Sundial","keyreminder:keyreminder","Happy Flower","Strawberry","Juzu Bracelet"],"acts_visited":["TheCity"],"potions_floor_usage":[14,28,30,33,33,33],"damage_taken":[{"damage":0,"enemies":"Jaw Worm","floor":1,"turns":1},{"damage":0,"enemies":"Lagavulin","floor":6,"turns":1},{"damage":0,"enemies":"Small Slimes","floor":10,"turns":1},{"damage":0,"enemies":"2 Louse","floor":11,"turns":2},{"damage":17,"enemies":"3 Sentries","floor":12,"turns":8},{"damage":3,"enemies":"Lagavulin","floor":14,"turns":5},{"damage":17,"enemies":"Slime Boss","floor":16,"turns":8},{"damage":10,"enemies":"2 Thieves","floor":18,"turns":3},{"damage":17,"enemies":"Shell Parasite","floor":19,"turns":5},{"damage":21,"enemies":"Book of Stabbing","floor":23,"turns":8},{"damage":1,"enemies":"Centurion and Healer","floor":24,"turns":8},{"damage":8,"enemies":"Gremlin Leader","floor":25,"turns":8},{"damage":7,"enemies":"3 Cultists","floor":28,"turns":5},{"damage":5,"enemies":"Sentry and Sphere","floor":29,"turns":4},{"damage":5,"enemies":"Slavers","floor":30,"turns":4},{"damage":1,"enemies":"Centurion and Healer","floor":31,"turns":6},{"damage":60,"enemies":"Champ","floor":33,"turns":8}],"seed_played":"-551689041811340138","potions_obtained":[{"floor":6,"key":"Weak Potion"},{"floor":10,"key":"Dexterity Potion"},{"floor":11,"key":"Swift Potion"},{"floor":25,"key":"Dexterity Potion"},{"floor":28,"key":"SkillPotion"},{"floor":29,"key":"ColorlessPotion"},{"floor":30,"key":"EssenceOfDarkness"}],"is_trial":false,"path_per_floor":["M","?","?","?","?","E","?","$","T","M","M","E","$","E","R","B",null,"M","M","?","?","?","E","M","E","T","R","M","M","E","M","R","B"],"character_chosen":"DEFECT","items_purchased":["Toolbox","Self Repair"],"campfire_rested":1,"item_purchase_floors":[8,13],"current_hp_per_floor":[68,53,53,53,46,46,51,51,51,53,55,40,55,61,61,53,69,68,60,60,60,37,23,31,32,39,44,44,39,36,44,44,0,0],"gold":366,"neow_bonus":"THREE_ENEMY_KILL","is_daily":false,"chose_seed":false,"campfire_upgraded":1,"win_rate":0.0,"timestamp":1609781367,"path_taken":["M","?","?","?","?","E","?","?","T","M","M","E","$","E","R","BOSS","M","M","?","?","?","E","M","E","T","R","?","M","E","M","R","BOSS"],"items_purchased_type":["Relic","Card"],"build_version":"2020-12-22","purchased_purges":0,"victory":false,"max_hp_per_floor":[75,75,69,69,69,69,74,74,74,74,74,74,74,74,74,74,74,74,74,74,74,37,37,37,37,44,44,44,44,44,44,44,44,44],"relic_stats":{"Blood Vial":22,"Happy Flower":[9],"counters":[17,85],"Golden Idol":98,"Sundial":[4],"MealTicket":15,"Pen Nib":[7],"Juzu Bracelet":0,"obtain_stats":[{"NeowsBlessing":0,"Happy Flower":25,"Golden Idol":3,"Pen Nib":12,"The Courier":14,"Juzu Bracelet":30,"Blood Vial":6,"keyreminder:keyreminder":23,"DataDisk":20,"Sundial":23,"Strawberry":26,"Toolbox":8,"MealTicket":9,"Fusion Hammer":17,"Cracked Core":0},{"NeowsBlessing":0,"Happy Flower":12,"Golden Idol":1,"Pen Nib":5,"The Courier":6,"Juzu Bracelet":15,"Blood Vial":2,"keyreminder:keyreminder":10,"DataDisk":9,"Sundial":10,"Strawberry":12,"Toolbox":2,"MealTicket":2,"Fusion Hammer":7,"Cracked Core":0},{"NeowsBlessing":0,"Happy Flower":58,"Golden Idol":1,"Pen Nib":13,"The Courier":18,"Juzu Bracelet":71,"Blood Vial":2,"keyreminder:keyreminder":42,"DataDisk":34,"Sundial":42,"Strawberry":58,"Toolbox":2,"MealTicket":2,"Fusion Hammer":26,"Cracked Core":0}]},"card_choices":[{"not_picked":["Stack","Force Field"],"picked":"Defragment","floor":1},{"not_picked":["Streamline","Lockon"],"picked":"Undo","floor":6},{"not_picked":["Sweeping Beam","Coolheaded"],"picked":"Ball Lightning","floor":10},{"not_picked":["Fusion","Coolheaded"],"picked":"Storm","floor":11},{"not_picked":["Beam Cell","Rip and Tear"],"picked":"Rebound","floor":12},{"not_picked":["Gash","Streamline"],"picked":"Cold Snap","floor":14},{"not_picked":["Multi-Cast","Seek"],"picked":"Thunder Strike","floor":16},{"not_picked":["Lockon","Leap"],"picked":"Conserve Battery","floor":18},{"not_picked":["Streamline","Stack"],"picked":"Redo","floor":19},{"not_picked":["Steam","Undo+1","Compile Driver"],"picked":"SKIP","floor":23},{"not_picked":["Hologram","Hello World"],"picked":"Storm","floor":24},{"not_picked":["Capacitor","Gash"],"picked":"Glacier","floor":25},{"not_picked":["Beam Cell","Hyperbeam"],"picked":"Static Discharge+1","floor":28},{"not_picked":["Coolheaded","Conserve Battery"],"picked":"Turbo+1","floor":29},{"not_picked":["Leap","Sweeping Beam"],"picked":"FTL+1","floor":30},{"not_picked":["Turbo","Streamline"],"picked":"Auto Shields+1","floor":31}],"player_experience":875500,"relics_obtained":[{"floor":6,"key":"Blood Vial"},{"floor":9,"key":"MealTicket"},{"floor":12,"key":"Pen Nib"},{"floor":14,"key":"The Courier"},{"floor":23,"key":"Sundial"},{"floor":25,"key":"Happy Flower"},{"floor":26,"key":"Strawberry"},{"floor":30,"key":"Juzu Bracelet"}],"event_choices":[{"damage_healed":0,"gold_gain":0,"player_choice":"Entered Light","damage_taken":15,"max_hp_gain":0,"max_hp_loss":0,"event_name":"Shining Light","floor":2,"gold_loss":0,"cards_upgraded":["Defend_B","Strike_B"]},{"damage_healed":0,"gold_gain":0,"player_choice":"Lose Max HP","damage_taken":0,"relics_obtained":["Golden Idol"],"max_hp_gain":0,"max_hp_loss":6,"event_name":"Golden Idol","floor":3,"gold_loss":0},{"damage_healed":0,"gold_gain":0,"cards_transformed":["Strike_B"],"player_choice":"Change","damage_taken":0,"max_hp_gain":0,"max_hp_loss":0,"event_name":"Living Wall","floor":4,"gold_loss":0,"cards_obtained":["Leap"]},{"cards_removed":["Strike_B"],"damage_healed":0,"gold_gain":0,"player_choice":"Card Removal","damage_taken":7,"max_hp_gain":0,"max_hp_loss":0,"event_name":"Golden Wing","floor":5,"gold_loss":0},{"damage_healed":0,"gold_gain":0,"player_choice":"Donut","damage_taken":0,"max_hp_gain":5,"max_hp_loss":0,"event_name":"Big Fish","floor":7,"gold_loss":0},{"damage_healed":0,"gold_gain":0,"player_choice":"Obtained Relic","damage_taken":0,"relics_obtained":["DataDisk"],"max_hp_gain":0,"max_hp_loss":0,"event_name":"Addict","floor":20,"gold_loss":85},{"damage_healed":0,"gold_gain":0,"cards_transformed":["Strike_B","Defend_B"],"player_choice":"Became Test Subject","damage_taken":0,"max_hp_gain":0,"max_hp_loss":0,"event_name":"Drug Dealer","floor":21,"gold_loss":0,"cards_obtained":["Gash","Genetic Algorithm"]},{"damage_healed":0,"gold_gain":0,"player_choice":"Became a Ghost","damage_taken":0,"max_hp_gain":0,"max_hp_loss":37,"event_name":"Ghosts","floor":22,"gold_loss":0,"cards_obtained":["Ghostly","Ghostly","Ghostly","Ghostly","Ghostly"]}],"is_beta":false,"boss_relics":[{"not_picked":["Coffee Dripper","Busted Crown"],"picked":"Fusion Hammer"}],"items_purged_floors":[],"is_endless":false,"potions_floor_spawned":[6,10,11,25,28,29,30],"killed_by":"Champ","ascension_level":8}}