{"host":"b995t17pt6d05w8c","time":1609786667,"event":{"mods":["AchievementEnabler","BaseMod","Colored Map","Minty Spire (QoL Compilation)","SuperFastMode"],"gold_per_floor":[124,151,263,289,321,333,199,213,213,246,246,263,281,305,305,400,400,419,434,463,562,288,288,323,323,323,337,337,44,62,76,76,174,174,186,186,408,83,96,96,128,128,128,128,148,168,168,180,180,180],"floor_reached":51,"playtime":1670,"items_purged":["Defend_P","Strike_P"],"score":888,"play_id":"bd1f5e44-86f8-41e9-a57b-792c35a7fb4c","local_time":"20210105035747","is_ascension_mode":true,"campfire_choices":[{"data":"Eruption","floor":6.0,"key":"SMITH"},{"data":"Tantrum","floor":15.0,"key":"SMITH"},{"floor":23.0,"key":"REST"},{"data":"WreathOfFlame","floor":32.0,"key":"PURGE"},{"data":"Strike_P+1","floor":40,"key":"PURGE"},{"data":"Strike_P+1","floor":42,"key":"PURGE"},{"data":"Meditate","floor":47,"key":"PURGE"},{"data":"Defend_P+1","floor":49,"key":"PURGE"}],"circlet_count":0,"master_deck":["Defend_P+1","Eruption+1","Vigilance+1","CurseOfTheBell","Wallop+1","CarveReality+1","InnerPeace+1","FearNoEvil+1","Tantrum+1","ClearTheMind","Crescendo","Halt+1","LessonLearned+1","FollowUp","EmptyMind","Adaptation+1","JustLucky+1","Adaptation","ClearTheMind+1"],"relics":["Calling Bell","MawBank","Kunai","FossilizedHelix","Shuriken","Whetstone","Odd Mushroom","Fusion Hammer","Red Mask","Bag of Marbles","GoldenEye","Molten Egg 2","Peace Pipe","Runic Pyramid","Sundial","Bottled Flame","Darkstone Periapt"],"acts_visited":["Exordium","TheCity","TheBeyond"],"potions_floor_usage":[39,50,50],"damage_taken":[{"damage":0.0,"enemies":"Jaw Worm","floor":1.0,"turns":3.0},{"damage":0.0,"enemies":"Cultist","floor":2.0,"turns":3.0},{"damage":0.0,"enemies":"2 Louse","floor":4.0,"turns":2.0},{"damage":12.0,"enemies":"Exordium Thugs","floor":5.0,"turns":5.0},{"damage":0.0,"enemies":"Blue Slaver","floor":8.0,"turns":2.0},{"damage":13.0,"enemies":"3 Sentries","floor":10.0,"turns":6.0},{"damage":0.0,"enemies":"Looter","floor":12.0,"turns":2.0},{"damage":0.0,"enemies":"Large Slime","floor":13.0,"turns":2.0},{"damage":8.0,"enemies":"The Mushroom Lair","floor":14.0,"turns":4.0},{"damage":0.0,"enemies":"The Guardian","floor":16.0,"turns":7.0},{"damage":0.0,"enemies":"2 Thieves","floor":18.0,"turns":2.0},{"damage":0.0,"enemies":"Spheric Guardian","floor":19.0,"turns":2.0},{"damage":7.0,"enemies":"Masked Bandits","floor":20.0,"turns":3.0},{"damage":13.0,"enemies":"Gremlin Leader","floor":24.0,"turns":5.0},{"damage":5.0,"enemies":"3 Cultists","floor":27.0,"turns":5.0},{"damage":6.0,"enemies":"Centurion and Healer","floor":30.0,"turns":3.0},{"damage":14.0,"enemies":"Snake Plant","floor":31.0,"turns":3.0},{"damage":11.0,"enemies":"Collector","floor":33.0,"turns":8.0},{"damage":0.0,"enemies":"Orb Walker","floor":35.0,"turns":3.0},{"damage":0,"enemies":"3 Shapes","floor":39,"turns":3},{"damage":0,"enemies":"Reptomancer","floor":41,"turns":5},{"damage":5,"enemies":"Maw","floor":45,"turns":5},{"damage":0,"enemies":"Transient","floor":46,"turns":5},{"damage":6,"enemies":"4 Shapes","floor":48,"turns":5},{"damage":0,"enemies":"Donu and Deca","floor":50,"turns":4}],"seed_played":"-5478379735712182519","potions_obtained":[{"floor":2.0,"key":"ColorlessPotion"},{"floor":4.0,"key":"Regen Potion"},{"floor":8.0,"key":"Weak Potion"},{"floor":10.0,"key":"Energy Potion"},{"floor":19.0,"key":"Strength Potion"},{"floor":20.0,"key":"Energy Potion"},{"floor":33.0,"key":"Swift Potion"},{"floor":39,"key":"Dexterity Potion"},{"floor":41,"key":"Energy Potion"},{"floor":48,"key":"PowerPotion"}],"is_trial":false,"path_per_floor":["M","M","?","M","M","R","$","M","T","E","?","M","M","?","R","B",null,"M","M","?","?","$","R","E","?","T","M","?","$","M","M","R","B",null,"M","?","?","$","M","R","E","R","T","?","M","M","R","M","R","B",null],"character_chosen":"WATCHER","items_purchased":["Tantrum","Bag of Marbles","FollowUp","Peace Pipe","Adaptation","Sundial"],"campfire_rested":1,"item_purchase_floors":[7,22,22,29,38,38],"current_hp_per_floor":[72,72,72,72,60,60,60,60,60,62,55,55,55,47,47,47,72,72,72,65,65,65,72,59,59,59,54,54,54,48,34,34,23,72,72,72,72,72,72,72,72,72,72,72,67,67,67,61,61,61],"gold":180,"neow_bonus":"BOSS_RELIC","is_daily":false,"chose_seed":false,"campfire_upgraded":2,"win_rate":0.0,"timestamp":1609786667,"path_taken":["M","M","?","M","M","R","?","M","T","E","?","M","?","?","R","BOSS","M","M","?","?","$","R","E","?","T","M","?","$","M","M","R","BOSS","M","?","?","$","M","R","E","R","T","?","M","M","R","M","R","BOSS"],"items_purchased_type":["Card","Relic","Card","Relic","Card","Relic"],"build_version":"2020-12-22","purchased_purges":2,"victory":true,"max_hp_per_floor":[72,72,72,72,72,72,72,72,72,72,72,72,72,72,72,72,72,72,72,72,72,72,72,72,72,72,72,72,72,72,72,72,72,72,72,72,72,72,72,72,72,72,72,72,72,72,72,72,72,72],"card_choices":[{"not_picked":["Pray","Indignation"],"picked":"Wallop","floor":1.0},{"not_picked":["Prostrate","PathToVictory"],"picked":"CarveReality","floor":2.0},{"not_picked":["Fasting2","ClearTheMind"],"picked":"InnerPeace","floor":4.0},{"not_picked":["Indignation","EmptyBody"],"picked":"FearNoEvil","floor":5.0},{"not_picked":["DeceiveReality","Protect"],"picked":"ClearTheMind","floor":8.0},{"not_picked":["Perseverance","Protect","BowlingBash"],"picked":"SKIP","floor":10.0},{"not_picked":["FearNoEvil","Prostrate","MasterReality"],"picked":"SKIP","floor":12.0},{"not_picked":["Study","CutThroughFate"],"picked":"Crescendo","floor":13.0},{"not_picked":["DeceiveReality","SashWhip"],"picked":"Halt","floor":14.0},{"not_picked":["Establishment","Vault"],"picked":"LessonLearned","floor":16.0},{"not_picked":["BowlingBash+1","Weave","Conclude"],"picked":"SKIP","floor":18.0},{"not_picked":["Halt","JustLucky"],"picked":"Meditate","floor":19.0},{"not_picked":["FlyingSleeves","Judgement","CrushJoints"],"picked":"SKIP","floor":24.0},{"not_picked":["ClearTheMind","Prostrate","MasterReality"],"picked":"SKIP","floor":27.0},{"not_picked":["Fasting2","CutThroughFate+1","FearNoEvil+1"],"picked":"SKIP","floor":30.0},{"not_picked":["CrushJoints+1","EmptyBody","WaveOfTheHand"],"picked":"SKIP","floor":31.0},{"not_picked":["ThirdEye+1","Study+1","InnerPeace+1"],"picked":"SKIP","floor":35.0},{"not_picked":["EmptyMind+1","BattleHymn","Swivel+1"],"picked":"SKIP","floor":39},{"not_picked":["JustLucky+1","Fasting2","LikeWater"],"picked":"SKIP","floor":41},{"not_picked":["Fasting2","LikeWater"],"picked":"JustLucky+1","floor":41},{"not_picked":["Consecrate+1","BattleHymn+1","EmptyFist+1"],"picked":"SKIP","floor":45},{"not_picked":["FlyingSleeves+1","ThirdEye+1"],"picked":"Adaptation","floor":46},{"not_picked":["CrushJoints+1","Conclude+1"],"picked":"ClearTheMind+1","floor":48}],"player_experience":9177,"relics_obtained":[{"floor":0.0,"key":"MawBank"},{"floor":0.0,"key":"Kunai"},{"floor":0.0,"key":"FossilizedHelix"},{"floor":9.0,"key":"Shuriken"},{"floor":10.0,"key":"Whetstone"},{"floor":14.0,"key":"Odd Mushroom"},{"floor":20.0,"key":"Red Mask"},{"floor":24.0,"key":"GoldenEye"},{"floor":26.0,"key":"Molten Egg 2"},{"floor":41,"key":"Bottled Flame"},{"floor":43,"key":"Darkstone Periapt"}],"event_choices":[{"damage_healed":0.0,"max_hp_gain":0.0,"max_hp_loss":0.0,"gold_gain":100.0,"event_name":"Golden Shrine","player_choice":"Pray","floor":3.0,"gold_loss":0.0,"damage_taken":0.0},{"damage_healed":0.0,"max_hp_gain":0.0,"max_hp_loss":0.0,"gold_gain":0.0,"event_name":"Wheel of Change","player_choice":"Damaged","floor":11.0,"gold_loss":0.0,"damage_taken":7.0},{"damage_healed":0.0,"max_hp_gain":0.0,"max_hp_loss":0.0,"gold_gain":0.0,"event_name":"Mushrooms","player_choice":"Fought Mushrooms","floor":14.0,"gold_loss":0.0,"damage_taken":0.0},{"damage_healed":0.0,"max_hp_gain":0.0,"max_hp_loss":0.0,"gold_gain":0.0,"event_name":"Masked Bandits","player_choice":"Fought Bandits","floor":20.0,"gold_loss":0.0,"damage_taken":0.0},{"damage_healed":0.0,"max_hp_gain":0.0,"max_hp_loss":0.0,"gold_gain":99.0,"event_name":"Nest","player_choice":"Stole From Cult","floor":21.0,"gold_loss":0.0,"damage_taken":0.0},{"damage_healed":0.0,"max_hp_gain":0.0,"max_hp_loss":0.0,"gold_gain":0.0,"event_name":"The Mausoleum","player_choice":"Ignored","floor":25.0,"gold_loss":0.0,"damage_taken":0.0},{"damage_healed":0.0,"max_hp_gain":0.0,"max_hp_loss":0.0,"gold_gain":0.0,"cards_transformed":["Strike_P","Defend_P"],"event_name":"Drug Dealer","player_choice":"Became Test Subject","floor":28.0,"gold_loss":0.0,"damage_taken":0.0,"cards_obtained":["WreathOfFlame","EmptyMind"]},{"damage_healed":0.0,"max_hp_gain":0.0,"max_hp_loss":0.0,"gold_gain":0.0,"event_name":"SensoryStone","player_choice":"Memory 1","floor":36.0,"gold_loss":0.0,"damage_taken":0.0},{"damage_healed":0.0,"max_hp_gain":0.0,"max_hp_loss":0.0,"gold_gain":222.0,"event_name":"Tomb of Lord Red Mask","player_choice":"Wore Mask","floor":37.0,"gold_loss":0.0,"damage_taken":0.0},{"damage_healed":0,"gold_gain":0,"player_choice":"Upgraded","damage_taken":0,"max_hp_gain":0,"max_hp_loss":0,"event_name":"Upgrade Shrine","floor":44,"gold_loss":0,"cards_upgraded":["Adaptation"]}],"is_beta":false,"boss_relics":[{"not_picked":["Velvet Choker","SlaversCollar"],"picked":"Fusion Hammer"},{"not_picked":["Tiny House","Busted Crown"],"picked":"Runic Pyramid"}],"items_purged_floors":[7,22],"is_endless":false,"potions_floor_spawned":[2,4,8,10,19,20,33,39,41,48],"ascension_level":1}}