{"host":"8abfg9qscoja4hwf","time":1609795729,"event":{"mods":["AchievementEnabler","BaseMod","Colored Powertips","Highlight Path","Minty Spire (QoL Compilation)","Quick Restart","Relic Stats","Slay-I","slay the spire mod where everything is the same but ironclad has a cowboy hat"],"gold_per_floor":[144,144,219,494,539,539,539,584,584,629,629,629,678,776,776,1101,1101,1150,599,648,648,367,465,465,415,490,597,272,330,330,379,388,722,1031,1089,652,679,679,737,844,844,869,956,572,744,802,811,869,878,878],"floor_reached":51,"playtime":15217,"items_purged":["Regret","Regret"],"score":836,"play_id":"9fc5e99b-1b51-4ad8-8abe-b2f5ee7f1c94","local_time":"20210104212849","daily_mods":["Chimera","Diverse","Midas"],"is_ascension_mode":false,"campfire_choices":[{"floor":6,"key":"REST"},{"floor":12,"key":"REST"},{"floor":15,"key":"REST"},{"floor":24,"key":"REST"},{"floor":32,"key":"REST"},{"floor":47,"key":"REST"},{"floor":49,"key":"REST"}],"circlet_count":0,"master_deck":["Bash","Survivor","Zap","Eruption","Strike_R","Strike_B","Defend_R","Defend_G","Defend_P","EmptyFist","Cloak And Dagger","Rupture","Iron Wave","Steam+1","Ghostly Armor+1","Judgement+1","Metallicize","Steam+1","Sweeping Beam","The Bomb+1","Venomology+1","Caltrops+1","Metallicize","Inflame+1","Genetic Algorithm+1","Adrenaline+1","CurseOfTheBell","Defragment+1","Metamorphosis+1","Trip+1","Trip+1","PanicButton+1","SandsOfTime+1","Sanctity+1","Adrenaline+1","Capacitor","Steam+1","Thunderclap+1","Force Field+1","Shockwave+1"],"relics":["Cracked Core","Happy Flower","Toxic Egg 2","Golden Idol","Thread and Needle","Black Star","Runic Capacitor","Strawberry","Art of War","Membership Card","Oddly Smooth Stone","Dream Catcher","Darkstone Periapt","CeramicFish","Matryoshka","Ornamental Fan","Singing Bowl","Toolbox","Blue Candle","Calling Bell","Boot","InkBottle","Old Coin","Ice Cream","Meat on the Bone","Sling","Akabeko","Pen Nib","MawBank","Toy Ornithopter","Bag of Marbles","Sundial","Letter Opener","Molten Egg 2","Strange Spoon","Gambling Chip"],"acts_visited":["Exordium","TheCity","TheBeyond"],"potions_floor_usage":[14,16,16,20,27,29,29,33,33,39,40,50,50,50,50],"damage_taken":[{"damage":0,"enemies":"Cultist","floor":1,"turns":2},{"damage":10,"enemies":"Small Slimes","floor":5,"turns":3},{"damage":5,"enemies":"2 Louse","floor":8,"turns":2},{"damage":4,"enemies":"2 Fungi Beasts","floor":10,"turns":3},{"damage":14,"enemies":"Blue Slaver","floor":13,"turns":3},{"damage":33,"enemies":"Gremlin Nob","floor":14,"turns":4},{"damage":29,"enemies":"The Guardian","floor":16,"turns":8},{"damage":1,"enemies":"Spheric Guardian","floor":18,"turns":3},{"damage":4,"enemies":"2 Thieves","floor":20,"turns":2},{"damage":20,"enemies":"Slavers","floor":23,"turns":4},{"damage":23,"enemies":"Book of Stabbing","floor":27,"turns":6},{"damage":11,"enemies":"Snecko","floor":29,"turns":5},{"damage":8,"enemies":"Cultist and Chosen","floor":31,"turns":7},{"damage":15,"enemies":"Collector","floor":33,"turns":13},{"damage":19,"enemies":"3 Darklings","floor":35,"turns":7},{"damage":9,"enemies":"Orb Walker","floor":39,"turns":4},{"damage":34,"enemies":"Nemesis","floor":40,"turns":6},{"damage":12,"enemies":"Mind Bloom Boss Battle","floor":45,"turns":5},{"damage":0,"enemies":"3 Darklings","floor":46,"turns":1},{"damage":9,"enemies":"Sphere and 2 Shapes","floor":48,"turns":3},{"damage":102,"enemies":"Time Eater","floor":50,"turns":11}],"seed_played":"-6631355389535803282","potions_obtained":[{"floor":10,"key":"Energy Potion"},{"floor":13,"key":"BlessingOfTheForge"},{"floor":14,"key":"Energy Potion"},{"floor":16,"key":"Energy Potion"},{"floor":23,"key":"EssenceOfSteel"},{"floor":27,"key":"Dexterity Potion"},{"floor":29,"key":"Dexterity Potion"},{"floor":35,"key":"CultistPotion"}],"is_trial":false,"path_per_floor":["M","?","?","?","M","R","?","M","T","M","?","R","M","E","R","B",null,"M","$","M","?","$","E","R","?","T","E","$","M","?","M","R","B",null,"M","$","?","?","M","E","?","T","T","$","?","M","R","M","R","B",null],"character_chosen":"DEFECT","items_purchased":["Runic Capacitor","Strawberry","Art of War","Steam+1","Membership Card","The Bomb+1","Ornamental Fan","Singing Bowl","Toolbox","Ice Cream","Meat on the Bone","Sling","Metamorphosis+1","Letter Opener","Molten Egg 2","Strange Spoon","Adrenaline+1"],"campfire_rested":7,"item_purchase_floors":[19,19,19,19,22,22,28,28,28,36,36,36,36,44,44,44,44],"current_hp_per_floor":[75,75,64,64,54,75,75,70,70,66,48,70,56,23,45,16,75,74,81,77,61,61,41,67,67,67,44,44,33,33,27,53,38,95,76,76,66,66,69,47,47,47,47,47,47,59,87,78,95,15],"gold":878,"neow_bonus":"","is_daily":true,"chose_seed":false,"campfire_upgraded":0,"win_rate":0.0,"timestamp":1609795729,"path_taken":["M","?","?","?","?","R","?","M","T","M","?","R","M","E","R","BOSS","M","$","M","?","$","E","R","?","T","E","$","?","?","M","R","BOSS","M","$","?","?","M","E","?","?","T","$","?","?","R","M","R","BOSS"],"items_purchased_type":["Relic","Relic","Relic","Card","Relic","Card","Relic","Relic","Relic","Relic","Relic","Relic","Card","Relic","Relic","Relic","Card"],"build_version":"2020-12-22","purchased_purges":2,"victory":true,"max_hp_per_floor":[75,75,75,75,75,75,75,75,75,75,75,75,75,75,75,75,75,75,82,82,87,87,87,87,87,87,87,87,87,87,89,89,89,95,95,95,95,95,95,95,95,95,95,95,95,95,95,95,95,95],"relic_stats":{"Darkstone Periapt":6,"Happy Flower":[32],"Singing Bowl":2,"counters":[21,102],"Golden Idol":156,"CeramicFish":162,"Blue Candle":[4],"Pen Nib":[3],"Letter Opener":[43],"Boot":[21],"MawBank":24,"Strange Spoon":[8],"Dream Catcher":4,"Ornamental Fan":[64],"Sundial":[0],"Gambling Chip":[2],"Black Star":3,"Art of War":[17],"obtain_stats":[{"Darkstone Periapt":26,"Ice Cream":36,"Singing Bowl":28,"CeramicFish":27,"Runic Capacitor":19,"Boot":34,"Sling":36,"Old Coin":34,"Dream Catcher":23,"Matryoshka":27,"Sundial":43,"Strawberry":19,"Gambling Chip":45,"Toolbox":28,"Toxic Egg 2":9,"Cracked Core":0,"InkBottle":34,"Happy Flower":7,"Golden Idol":11,"Blue Candle":30,"Oddly Smooth Stone":23,"Thread and Needle":14,"Pen Nib":40,"Letter Opener":44,"MawBank":42,"Akabeko":40,"Calling Bell":34,"Strange Spoon":44,"Ornamental Fan":28,"Molten Egg 2":44,"Black Star":17,"Art of War":19,"Bag of Marbles":43,"Membership Card":22,"Toy Ornithopter":42,"Meat on the Bone":36},{"Darkstone Periapt":10,"Ice Cream":15,"Singing Bowl":11,"CeramicFish":11,"Runic Capacitor":8,"Boot":14,"Sling":15,"Old Coin":14,"Dream Catcher":10,"Matryoshka":11,"Sundial":17,"Strawberry":8,"Gambling Chip":18,"Toolbox":11,"Toxic Egg 2":3,"Cracked Core":0,"InkBottle":14,"Happy Flower":2,"Golden Idol":4,"Blue Candle":12,"Oddly Smooth Stone":10,"Thread and Needle":6,"Pen Nib":17,"Letter Opener":17,"MawBank":17,"Akabeko":17,"Calling Bell":14,"Strange Spoon":17,"Ornamental Fan":11,"Molten Egg 2":17,"Black Star":7,"Art of War":8,"Bag of Marbles":17,"Membership Card":9,"Toy Ornithopter":17,"Meat on the Bone":15},{"Darkstone Periapt":34,"Ice Cream":72,"Singing Bowl":40,"CeramicFish":40,"Runic Capacitor":28,"Boot":65,"Sling":72,"Old Coin":65,"Dream Catcher":34,"Matryoshka":40,"Sundial":82,"Strawberry":28,"Gambling Chip":87,"Toolbox":40,"Toxic Egg 2":7,"Cracked Core":0,"InkBottle":65,"Happy Flower":5,"Golden Idol":10,"Blue Candle":45,"Oddly Smooth Stone":34,"Thread and Needle":17,"Pen Nib":82,"Letter Opener":82,"MawBank":82,"Akabeko":82,"Calling Bell":65,"Strange Spoon":82,"Ornamental Fan":40,"Molten Egg 2":82,"Black Star":25,"Art of War":28,"Bag of Marbles":82,"Membership Card":30,"Toy Ornithopter":82,"Meat on the Bone":72}],"InkBottle":[15],"Toy Ornithopter":10,"Meat on the Bone":48},"card_choices":[{"not_picked":["Halt","Feel No Pain"],"picked":"EmptyFist","floor":1},{"not_picked":["Flying Knee","Disarm"],"picked":"Cloak And Dagger","floor":5},{"not_picked":["PathToVictory","CutThroughFate"],"picked":"Rupture","floor":8},{"not_picked":["Dagger Throw","Acrobatics+1"],"picked":"Iron Wave","floor":10},{"not_picked":["Consecrate","Evaluate+1"],"picked":"Steam+1","floor":13},{"not_picked":["SandsOfTime","Flying Knee"],"picked":"Ghostly Armor+1","floor":14},{"not_picked":["LessonLearned","Bullet Time+1"],"picked":"Judgement+1","floor":16},{"not_picked":["Rupture","Coolheaded+1"],"picked":"Metallicize","floor":18},{"not_picked":["Pray+1","Cleave"],"picked":"Sweeping Beam","floor":20},{"not_picked":["Distraction+1","Perfected Strike"],"picked":"Venomology+1","floor":23},{"not_picked":["JustLucky","Beam Cell+1"],"picked":"Caltrops+1","floor":24},{"not_picked":["Deflect+1","Rupture"],"picked":"Metallicize","floor":27},{"not_picked":["Rebound","Dash"],"picked":"Inflame+1","floor":29},{"not_picked":["Heavy Blade+1","Clothesline+1","Sucker Punch"],"picked":"Singing Bowl","floor":31},{"not_picked":["Prostrate+1","Quick Slash"],"picked":"Genetic Algorithm+1","floor":32},{"not_picked":["Omniscience+1","Scrawl+1"],"picked":"Adrenaline+1","floor":33},{"not_picked":["Calculated Gamble+1","Cloak And Dagger+1"],"picked":"Defragment+1","floor":35},{"not_picked":["Mind Blast","Forethought+1"],"picked":"Trip+1","floor":37},{"not_picked":["Purity+1","Deep Breath+1"],"picked":"Trip+1","floor":37},{"not_picked":["Chrysalis+1","Trip+1"],"picked":"PanicButton+1","floor":37},{"not_picked":["SashWhip+1","Beam Cell+1"],"picked":"SandsOfTime+1","floor":39},{"not_picked":["CrushJoints","Quick Slash+1"],"picked":"Sanctity+1","floor":40},{"not_picked":["Genetic Algorithm+1","Shockwave+1"],"picked":"Capacitor","floor":45},{"not_picked":["EmptyFist+1","FollowUp+1"],"picked":"Steam+1","floor":46},{"not_picked":["PathToVictory+1","EmptyBody+1"],"picked":"Thunderclap+1","floor":47},{"not_picked":["ClearTheMind+1","Fusion+1"],"picked":"Force Field+1","floor":48},{"not_picked":["Blood for Blood+1","Thunderclap+1"],"picked":"Shockwave+1","floor":49}],"player_experience":337676,"relics_obtained":[{"floor":9,"key":"Toxic Egg 2"},{"floor":14,"key":"Thread and Needle"},{"floor":23,"key":"Oddly Smooth Stone"},{"floor":23,"key":"Dream Catcher"},{"floor":26,"key":"Darkstone Periapt"},{"floor":27,"key":"CeramicFish"},{"floor":27,"key":"Matryoshka"},{"floor":34,"key":"Boot"},{"floor":34,"key":"InkBottle"},{"floor":34,"key":"Old Coin"},{"floor":40,"key":"Akabeko"},{"floor":40,"key":"Pen Nib"},{"floor":42,"key":"MawBank"},{"floor":42,"key":"Toy Ornithopter"},{"floor":43,"key":"Bag of Marbles"},{"floor":43,"key":"Sundial"},{"floor":45,"key":"Gambling Chip"}],"event_choices":[{"damage_healed":0,"gold_gain":0,"player_choice":"Leave","damage_taken":0,"max_hp_gain":0,"max_hp_loss":0,"event_name":"The Cleric","floor":2,"gold_loss":0},{"damage_healed":0,"gold_gain":75,"player_choice":"Gather Gold","damage_taken":11,"max_hp_gain":0,"max_hp_loss":0,"event_name":"World of Goop","floor":3,"gold_loss":0},{"damage_healed":0,"gold_gain":275,"player_choice":"Desecrate","damage_taken":0,"max_hp_gain":0,"max_hp_loss":0,"event_name":"Golden Shrine","floor":4,"gold_loss":0,"cards_obtained":["Regret"]},{"damage_healed":0,"gold_gain":0,"player_choice":"Box","damage_taken":0,"relics_obtained":["Happy Flower"],"max_hp_gain":0,"max_hp_loss":0,"event_name":"Big Fish","floor":7,"gold_loss":0,"cards_obtained":["Regret"]},{"damage_healed":0,"gold_gain":0,"player_choice":"Take Damage","damage_taken":18,"relics_obtained":["Golden Idol"],"max_hp_gain":0,"max_hp_loss":0,"event_name":"Golden Idol","floor":11,"gold_loss":0},{"damage_healed":0,"gold_gain":0,"player_choice":"Shed Blood","damage_taken":21,"max_hp_gain":5,"max_hp_loss":0,"event_name":"Forgotten Altar","floor":21,"gold_loss":0},{"damage_healed":0,"gold_gain":0,"player_choice":"Bet on Murderer","damage_taken":0,"max_hp_gain":0,"max_hp_loss":0,"event_name":"The Joust","floor":25,"gold_loss":50},{"damage_healed":0,"gold_gain":0,"player_choice":"Opened","damage_taken":0,"relics_obtained":["Blue Candle"],"max_hp_gain":0,"max_hp_loss":0,"event_name":"The Mausoleum","floor":30,"gold_loss":0},{"damage_healed":0,"gold_gain":0,"player_choice":"Memory 3","damage_taken":10,"max_hp_gain":0,"max_hp_loss":0,"event_name":"SensoryStone","floor":37,"gold_loss":0},{"damage_healed":0,"gold_gain":0,"player_choice":"Ignored","damage_taken":0,"max_hp_gain":0,"max_hp_loss":0,"event_name":"Tomb of Lord Red Mask","floor":38,"gold_loss":0},{"cards_removed":["Strike_G"],"damage_healed":0,"gold_gain":0,"player_choice":"Removed Attack","damage_taken":0,"max_hp_gain":0,"max_hp_loss":0,"event_name":"Falling","floor":41,"gold_loss":0},{"damage_healed":0,"gold_gain":0,"player_choice":"Fight","damage_taken":0,"max_hp_gain":0,"max_hp_loss":0,"event_name":"MindBloom","floor":45,"gold_loss":0}],"is_beta":false,"boss_relics":[{"not_picked":["Cursed Key","Inserter"],"picked":"Black Star"},{"not_picked":["Tiny House","Velvet Choker"],"picked":"Calling Bell"}],"items_purged_floors":[19,22],"is_endless":false,"potions_floor_spawned":[10,13,14,16,23,27,29,35,40],"ascension_level":0}}