{"host":"bf9sa99gaumonoeu","time":1609792895,"event":{"mods":["AchievementEnabler","Act Like it!","BaseMod","Better Sensory Stone","Colored Map","Colored Powertips","Downfall","Duelist Mod","Friendly Minions","Gensokyo","GifTheSpireLib","Hallownest","Hermit","Hubris","Jorbs\u0027s Wanderer Trilogy","KinomotoSakuraMod(????)","Koishi","Lobotomy","Marisa????????","Minty Spire (QoL Compilation)","Rare Cards Sparkle","Reimu??????","Remilia??????","Replay The Spire","Shop Mod","StSLib","The Administrix","The Animator","The Blue Laboratory","The Bug Knight","The Construct","The Cursed","The Disciple","The Hierophant","The Mystic","The Necromancer","The Poker Player","The Runesmith","The Senshi","The Servant 0.9.4"],"gold_per_floor":[110,120,120,135,147,147,164,164,164,164,189,199,52,62,62,164,164,183,8,8,21,40,69,69,96,165,183,217,217,236,151,151,151,151],"floor_reached":33,"playtime":2536,"items_purged":["Strike_S","Defend_S"],"score":345,"play_id":"1a2e4447-55c3-446a-9aca-13e6293c20aa","local_time":"20210104184135","is_ascension_mode":true,"campfire_choices":[{"floor":6,"key":"DIG"},{"floor":8,"key":"DIG"},{"data":"DoubleEdge","floor":15,"key":"SMITH"},{"floor":24,"key":"DIG"},{"floor":32,"key":"REST"}],"circlet_count":0,"master_deck":["Strike_S","Strike_S","Strike_S","Defend_S","Defend_S","Defend_S","KidneyShot","Exchange","Ricochet+1","Starlight","InstantArmor","Alleviate","BestPractice+1","LightFlow","BottledTime","FastForward","ShatteredReality","DoubleEdge+1","Deny","ShatteredReality","SilverBlades+1","Contraction","BottledTime","FastForward","ShatteredReality","Alleviate+1","MoonPhase+1"],"relics":["Uniform","Shovel","Strawberry","Omamori","Replay:WaspNest","MealTicket","Runesmith:UraniumAnvil","Sundial","Letter Opener","Incense Burner","Chameleon Ring","Red Mask","Mastiff:ReiMu"],"acts_visited":["Exordium","TheCity"],"potions_floor_usage":[5,11,21,23,23,25,28,30,33],"damage_taken":[{"damage":0,"enemies":"Cultist","floor":1,"turns":3},{"damage":0,"enemies":"Small Slimes","floor":2,"turns":5},{"damage":6,"enemies":"Jaw Worm","floor":4,"turns":4},{"damage":3,"enemies":"Lots of Slimes","floor":5,"turns":2},{"damage":6,"enemies":"Exordium Wildlife","floor":7,"turns":5},{"damage":7,"enemies":"3 Sentries","floor":11,"turns":6},{"damage":0,"enemies":"Large Slime","floor":12,"turns":3},{"damage":0,"enemies":"2 Fungi Beasts","floor":14,"turns":2},{"damage":28,"enemies":"Hexaghost","floor":16,"turns":7},{"damage":0,"enemies":"Chosen","floor":18,"turns":3},{"damage":0,"enemies":"Shell Parasite","floor":21,"turns":3},{"damage":20,"enemies":"Centurion and Healer","floor":22,"turns":6},{"damage":18,"enemies":"Slavers","floor":23,"turns":4},{"damage":0,"enemies":"Gremlin Leader","floor":25,"turns":4},{"damage":8,"enemies":"Snake Plant","floor":27,"turns":4},{"damage":0,"enemies":"Masked Bandits","floor":28,"turns":2},{"damage":6,"enemies":"Cultist and Chosen","floor":30,"turns":4},{"damage":48,"enemies":"Champ","floor":33,"turns":13}],"seed_played":"5352394389968676787","potions_obtained":[{"floor":4,"key":"Adrenaline Potion"},{"floor":5,"key":"blueLaboratory:RecallPotion"},{"floor":7,"key":"Flashbang"},{"floor":12,"key":"Explosive Potion"},{"floor":14,"key":"Strength Potion"},{"floor":21,"key":"Explosive Potion"},{"floor":27,"key":"blueLaboratory:BottledHope"},{"floor":29,"key":"DistilledChaos"},{"floor":29,"key":"champ:CounterPotion"},{"floor":30,"key":"Energy Potion"}],"is_trial":false,"path_per_floor":["M","M","?","M","M","R","M","R","T","?","E","M","$","M","R","B",null,"M","$","?","M","M","E","R","E","T","M","?","R","M","?","R","B"],"character_chosen":"THE_SERVANT","items_purchased":["FastForward","ShatteredReality","SilverBlades"],"campfire_rested":1,"item_purchase_floors":[13,13,19],"current_hp_per_floor":[59,59,59,53,50,57,51,51,51,51,44,44,59,59,59,31,66,66,66,66,66,46,28,28,28,28,20,20,20,14,14,33,0,0],"gold":151,"neow_bonus":"ONE_RARE_RELIC","is_daily":false,"chose_seed":false,"campfire_upgraded":1,"win_rate":0.0,"timestamp":1609792895,"path_taken":["M","M","?","M","M","R","M","R","T","?","E","M","$","M","R","BOSS","M","$","?","?","M","E","R","E","T","M","?","R","M","?","R","BOSS"],"items_purchased_type":["Card","Card","Card"],"build_version":"2020-12-22","purchased_purges":2,"victory":false,"max_hp_per_floor":[59,59,59,59,59,66,66,66,66,66,66,66,66,66,66,66,66,66,66,66,66,66,66,66,66,66,66,66,66,66,66,66,66,66],"card_choices":[{"not_picked":["SpecialFormula","ShatteredReality"],"picked":"Ricochet","floor":1},{"not_picked":["ShatteredReality","SpecialFormula"],"picked":"Starlight","floor":2},{"not_picked":["Alleviate","Rewind"],"picked":"InstantArmor","floor":4},{"not_picked":["Revamp","Unruled"],"picked":"Alleviate","floor":5},{"not_picked":["BottledTime","Collapse"],"picked":"BestPractice","floor":7},{"not_picked":["Luminosity","Alleviate"],"picked":"LightFlow","floor":11},{"not_picked":["Starlight","Read"],"picked":"BottledTime","floor":12},{"not_picked":["Rearm","MoonPhase"],"picked":"DoubleEdge","floor":14},{"not_picked":["FlawlessForm","Duplication"],"picked":"Deny","floor":16},{"not_picked":["Unruled","Spin"],"picked":"ShatteredReality","floor":18},{"not_picked":["BottledTime","Read"],"picked":"Contraction","floor":21},{"not_picked":["RealityMarble","Manipulate"],"picked":"BottledTime","floor":22},{"not_picked":["GearUp","Unruled","SilverBlades"],"picked":"SKIP","floor":23},{"not_picked":["Reset+1","SilverBlades"],"picked":"FastForward","floor":25},{"not_picked":["Duplication","Rearm"],"picked":"ShatteredReality","floor":27},{"not_picked":["SurpressingFire","FastForward"],"picked":"Alleviate+1","floor":28},{"not_picked":["Ricochet","Manipulate"],"picked":"MoonPhase+1","floor":30}],"player_experience":755263,"relics_obtained":[{"floor":6,"key":"Strawberry"},{"floor":8,"key":"Omamori"},{"floor":9,"key":"Replay:WaspNest"},{"floor":11,"key":"MealTicket"},{"floor":23,"key":"Sundial"},{"floor":24,"key":"Letter Opener"},{"floor":25,"key":"Incense Burner"},{"floor":26,"key":"Chameleon Ring"},{"floor":28,"key":"Red Mask"}],"event_choices":[{"damage_healed":0,"gold_gain":0,"player_choice":"Grow","damage_taken":0,"max_hp_gain":0,"max_hp_loss":0,"event_name":"Living Wall","floor":3,"gold_loss":0,"cards_upgraded":["Ricochet"]},{"damage_healed":0,"gold_gain":0,"player_choice":"Upgraded","damage_taken":0,"max_hp_gain":0,"max_hp_loss":0,"event_name":"Upgrade Shrine","floor":20,"gold_loss":0,"cards_upgraded":["SilverBlades"]},{"damage_healed":0,"gold_gain":0,"player_choice":"Fought Bandits","damage_taken":0,"max_hp_gain":0,"max_hp_loss":0,"event_name":"Masked Bandits","floor":28,"gold_loss":0},{"damage_healed":0,"gold_gain":0,"player_choice":"Obtained Relic","damage_taken":0,"relics_obtained":["Mastiff:ReiMu"],"max_hp_gain":0,"max_hp_loss":0,"event_name":"Addict","floor":31,"gold_loss":85}],"is_beta":false,"boss_relics":[{"not_picked":["MysterySword","Pandora\u0027s Box"],"picked":"Runesmith:UraniumAnvil"}],"items_purged_floors":[13,19],"is_endless":false,"potions_floor_spawned":[4,5,7,12,14,18,21,27,30],"killed_by":"Champ","ascension_level":2}}