{"host":"851hhqouejqwzba1","time":1609758385,"event":{"mods":["BaseMod","Minty Spire (QoL Compilation)","Permanent Neow","Shop Mod","StSLib","óô»ðÖ¸ÄÏ"],"gold_per_floor":[117,117,136,90,60,93,93,107,159,174,194,194,119,130,32,135,135,147,161,260,560,573,573,55,55,55,84,15,33,33,63,63,159,159,174,184,234,84,96,96,96,96,123,149,149,163,13,13,13,13],"floor_reached":51,"playtime":2896,"items_purged":["Strike_G","Strike_G","Writhe","Strike_G"],"score":903,"play_id":"6f9925f0-5c43-40dc-abb2-2dabbace7991","local_time":"20210104190625","is_ascension_mode":true,"campfire_choices":[{"data":"Bane","floor":7.0,"key":"SMITH"},{"data":"Poisoned Stab","floor":12.0,"key":"SMITH"},{"data":"Deadly Poison","floor":23.0,"key":"SMITH"},{"data":"Catalyst","floor":25.0,"key":"SMITH"},{"data":"Burst","floor":30.0,"key":"SMITH"},{"data":"Blur","floor":32.0,"key":"SMITH"},{"data":"Well Laid Plans","floor":40.0,"key":"SMITH"},{"data":"Backflip","floor":42.0,"key":"SMITH"},{"data":"Outmaneuver","floor":45.0,"key":"SMITH"},{"data":"Expertise","floor":49,"key":"SMITH"}],"circlet_count":0,"master_deck":["Defend_G","Defend_G","Defend_G","Survivor","Neutralize+1","Acrobatics","Catalyst+1","Bane+1","Calculated Gamble","Eviscerate+1","Dagger Spray","Poisoned Stab+1","Underhanded Strike","Deadly Poison+1","Blur+1","Prepared+1","Deflect+1","Doppelganger+1","Backflip+1","Concentrate","Burst+1","Well Laid Plans+1","Venomology","PiercingWail+1","Expertise+1","Outmaneuver+1","Tools of the Trade","Purity"],"relics":["SacredBark","Art of War","Orichalcum","Astrolabe","Old Coin","Membership Card","Ice Cream","Lantern","Happy Flower","Snake Skull","Red Mask","Coffee Dripper","Thread and Needle","Chemical X","MealTicket","Eternal Feather","Whetstone"],"acts_visited":["Exordium","TheCity","TheBeyond"],"potions_floor_usage":[50],"damage_taken":[{"damage":0.0,"enemies":"Cultist","floor":1.0,"turns":4.0},{"damage":11.0,"enemies":"Jaw Worm","floor":3.0,"turns":10.0},{"damage":0.0,"enemies":"Gremlin Nob","floor":6.0,"turns":2.0},{"damage":2.0,"enemies":"Small Slimes","floor":8.0,"turns":7.0},{"damage":0.0,"enemies":"Looter","floor":10.0,"turns":3.0},{"damage":6.0,"enemies":"Exordium Thugs","floor":11.0,"turns":5.0},{"damage":0.0,"enemies":"Large Slime","floor":14.0,"turns":4.0},{"damage":30.0,"enemies":"The Guardian","floor":16.0,"turns":9.0},{"damage":0.0,"enemies":"Chosen","floor":18.0,"turns":4.0},{"damage":4.0,"enemies":"3 Byrds","floor":19.0,"turns":4.0},{"damage":5.0,"enemies":"Shelled Parasite and Fungi","floor":22.0,"turns":6.0},{"damage":19.0,"enemies":"Slavers","floor":27.0,"turns":5.0},{"damage":2.0,"enemies":"Centurion and Healer","floor":29.0,"turns":4.0},{"damage":10.0,"enemies":"Masked Bandits","floor":31.0,"turns":5.0},{"damage":10.0,"enemies":"Collector","floor":33.0,"turns":4.0},{"damage":6.0,"enemies":"3 Shapes","floor":35.0,"turns":3.0},{"damage":10.0,"enemies":"3 Darklings","floor":36.0,"turns":5.0},{"damage":0.0,"enemies":"Mind Bloom Boss Battle","floor":37.0,"turns":6.0},{"damage":6.0,"enemies":"Sphere and 2 Shapes","floor":39.0,"turns":4.0},{"damage":2.0,"enemies":"Giant Head","floor":44.0,"turns":8.0},{"damage":0.0,"enemies":"Spire Growth","floor":46.0,"turns":4.0},{"damage":7,"enemies":"Time Eater","floor":50,"turns":4}],"seed_played":"928096207517237338","potions_obtained":[{"floor":1.0,"key":"SteroidPotion"},{"floor":5.0,"key":"GamblersBrew"},{"floor":5.0,"key":"DuplicationPotion"},{"floor":6.0,"key":"AttackPotion"},{"floor":10.0,"key":"Fruit Juice"},{"floor":16.0,"key":"Ancient Potion"},{"floor":18.0,"key":"EssenceOfSteel"},{"floor":31.0,"key":"SteroidPotion"},{"floor":35.0,"key":"SpeedPotion"},{"floor":41.0,"key":"Block Potion"},{"floor":41.0,"key":"BlessingOfTheForge"},{"floor":46.0,"key":"EntropicBrew"}],"is_trial":false,"path_per_floor":["M","?","M","$","?","E","R","M","T","M","M","R","$","M","R","B",null,"M","M","?","?","M","R","$","R","T","E","$","M","R","?","R","B",null,"M","M","?","$","M","R","?","R","T","E","R","M","$","?","R","B",null],"character_chosen":"THE_SILENT","items_purchased":["Bane","Deadly Poison","Blur","Membership Card","Ice Cream","Concentrate","Fruit Juice","Lantern","Burst","Chemical X","Outmaneuver","Whetstone"],"campfire_rested":0,"item_purchase_floors":[4,15,15,24,24,24,24,24,28,38,38,47],"current_hp_per_floor":[70,63,52,52,52,52,52,50,50,50,54,54,54,54,54,24,80,80,76,76,76,71,71,81,81,81,62,62,60,60,50,50,40,90,84,74,74,74,68,68,68,68,68,66,81,81,90,90,90,83],"gold":13,"neow_bonus":"BOSS_RELIC","is_daily":false,"chose_seed":false,"campfire_upgraded":10,"win_rate":0.0,"timestamp":1609758385,"path_taken":["M","?","M","$","?","E","R","M","T","M","M","R","$","M","R","BOSS","M","M","?","?","M","R","$","R","T","E","$","M","R","?","R","BOSS","M","M","?","$","M","R","?","R","T","E","R","?","?","?","R","BOSS"],"items_purchased_type":["Card","Card","Card","Relic","Relic","Card","Potion","Relic","Card","Relic","Card","Relic"],"build_version":"2020-12-22","purchased_purges":4,"victory":true,"max_hp_per_floor":[70,70,70,70,70,70,70,70,70,70,80,80,80,80,80,80,80,80,80,80,80,80,80,90,90,90,90,90,90,90,90,90,90,90,90,90,90,90,90,90,90,90,90,90,90,90,90,90,90,90],"card_choices":[{"not_picked":["Endless Agony","Sucker Punch"],"picked":"Acrobatics","floor":1.0},{"not_picked":["Sucker Punch","Poisoned Stab"],"picked":"Catalyst","floor":3.0},{"not_picked":["Flechettes","Finisher"],"picked":"Calculated Gamble","floor":6.0},{"not_picked":["Outmaneuver","Acrobatics"],"picked":"Eviscerate","floor":8.0},{"not_picked":["Cloak And Dagger","Sucker Punch"],"picked":"Dagger Spray","floor":10.0},{"not_picked":["Bane","Cloak And Dagger"],"picked":"Poisoned Stab","floor":11.0},{"not_picked":["Phantasmal Killer","Cloak And Dagger"],"picked":"Underhanded Strike","floor":14.0},{"not_picked":["Outmaneuver","Calculated Gamble","Finisher+1"],"picked":"SKIP","floor":18.0},{"not_picked":["Sucker Punch","Riddle With Holes","Cloak And Dagger"],"picked":"SKIP","floor":19.0},{"not_picked":["Heel Hook","Bane"],"picked":"Backflip","floor":22.0},{"not_picked":["Flying Knee","Acrobatics","Masterful Stab+1"],"picked":"SKIP","floor":27.0},{"not_picked":["Predator","Quick Slash","Poisoned Stab+1"],"picked":"SKIP","floor":29.0},{"not_picked":["Backflip","Leg Sweep"],"picked":"Well Laid Plans","floor":31.0},{"not_picked":["Adrenaline","Burst"],"picked":"Venomology","floor":33.0},{"not_picked":["Flechettes+1","Cloak And Dagger+1","Choke"],"picked":"SKIP","floor":35.0},{"not_picked":["Poisoned Stab","Blur+1"],"picked":"PiercingWail+1","floor":36.0},{"not_picked":["Prepared+1","Escape Plan"],"picked":"Expertise","floor":37.0},{"not_picked":["Poisoned Stab","Skewer+1","Terror"],"picked":"SKIP","floor":39.0},{"not_picked":["Crippling Poison","Acrobatics"],"picked":"Tools of the Trade","floor":44.0},{"not_picked":["Blade Dance+1","Flying Knee","Cloak And Dagger+1"],"picked":"SKIP","floor":46.0},{"not_picked":["Magnetism","Deep Breath"],"picked":"Purity","floor":48.0}],"player_experience":301606,"relics_obtained":[{"floor":6.0,"key":"Art of War"},{"floor":9.0,"key":"Orichalcum"},{"floor":26.0,"key":"Happy Flower"},{"floor":27.0,"key":"Snake Skull"},{"floor":31.0,"key":"Red Mask"},{"floor":37.0,"key":"Thread and Needle"},{"floor":43.0,"key":"MealTicket"},{"floor":44.0,"key":"Eternal Feather"}],"event_choices":[{"cards_removed":["Strike_G"],"damage_healed":0.0,"max_hp_gain":0.0,"max_hp_loss":0.0,"gold_gain":0.0,"event_name":"Golden Wing","player_choice":"Card Removal","floor":2.0,"gold_loss":0.0,"damage_taken":7.0},{"damage_healed":0.0,"max_hp_gain":0.0,"max_hp_loss":0.0,"gold_gain":0.0,"event_name":"The Woman in Blue","player_choice":"Bought 2 Potions","floor":5.0,"gold_loss":0.0,"damage_taken":0.0},{"damage_healed":0.0,"max_hp_gain":0.0,"max_hp_loss":0.0,"gold_gain":99.0,"event_name":"Nest","player_choice":"Stole From Cult","floor":20.0,"gold_loss":0.0,"damage_taken":0.0},{"damage_healed":0.0,"max_hp_gain":0.0,"max_hp_loss":0.0,"gold_gain":0.0,"event_name":"The Mausoleum","player_choice":"Opened","floor":21.0,"gold_loss":0.0,"damage_taken":0.0,"relics_obtained":["Old Coin"],"cards_obtained":["Writhe"]},{"damage_healed":0.0,"max_hp_gain":0.0,"max_hp_loss":0.0,"gold_gain":0.0,"event_name":"Masked Bandits","player_choice":"Fought Bandits","floor":31.0,"gold_loss":0.0,"damage_taken":0.0},{"damage_healed":0.0,"max_hp_gain":0.0,"max_hp_loss":0.0,"gold_gain":0.0,"event_name":"MindBloom","player_choice":"Fight","floor":37.0,"gold_loss":0.0,"damage_taken":0.0},{"damage_healed":0.0,"max_hp_gain":0.0,"max_hp_loss":0.0,"gold_gain":0.0,"event_name":"Lab","player_choice":"Got Potions","floor":41.0,"gold_loss":0.0,"damage_taken":0.0},{"damage_healed":0.0,"max_hp_gain":0.0,"max_hp_loss":0.0,"gold_gain":0.0,"event_name":"SensoryStone","player_choice":"Memory 1","floor":48.0,"gold_loss":0.0,"damage_taken":0.0}],"is_beta":false,"boss_relics":[{"not_picked":["Runic Pyramid","Busted Crown"],"picked":"Astrolabe"},{"not_picked":["Snecko Eye","Pandora\u0027s Box"],"picked":"Coffee Dripper"}],"items_purged_floors":[13,24,38,47],"is_endless":false,"potions_floor_spawned":[1,6,10,16,18,31,35,46],"ascension_level":1}}