{"host":"k85tjwrh7mjrrc9a","time":1609787833,"event":{"mods":["AchievementEnabler","BaseMod","Colored Powertips","Highlight Path","Minty Spire (QoL Compilation)","Rare Cards Sparkle","StSLib"],"gold_per_floor":[113,123,123,48,64,92,92,121,146,165,165,194,212,212,212,310,310,327,327,343,243,243,272,272,272,272,272,302,302,327,340,340,435,435,467,576,606,346,396,396,428,478,478,67,117,217,284,347,347,347],"floor_reached":51,"playtime":2267,"items_purged":["Regret","Pain","Decay","Strike_R+1"],"score":1155,"play_id":"4802635e-6d89-4e6b-8706-9cb7178d488e","local_time":"20210104141713","is_ascension_mode":true,"campfire_choices":[{"floor":7,"key":"REST"},{"floor":15,"key":"REST"},{"floor":27,"key":"REST"},{"floor":29,"key":"REST"},{"floor":32,"key":"REST"},{"floor":40,"key":"REST"},{"floor":49,"key":"REST"}],"circlet_count":0,"master_deck":["Strike_R+1","Strike_R+1","Strike_R+1","Defend_R+1","Defend_R+1","Defend_R+1","Defend_R+1","Bash","Thunderclap","Wild Strike","Headbutt","Iron Wave","Whirlwind","Heavy Blade","Metallicize","Demon Form","Entrench","Parasite","True Grit","Intimidate+1","CurseOfTheBell","Apotheosis"],"relics":["Fusion Hammer","MealTicket","War Paint","Bronze Scales","Regal Pillow","Art of War","Prayer Wheel","Cursed Key","WarpedTongs","Pantograph","TungstenRod","SsserpentHead","Mercury Hourglass","CaptainsWheel","Nunchaku","Calling Bell","MawBank","Self Forming Clay","StoneCalendar","WingedGreaves","Omamori","Peace Pipe","Torii","Darkstone Periapt","Shovel"],"acts_visited":["Exordium","TheCity","TheBeyond"],"potions_floor_usage":[20,23,28,37,50,50],"damage_taken":[{"damage":6,"enemies":"Cultist","floor":1,"turns":3},{"damage":2,"enemies":"Jaw Worm","floor":2,"turns":2},{"damage":4,"enemies":"2 Louse","floor":5,"turns":2},{"damage":16,"enemies":"Gremlin Nob","floor":6,"turns":3},{"damage":21,"enemies":"3 Sentries","floor":8,"turns":7},{"damage":3,"enemies":"Looter","floor":10,"turns":2},{"damage":17,"enemies":"Lagavulin","floor":12,"turns":6},{"damage":9,"enemies":"Gremlin Gang","floor":13,"turns":1},{"damage":45,"enemies":"The Guardian","floor":16,"turns":10},{"damage":26,"enemies":"3 Byrds","floor":18,"turns":3},{"damage":2,"enemies":"Chosen","floor":20,"turns":4},{"damage":20,"enemies":"Book of Stabbing","floor":23,"turns":5},{"damage":40,"enemies":"Slavers","floor":28,"turns":5},{"damage":29,"enemies":"Gremlin Leader","floor":30,"turns":5},{"damage":14,"enemies":"Snake Plant","floor":31,"turns":3},{"damage":61,"enemies":"Collector","floor":33,"turns":9},{"damage":7,"enemies":"Orb Walker","floor":35,"turns":4},{"damage":36,"enemies":"2 Orb Walkers","floor":36,"turns":6},{"damage":14,"enemies":"3 Darklings","floor":37,"turns":4},{"damage":21,"enemies":"Reptomancer","floor":41,"turns":7},{"damage":0,"enemies":"Mind Bloom Boss Battle","floor":46,"turns":6},{"damage":21,"enemies":"Transient","floor":47,"turns":5},{"damage":15,"enemies":"Spire Growth","floor":48,"turns":5},{"damage":76,"enemies":"Donu and Deca","floor":50,"turns":9}],"seed_played":"-8366487325847507835","potions_obtained":[{"floor":1,"key":"SpeedPotion"},{"floor":2,"key":"Block Potion"},{"floor":10,"key":"Block Potion"},{"floor":28,"key":"ColorlessPotion"},{"floor":31,"key":"SpeedPotion"},{"floor":41,"key":"SpeedPotion"}],"is_trial":false,"path_per_floor":["M","M","?","$","M","E","R","E","T","M","$","E","M","?","R","B",null,"M","?","M","$","?","E","T","?","T","R","E","R","E","M","R","B",null,"M","?","M","$","?","R","E","?","T","$","?","?","M","M","R","B",null],"character_chosen":"IRONCLAD","items_purchased":["Omamori","Darkstone Periapt"],"campfire_rested":7,"item_purchase_floors":[38,44],"current_hp_per_floor":[74,72,72,80,76,60,80,59,59,56,71,54,45,12,51,6,62,36,36,34,49,49,29,29,29,29,68,28,67,38,24,63,19,65,58,22,8,23,23,62,41,41,41,56,56,80,59,44,80,4],"gold":347,"neow_bonus":"BOSS_RELIC","is_daily":false,"chose_seed":false,"campfire_upgraded":0,"win_rate":0.0,"timestamp":1609787833,"path_taken":["M","?","?","$","M","E","R","E","T","M","$","E","M","?","R","BOSS","M","?","?","$","?","E","?","?","T","R","E","R","E","M","R","BOSS","M","?","M","$","?","R","E","?","T","$","?","?","?","?","R","BOSS"],"items_purchased_type":["Relic","Relic"],"build_version":"2020-12-22","purchased_purges":4,"victory":true,"max_hp_per_floor":[80,80,80,80,80,80,80,80,80,80,80,80,80,80,80,80,80,80,80,80,80,80,80,80,80,80,80,80,80,80,80,80,80,80,80,80,80,80,80,80,80,80,80,80,80,80,80,80,80,80],"card_choices":[{"not_picked":["Burning Pact","Flex"],"picked":"Thunderclap","floor":1},{"not_picked":["Perfected Strike","Armaments"],"picked":"Wild Strike","floor":2},{"not_picked":["True Grit","Anger"],"picked":"Headbutt","floor":5},{"not_picked":["Sword Boomerang","Sentinel"],"picked":"Iron Wave","floor":6},{"not_picked":["Wild Strike","Clash"],"picked":"Whirlwind","floor":8},{"not_picked":["Searing Blow","Headbutt"],"picked":"Heavy Blade","floor":10},{"not_picked":["Exhume","Sever Soul"],"picked":"Metallicize","floor":12},{"not_picked":["Wild Strike","Perfected Strike","Clothesline"],"picked":"SKIP","floor":13},{"not_picked":["Immolate","Offering"],"picked":"Demon Form","floor":16},{"not_picked":["Thunderclap","Dark Embrace","Havoc"],"picked":"SKIP","floor":18},{"not_picked":["True Grit","Clothesline","Wild Strike"],"picked":"SKIP","floor":18},{"not_picked":["Whirlwind","Ghostly Armor"],"picked":"Entrench","floor":20},{"not_picked":["Havoc","Sever Soul","Pummel"],"picked":"SKIP","floor":20},{"not_picked":["Exhume","Wild Strike","Infernal Blade+1"],"picked":"SKIP","floor":23},{"not_picked":["Wild Strike+1","Sword Boomerang"],"picked":"True Grit","floor":28},{"not_picked":["Ghostly Armor+1","Sword Boomerang"],"picked":"Intimidate+1","floor":30},{"not_picked":["Evolve","Uppercut","Clothesline"],"picked":"SKIP","floor":31},{"not_picked":["Havoc","Headbutt","Sword Boomerang"],"picked":"SKIP","floor":31},{"not_picked":["Heavy Blade","Dropkick+1","Cleave+1"],"picked":"SKIP","floor":35},{"not_picked":["Perfected Strike+1","Pummel+1","True Grit+1"],"picked":"SKIP","floor":35},{"not_picked":["Metallicize+1","Corruption","Headbutt+1"],"picked":"SKIP","floor":37},{"not_picked":["Clash+1","Warcry","Burning Pact"],"picked":"SKIP","floor":37},{"not_picked":["Uppercut+1","Limit Break","Pummel"],"picked":"SKIP","floor":41},{"not_picked":["Chrysalis","Blind"],"picked":"Apotheosis","floor":42},{"not_picked":["Cleave","Shrug It Off+1","Combust+1"],"picked":"SKIP","floor":47},{"not_picked":["Cleave","Bloodletting+1","Twin Strike+1"],"picked":"SKIP","floor":47},{"not_picked":["Headbutt+1","Perfected Strike+1","Sword Boomerang"],"picked":"SKIP","floor":48},{"not_picked":["Dual Wield+1","Thunderclap","Armaments+1"],"picked":"SKIP","floor":48}],"player_experience":137150,"relics_obtained":[{"floor":6,"key":"War Paint"},{"floor":8,"key":"Bronze Scales"},{"floor":9,"key":"Regal Pillow"},{"floor":12,"key":"Art of War"},{"floor":23,"key":"Pantograph"},{"floor":24,"key":"TungstenRod"},{"floor":26,"key":"Mercury Hourglass"},{"floor":28,"key":"CaptainsWheel"},{"floor":30,"key":"Nunchaku"},{"floor":34,"key":"MawBank"},{"floor":34,"key":"Self Forming Clay"},{"floor":34,"key":"StoneCalendar"},{"floor":36,"key":"WingedGreaves"},{"floor":41,"key":"Peace Pipe"},{"floor":43,"key":"Torii"},{"floor":46,"key":"Shovel"}],"event_choices":[{"damage_healed":0,"gold_gain":0,"player_choice":"Box","damage_taken":0,"relics_obtained":["MealTicket"],"max_hp_gain":0,"max_hp_loss":0,"event_name":"Big Fish","floor":3,"gold_loss":0,"cards_obtained":["Regret"]},{"damage_healed":0,"gold_gain":0,"player_choice":"Success","damage_taken":33,"relics_obtained":["Prayer Wheel"],"max_hp_gain":0,"max_hp_loss":0,"event_name":"Scrap Ooze","floor":14,"gold_loss":0},{"damage_healed":0,"gold_gain":0,"player_choice":"Rummage","damage_taken":0,"relics_obtained":["WarpedTongs"],"max_hp_gain":0,"max_hp_loss":0,"event_name":"Accursed Blacksmith","floor":19,"gold_loss":0,"cards_obtained":["Pain"]},{"damage_healed":0,"gold_gain":0,"player_choice":"Simplicity","damage_taken":0,"max_hp_gain":0,"max_hp_loss":0,"event_name":"Back to Basics","floor":22,"gold_loss":0,"cards_upgraded":["Strike_R","Strike_R","Strike_R","Strike_R","Strike_R","Defend_R","Defend_R"]},{"damage_healed":0,"gold_gain":0,"player_choice":"Trade","damage_taken":0,"relics_obtained":["SsserpentHead"],"max_hp_gain":0,"max_hp_loss":0,"event_name":"FaceTrader","floor":25,"gold_loss":0},{"damage_healed":0,"gold_gain":0,"player_choice":"Fight","damage_taken":0,"max_hp_gain":0,"max_hp_loss":0,"event_name":"Mysterious Sphere","floor":36,"gold_loss":0},{"cards_removed":["Strike_R"],"damage_healed":0,"gold_gain":0,"player_choice":"Removed Attack","damage_taken":0,"max_hp_gain":0,"max_hp_loss":0,"event_name":"Falling","floor":39,"gold_loss":0},{"damage_healed":0,"gold_gain":0,"player_choice":"Memory 1","damage_taken":0,"max_hp_gain":0,"max_hp_loss":0,"event_name":"SensoryStone","floor":42,"gold_loss":0},{"damage_healed":0,"gold_gain":0,"player_choice":"Ignored","damage_taken":0,"max_hp_gain":0,"max_hp_loss":0,"event_name":"Tomb of Lord Red Mask","floor":45,"gold_loss":0},{"damage_healed":0,"gold_gain":0,"player_choice":"Fight","damage_taken":0,"max_hp_gain":0,"max_hp_loss":0,"event_name":"MindBloom","floor":46,"gold_loss":0}],"is_beta":false,"boss_relics":[{"not_picked":["Snecko Eye","Runic Dome"],"picked":"Cursed Key"},{"not_picked":["Coffee Dripper","Mark of Pain"],"picked":"Calling Bell"}],"items_purged_floors":[4,21,38,44],"is_endless":false,"potions_floor_spawned":[1,2,10,13,28,31,41],"ascension_level":5}}