{"host":"hy86brpkenigfxlv","time":1609776459,"event":{"mods":["BaseMod","Bestiary","BetterRewards","Colored Map","Downfall","GifTheSpireLib","Hero for Fun","Jorbs\u0027s Wanderer Trilogy","Lobotomy","Minty Spire (QoL Compilation)","Rare Cards Sparkle","StSLib","SuperFastMode","The Animator","The Bug Knight","The Cursed","The Disciple","The Necromancer","The Saiyan","The Servant 0.9.4"],"gold_per_floor":[1,1,1,1,1,35,35,35,35,70,20,40,40,72,72,171,171,183,216,236,248,248,280,280,310,392,392,392,412,424,214,214,319,319,334,334,334,384,484,515,515,532,582,582,804,804,804,830,830,830,830,830,830,858,858],"floor_reached":56,"playtime":547,"items_purged":["Defend_Y"],"score":1777,"play_id":"46d73927-2b34-4617-8c3d-e60fbe45a700","local_time":"20210105000739","is_ascension_mode":true,"campfire_choices":[{"floor":8.0,"key":"RECALL"},{"data":"Defend_Y","floor":15.0,"key":"PURGE"},{"floor":24,"key":"DIG"},{"floor":32,"key":"DIG"},{"floor":41,"key":"DIG"},{"floor":44,"key":"DIG"},{"floor":46,"key":"DIG"},{"floor":49,"key":"DIG"},{"floor":52,"key":"DIG"}],"circlet_count":0,"master_deck":["Strike_Y","Strike_Y","Strike_Y","Strike_Y","Strike_Y+1","Defend_Y+1","Consecutive_Normal_Punch","Consecutive_Normal_Punch","Hip_Strike","Flash of Steel","Serious_Punch"],"relics":["Cape","Chemical X","Peace Pipe","HollowMod:LifeEnderRelic","Toy Ornithopter","Runic Dome","Red Mask","Shovel","HollowMod:StagPassRelic","Sundial","Question Card","HornCleat","Bronze Scales","Fusion Hammer","Calipers","Regal Pillow","Bottled Flame","Ancient Tea Set","Dead Branch","Oddly Smooth Stone","Bag of Preparation","Blue Candle","Mercury Hourglass","Lantern"],"acts_visited":["Exordium","TheCity","TheBeyond","TheEnding"],"potions_floor_usage":[],"damage_taken":[{"damage":0.0,"enemies":"Small Slimes","floor":1.0,"turns":1.0},{"damage":0.0,"enemies":"2 Louse","floor":2.0,"turns":2.0},{"damage":0.0,"enemies":"Jaw Worm","floor":3.0,"turns":1.0},{"damage":0.0,"enemies":"HollowMod:MossKnight","floor":6.0,"turns":1.0},{"damage":0.0,"enemies":"Gremlin Nob","floor":10.0,"turns":1.0},{"damage":0.0,"enemies":"Exordium Thugs","floor":12.0,"turns":1.0},{"damage":0.0,"enemies":"HollowMod:MossKnight","floor":14.0,"turns":1.0},{"damage":0.0,"enemies":"The Guardian","floor":16.0,"turns":1.0},{"damage":0.0,"enemies":"3 Byrds","floor":18.0,"turns":1.0},{"damage":0.0,"enemies":"Masked Bandits","floor":19.0,"turns":1.0},{"damage":0.0,"enemies":"Shell Parasite","floor":20.0,"turns":1.0},{"damage":0.0,"enemies":"Snecko","floor":21.0,"turns":1.0},{"damage":0,"enemies":"Slavers","floor":23,"turns":1},{"damage":0,"enemies":"HollowMod:Nosk","floor":25,"turns":1},{"damage":0,"enemies":"Centurion and Healer","floor":29,"turns":1},{"damage":0,"enemies":"Snake Plant","floor":30,"turns":1},{"damage":0,"enemies":"Automaton","floor":33,"turns":1},{"damage":0,"enemies":"3 Darklings","floor":35,"turns":1},{"damage":0,"enemies":"Mind Bloom Boss Battle","floor":38,"turns":1},{"damage":0,"enemies":"Nemesis","floor":40,"turns":1},{"damage":0,"enemies":"3 Shapes","floor":42,"turns":1},{"damage":0,"enemies":"Maw","floor":47,"turns":1},{"damage":0,"enemies":"Giant Head","floor":48,"turns":1},{"damage":0,"enemies":"Awakened One","floor":50,"turns":2},{"damage":0,"enemies":"Shield and Spear","floor":54,"turns":1},{"damage":0,"enemies":"The Heart","floor":55,"turns":1}],"seed_played":"2637888980262899890","potions_obtained":[{"floor":10.0,"key":"Weak Potion"},{"floor":16.0,"key":"Explosive Potion"},{"floor":23,"key":"DistilledChaos"}],"is_trial":false,"path_per_floor":["M","M","M","?","?","E","?","R","T","E","?","M","$","E","R","B",null,"M","?","M","M","?","E","R","E","T","?","T","M","M","$","R","B",null,"M","?","$","?","?","E","R","M","T","R","?","R","M","E","R","B",null,"R","$","E","B",null],"character_chosen":"OPM","items_purchased":["Consecutive_Normal_Punch","Chemical X","Hip_Strike"],"campfire_rested":0,"item_purchase_floors":[0,0,31],"current_hp_per_floor":[999,999,999,999,999,999,999,999,999,999,999,999,999,999,999,999,999,999,999,999,999,999,999,999,999,999,999,999,999,999,999,999,999,999,999,999,999,999,999,999,999,999,999,999,999,999,999,999,999,999,999,999,999,999,999],"gold":858,"neow_bonus":"","is_daily":false,"chose_seed":false,"campfire_upgraded":0,"win_rate":0.0,"timestamp":1609776459,"path_taken":["M","M","M","?","?","E","?","R","T","E","?","?","?","E","R","BOSS","M","?","M","M","?","E","R","E","T","?","?","M","M","?","R","BOSS","M","?","$","?","?","E","R","?","T","R","?","R","M","E","R","BOSS","R","$","E","BOSS"],"items_purchased_type":["Card","Relic","Card"],"build_version":"2020-12-22","purchased_purges":1,"victory":true,"max_hp_per_floor":[999,999,999,999,999,999,999,999,999,999,999,999,999,999,999,999,999,999,999,999,999,999,999,999,999,999,999,999,999,999,999,999,999,999,999,999,999,999,999,999,999,999,999,999,999,999,999,999,999,999,999,999,999,999,999],"card_choices":[{"not_picked":["Ignore","Yawn","Side_Hop"],"picked":"SKIP","floor":1.0},{"not_picked":["Side_Hop","Slap","Ignore"],"picked":"SKIP","floor":2.0},{"not_picked":["Hop","Slap","Side_Hop"],"picked":"SKIP","floor":3.0},{"not_picked":["Yawn","Slap","Side_Hop"],"picked":"SKIP","floor":6.0},{"not_picked":["Hop","Ignore"],"picked":"Consecutive_Normal_Punch","floor":10.0},{"not_picked":["Side_Hop","Hop","Normal_Punch"],"picked":"SKIP","floor":12.0},{"not_picked":["Oh","Yawn","Slap"],"picked":"SKIP","floor":14.0},{"not_picked":["Yawn","Side_Hop","Toss_Stone+1"],"picked":"SKIP","floor":18.0},{"not_picked":["Ignore+1","Toss_Stone","Do_Nothing"],"picked":"SKIP","floor":20.0},{"not_picked":["Do_Nothing","Slap","Ignore"],"picked":"SKIP","floor":21.0},{"not_picked":["Hop","Slap","Side_Hop"],"picked":"SKIP","floor":23},{"not_picked":["Oh","Wear_Disguise","Side_Hop+1"],"picked":"SKIP","floor":25},{"not_picked":["Consecutive_Normal_Punch+1","Toss_Stone","Slap+1","Side_Hop"],"picked":"SKIP","floor":29},{"not_picked":["Normal_Punch","Wear_Disguise","Ignore","Do_Nothing+1"],"picked":"SKIP","floor":30},{"not_picked":["Normal_Punch","Wear_Disguise","Ignore","Do_Nothing+1"],"picked":"SKIP","floor":30},{"not_picked":["Consecutive_Normal_Punch+1","Slap","Side_Hop+1","Ignore"],"picked":"SKIP","floor":35},{"not_picked":["Transmutation","Secret Weapon","Impatience"],"picked":"Flash of Steel","floor":36},{"not_picked":["Normal_Punch","Yawn","Hop","Side_Hop+1"],"picked":"SKIP","floor":40},{"not_picked":["Hop+1","Yawn+1","Ignore","Side_Hop"],"picked":"SKIP","floor":42},{"not_picked":["Consecutive_Normal_Punch","Toss_Stone+1","Wear_Disguise","Ignore"],"picked":"SKIP","floor":47},{"not_picked":["Do_Nothing+1","Wear_Disguise+1","Serious_Side_Hops"],"picked":"Serious_Punch","floor":48},{"not_picked":["Terrifying_Presence","Normal_Punch+1","Side_Hop+1","Slap+1"],"picked":"SKIP","floor":54}],"player_experience":38529,"relics_obtained":[{"floor":6.0,"key":"Peace Pipe"},{"floor":10.0,"key":"HollowMod:LifeEnderRelic"},{"floor":14.0,"key":"Toy Ornithopter"},{"floor":19.0,"key":"Red Mask"},{"floor":23,"key":"Shovel"},{"floor":24,"key":"HollowMod:StagPassRelic"},{"floor":25,"key":"Sundial"},{"floor":26,"key":"Question Card"},{"floor":28,"key":"HornCleat"},{"floor":32,"key":"Bronze Scales"},{"floor":38,"key":"Calipers"},{"floor":40,"key":"Regal Pillow"},{"floor":41,"key":"Bottled Flame"},{"floor":43,"key":"Ancient Tea Set"},{"floor":44,"key":"Dead Branch"},{"floor":46,"key":"Oddly Smooth Stone"},{"floor":48,"key":"Bag of Preparation"},{"floor":49,"key":"Blue Candle"},{"floor":52,"key":"Mercury Hourglass"},{"floor":54,"key":"Lantern"}],"event_choices":[{"damage_healed":0.0,"max_hp_gain":0.0,"max_hp_loss":0.0,"gold_gain":0.0,"event_name":"Golden Idol","player_choice":"Ignored","floor":4.0,"gold_loss":0.0,"damage_taken":0.0},{"damage_healed":0.0,"max_hp_gain":0.0,"max_hp_loss":0.0,"gold_gain":0.0,"event_name":"Shining Light","player_choice":"Entered Light","floor":5.0,"gold_loss":0.0,"damage_taken":200.0,"cards_upgraded":["Strike_Y","Defend_Y"]},{"cards_removed":["Defend_Y"],"damage_healed":0.0,"max_hp_gain":0.0,"max_hp_loss":0.0,"gold_gain":0.0,"event_name":"Living Wall","player_choice":"Forget","floor":7.0,"gold_loss":0.0,"damage_taken":0.0},{"cards_removed":["Defend_Y"],"damage_healed":0.0,"max_hp_gain":0.0,"max_hp_loss":0.0,"gold_gain":0.0,"event_name":"The Cleric","player_choice":"Card Removal","floor":11.0,"gold_loss":50.0,"damage_taken":0.0},{"damage_healed":0.0,"max_hp_gain":0.0,"max_hp_loss":0.0,"gold_gain":0.0,"event_name":"Masked Bandits","player_choice":"Fought Bandits","floor":19.0,"gold_loss":0.0,"damage_taken":0.0},{"damage_healed":330,"gold_gain":0,"player_choice":"Heal","damage_taken":0,"max_hp_gain":0,"max_hp_loss":0,"event_name":"The Library","floor":22,"gold_loss":0},{"damage_healed":0,"gold_gain":0,"player_choice":"Memory 1","damage_taken":0,"max_hp_gain":0,"max_hp_loss":0,"event_name":"SensoryStone","floor":36,"gold_loss":0},{"damage_healed":0,"gold_gain":0,"player_choice":"Fight","damage_taken":0,"max_hp_gain":0,"max_hp_loss":0,"event_name":"MindBloom","floor":38,"gold_loss":0},{"damage_healed":0,"gold_gain":100,"player_choice":"Pray","damage_taken":0,"max_hp_gain":0,"max_hp_loss":0,"event_name":"Golden Shrine","floor":39,"gold_loss":0},{"damage_healed":0,"gold_gain":222,"player_choice":"Wore Mask","damage_taken":0,"max_hp_gain":0,"max_hp_loss":0,"event_name":"Tomb of Lord Red Mask","floor":45,"gold_loss":0}],"is_beta":false,"boss_relics":[{"not_picked":["Busted Crown","Ectoplasm"],"picked":"Runic Dome"},{"not_picked":["Empty Cage","SlaversCollar"],"picked":"Fusion Hammer"}],"items_purged_floors":[31],"is_endless":false,"potions_floor_spawned":[3,10,16,23,25,29,38,40],"ascension_level":1}}