{"host":"t4bl6qmmsws2mq4o","time":1609751667,"event":{"mods":["AchievementEnabler","BaseMod","Better Note","Downfall","GifTheSpireLib","Hermit","Minty Spire (QoL Compilation)","Replay The Spire","StSLib","The Alterego","The Jungle","The Marked"],"gold_per_floor":[117,292,310,320,15,15,15,28,28,28,41,41,6,24,24,124,124,137,153,86,86,113,113,124,124,179,223,235,247,6,19,19,117,117,134,134,134,134,145,145,184,184,235,53,76,101,101,143,143,143],"floor_reached":51,"playtime":2746,"items_purged":["Doubt","Pain"],"score":563,"play_id":"a35d8e96-5c9e-4b94-b259-510373ef1b52","local_time":"20210104011427","is_ascension_mode":false,"campfire_choices":[{"data":"Neutralize","floor":6.0,"key":"SMITH"},{"data":"Infinite Blades","floor":15.0,"key":"SMITH"},{"data":"ReplayTheSpireMod:Tripwire","floor":23.0,"key":"SMITH"},{"data":"Noxious Fumes","floor":25.0,"key":"SMITH"},{"data":"Storm of Steel","floor":28.0,"key":"SMITH"},{"floor":32.0,"key":"REST"},{"data":"After Image","floor":40.0,"key":"SMITH"},{"data":"A Thousand Cuts","floor":47,"key":"SMITH"},{"floor":49,"key":"REST"}],"circlet_count":0,"master_deck":["Strike_G+1","Strike_G","Strike_G","Strike_G","Strike_G+1","Defend_G+1","Defend_G","Defend_G","Defend_G","Defend_G","Survivor","Neutralize+1","Toxin Wave","Deflect+1","Flying Knee","Poisoned Stab","Dash","Dagger Spray","PiercingWail","Toxin Wave","Noxious Fumes+1","Underhanded Strike","Flying Knee","Infinite Blades+1","Dagger Spray","A Thousand Cuts+1","ReplayTheSpireMod:Tripwire+1","Prepared+1","Deflect","Storm of Steel+1","Cloak And Dagger","After Image+1","Cloak And Dagger","Madness","Madness","Dagger Throw","Dash+1","Impatience","Masterful Stab+1","Bane+1","Quick Slash+1","Backflip"],"relics":["WristBlade","Replay:Wax Seal","Potion Belt","Ninja Scroll","Matryoshka","Replay:Fungal Core","Smiling Mask","Simple Rune","Bag of Marbles","Snake Skull","MawBank","Pet Ghost","Regal Pillow","Black Star","WarpedTongs","Bronze Scales","CeramicFish","ReplayTheSpireMod:Ring of Sloth","Blue Doll","BargainBundle","Divine Protection","Tingsha"],"acts_visited":["Exordium","TheCity","TheBeyond"],"potions_floor_usage":[45,50,50,50,50,50],"damage_taken":[{"damage":0.0,"enemies":"Small Slimes","floor":1.0,"turns":3.0},{"damage":1.0,"enemies":"2 Louse","floor":3.0,"turns":3.0},{"damage":2.0,"enemies":"Cultist","floor":4.0,"turns":4.0},{"damage":0.0,"enemies":"Large Slime","floor":8.0,"turns":6.0},{"damage":2.0,"enemies":"Blue Slaver","floor":11.0,"turns":3.0},{"damage":0.0,"enemies":"Exordium Thugs","floor":14.0,"turns":3.0},{"damage":11.0,"enemies":"Fading Forest","floor":16.0,"turns":11.0},{"damage":9.0,"enemies":"3 Byrds","floor":18.0,"turns":3.0},{"damage":0.0,"enemies":"Shell Parasite","floor":19.0,"turns":4.0},{"damage":0.0,"enemies":"3 Cultists","floor":24.0,"turns":4.0},{"damage":23.0,"enemies":"Book of Stabbing","floor":27.0,"turns":4.0},{"damage":11.0,"enemies":"Centurion and Healer","floor":31.0,"turns":4.0},{"damage":42.0,"enemies":"Collector","floor":33.0,"turns":8.0},{"damage":2.0,"enemies":"Orb Walker","floor":35.0,"turns":2.0},{"damage":8.0,"enemies":"3 Shapes","floor":39.0,"turns":3.0},{"damage":8.0,"enemies":"Reptomancer","floor":41.0,"turns":6.0},{"damage":0,"enemies":"Transient","floor":45,"turns":5},{"damage":7,"enemies":"Spire Growth","floor":46,"turns":3},{"damage":5,"enemies":"R_Hoarder","floor":48,"turns":8},{"damage":0,"enemies":"Replay:Hell Engine","floor":50,"turns":9}],"seed_played":"-3867576406695352959","potions_obtained":[{"floor":4.0,"key":"Fire Potion"},{"floor":8.0,"key":"FearPotion"},{"floor":11.0,"key":"Guardian:BlockOnCardUsePotion"},{"floor":16.0,"key":"sneckomod:MuddlingPotion"},{"floor":19.0,"key":"Explosive Potion"},{"floor":31.0,"key":"Toxic Potion"},{"floor":33.0,"key":"Fire Potion"},{"floor":35.0,"key":"Adrenaline Potion"},{"floor":45,"key":"BlessingOfTheForge"},{"floor":46,"key":"Languid Potion"}],"is_trial":false,"path_per_floor":["M","?","M","M","$","R","?","M","T","?","M","?","$","M","R","B",null,"M","M","?","?","T","R","M","R","T","E","R","?","$","M","R","B",null,"M","$","?","?","M","R","E","?","T","$","M","M","R","E","R","B",null],"character_chosen":"THE_SILENT","items_purchased":["Replay:Wax Seal","Potion Belt","Poisoned Stab","Infinite Blades","Regal Pillow","Slimebound:ThreeZeroPotion","BargainBundle","Impatience","Masterful Stab+1","SkillPotion","LiquidMemories"],"campfire_rested":2,"item_purchase_floors":[5,5,5,13,30,30,44,44,44,44,44],"current_hp_per_floor":[70,70,69,67,67,67,53,53,53,50,48,48,48,48,48,37,70,61,61,61,61,61,61,61,61,61,38,38,25,25,14,51,9,75,73,73,64,64,56,56,48,48,48,48,48,41,41,36,73,73],"gold":143,"neow_bonus":"BOSS_RELIC","is_daily":false,"chose_seed":false,"campfire_upgraded":7,"win_rate":0.0,"timestamp":1609751667,"path_taken":["M","?","M","M","$","R","?","M","T","?","M","?","?","M","R","BOSS","M","M","?","?","?","R","M","R","T","E","R","?","$","M","R","BOSS","M","$","?","?","?","R","E","?","T","?","M","M","R","E","R","BOSS"],"items_purchased_type":["Relic","Relic","Card","Card","Relic","Potion","Relic","Card","Card","Potion","Potion"],"build_version":"2020-12-22","purchased_purges":2,"victory":true,"max_hp_per_floor":[70,70,70,70,70,70,70,70,70,70,70,70,70,70,70,70,70,70,70,70,70,70,70,70,70,70,70,70,75,75,75,75,75,75,75,75,75,75,75,75,75,75,75,75,75,75,75,75,75,75],"card_choices":[{"not_picked":["Outmaneuver","Acrobatics"],"picked":"Toxin Wave","floor":1.0},{"not_picked":["ReplayTheSpireMod:Exploit Weakness","Sucker Punch"],"picked":"Deflect","floor":3.0},{"not_picked":["Prepared","Quick Slash"],"picked":"Flying Knee","floor":4.0},{"not_picked":["Tactician","Caltrops"],"picked":"Dash","floor":8.0},{"not_picked":["Poisoned Stab","Caltrops"],"picked":"Dagger Spray","floor":11.0},{"not_picked":["Outmaneuver","Expertise"],"picked":"Dagger Spray","floor":14.0},{"not_picked":["Venomology","Glass Knife"],"picked":"A Thousand Cuts","floor":16.0},{"not_picked":["PiercingWail","Dash"],"picked":"ReplayTheSpireMod:Tripwire","floor":18.0},{"not_picked":["Outmaneuver","Riddle With Holes"],"picked":"Prepared+1","floor":19.0},{"not_picked":["Acrobatics","Expertise"],"picked":"Deflect","floor":24.0},{"not_picked":["Poisoned Stab","Footwork"],"picked":"Storm of Steel","floor":27.0},{"not_picked":["Distraction","Dagger Spray"],"picked":"Cloak And Dagger","floor":31.0},{"not_picked":["Grand Finale","Tools of the Trade"],"picked":"After Image","floor":33.0},{"not_picked":["Underhanded Strike+1","Eviscerate+1"],"picked":"Cloak And Dagger","floor":35.0},{"not_picked":["Underhanded Strike+1","PiercingWail"],"picked":"Dagger Throw","floor":39.0},{"not_picked":["PiercingWail","Acrobatics"],"picked":"Dash+1","floor":41.0},{"not_picked":["Heel Hook+1","ReplayTheSpireMod:The Works+1"],"picked":"Bane+1","floor":45},{"not_picked":["Outmaneuver+1","Bane+1"],"picked":"Quick Slash+1","floor":46},{"not_picked":["Concentrate+1","Replay:Poison Smokescreen+1"],"picked":"Backflip","floor":48}],"player_experience":455371,"relics_obtained":[{"floor":9.0,"key":"Ninja Scroll"},{"floor":22.0,"key":"Simple Rune"},{"floor":22.0,"key":"Bag of Marbles"},{"floor":26.0,"key":"Snake Skull"},{"floor":26.0,"key":"MawBank"},{"floor":27.0,"key":"Pet Ghost"},{"floor":41.0,"key":"Bronze Scales"},{"floor":41.0,"key":"CeramicFish"},{"floor":42.0,"key":"ReplayTheSpireMod:Ring of Sloth"},{"floor":43.0,"key":"Blue Doll"},{"floor":48,"key":"Divine Protection"},{"floor":48,"key":"Tingsha"}],"event_choices":[{"damage_healed":0.0,"max_hp_gain":0.0,"max_hp_loss":0.0,"gold_gain":175.0,"event_name":"Liars Game","player_choice":"AGREE","floor":2.0,"gold_loss":0.0,"damage_taken":0.0,"cards_obtained":["Doubt"]},{"damage_healed":0.0,"max_hp_gain":0.0,"max_hp_loss":0.0,"gold_gain":0.0,"event_name":"Shining Light","player_choice":"Entered Light","floor":7.0,"gold_loss":0.0,"damage_taken":14.0,"cards_upgraded":["Strike_G","Deflect"]},{"damage_healed":0.0,"max_hp_gain":0.0,"max_hp_loss":0.0,"gold_gain":0.0,"event_name":"Scrap Ooze","player_choice":"Success","floor":10.0,"gold_loss":0.0,"damage_taken":3.0,"relics_obtained":["Matryoshka"]},{"damage_healed":0.0,"max_hp_gain":0.0,"max_hp_loss":0.0,"gold_gain":0.0,"event_name":"WeMeetAgain","player_choice":"Paid Gold","floor":20.0,"gold_loss":67.0,"damage_taken":0.0,"relics_obtained":["Smiling Mask"]},{"cards_removed":["Infinite Blades"],"damage_healed":0.0,"max_hp_gain":0.0,"max_hp_loss":0.0,"gold_gain":0.0,"event_name":"betterNote:BetterNote","player_choice":"Give","floor":21.0,"gold_loss":0.0,"damage_taken":0.0,"cards_obtained":["None"]},{"damage_healed":0.0,"max_hp_gain":5.0,"max_hp_loss":0.0,"gold_gain":0.0,"event_name":"Forgotten Altar","player_choice":"Shed Blood","floor":29.0,"gold_loss":0.0,"damage_taken":18.0},{"damage_healed":0.0,"max_hp_gain":0.0,"max_hp_loss":0.0,"gold_gain":0.0,"event_name":"Winding Halls","player_choice":"Embrace Madness","floor":37.0,"gold_loss":0.0,"damage_taken":9.0,"cards_obtained":["Madness","Madness"]},{"damage_healed":0.0,"max_hp_gain":0.0,"max_hp_loss":0.0,"gold_gain":0.0,"event_name":"Accursed Blacksmith","player_choice":"Rummage","floor":38.0,"gold_loss":0.0,"damage_taken":0.0,"relics_obtained":["WarpedTongs"],"cards_obtained":["Pain"]}],"is_beta":false,"boss_relics":[{"not_picked":["Kintsugi","Replay:Bronze Core"],"picked":"Replay:Fungal Core"},{"not_picked":["Runic Dome","Velvet Choker"],"picked":"Black Star"}],"items_purged_floors":[5,44],"is_endless":false,"potions_floor_spawned":[4,8,11,16,19,31,33,35,45,46],"ascension_level":0}}