{"host":"6999i8eg5ewbhdiq","time":1609780505,"event":{"mods":["AchievementEnabler","BaseMod","Colored Map","Colored Powertips","Highlight Path","Minty Spire (QoL Compilation)"],"gold_per_floor":[128,150,175,187,212,252,264,310,322,368,380,392,421,446,458,570,582,612,723,735,68,81,81,0,0,0,0,0,17,45,45,45,45,45],"floor_reached":33,"playtime":1438,"items_purged":["Defend_R"],"score":308,"play_id":"7a0117db-7972-45b9-aa7e-00c746dc0756","local_time":"20210104181505","is_ascension_mode":false,"campfire_choices":[{"floor":7.0,"key":"REST"},{"floor":12.0,"key":"REST"},{"floor":15.0,"key":"REST"},{"floor":23.0,"key":"REST"},{"floor":25.0,"key":"REST"},{"data":"Infernal Blade","floor":27.0,"key":"SMITH"},{"floor":32,"key":"REST"}],"circlet_count":0,"master_deck":["Strike_R","Strike_R","Strike_R","Strike_R","Strike_R","Defend_R","Defend_R","Defend_R","Bash","True Grit","Fire Breathing","Sever Soul","Havoc","Disarm","Thunderclap","Infernal Blade+1","Spot Weakness","Impervious","Clash","Searing Blow+1","Shockwave","Decay","Dark Embrace","Ghostly","Ghostly","Ghostly","Ghostly","Ghostly"],"relics":["Burning Blood","MawBank","Red Skull","Pear","Magic Flower","Turnip","Runic Pyramid","Pen Nib","Prayer Wheel","Frozen Eye","Molten Egg 2","Juzu Bracelet"],"acts_visited":["Exordium","TheCity"],"potions_floor_usage":[],"damage_taken":[{"damage":1.0,"enemies":"Cultist","floor":1.0,"turns":3.0},{"damage":7.0,"enemies":"Jaw Worm","floor":2.0,"turns":5.0},{"damage":0.0,"enemies":"2 Louse","floor":3.0,"turns":4.0},{"damage":9.0,"enemies":"Blue Slaver","floor":5.0,"turns":7.0},{"damage":29.0,"enemies":"3 Sentries","floor":6.0,"turns":5.0},{"damage":44.0,"enemies":"Lagavulin","floor":8.0,"turns":8.0},{"damage":24.0,"enemies":"Gremlin Nob","floor":10.0,"turns":4.0},{"damage":7.0,"enemies":"Exordium Thugs","floor":13.0,"turns":4.0},{"damage":11.0,"enemies":"Large Slime","floor":14.0,"turns":7.0},{"damage":44.0,"enemies":"Slime Boss","floor":16.0,"turns":7.0},{"damage":35.0,"enemies":"2 Thieves","floor":18.0,"turns":4.0},{"damage":43.0,"enemies":"Spheric Guardian","floor":22.0,"turns":8.0},{"damage":2.0,"enemies":"Snake Plant","floor":29.0,"turns":4.0},{"damage":89,"enemies":"Slavers","floor":30,"turns":8},{"damage":26,"enemies":"Collector","floor":33,"turns":3}],"seed_played":"2406714251814627441","potions_obtained":[{"floor":5.0,"key":"Swift Potion"},{"floor":10.0,"key":"PowerPotion"},{"floor":13.0,"key":"Swift Potion"},{"floor":14.0,"key":"PowerPotion"},{"floor":16.0,"key":"SteroidPotion"},{"floor":20.0,"key":"Dexterity Potion"},{"floor":20.0,"key":"DistilledChaos"}],"is_trial":false,"path_per_floor":["M","M","M","?","M","E","R","E","T","E","?","R","M","M","R","B",null,"M","?","?","$","M","R","?","R","T","R","?","M","E","?","R","B"],"character_chosen":"IRONCLAD","items_purchased":["Pen Nib","Prayer Wheel","Frozen Eye"],"campfire_rested":6,"item_purchase_floors":[21,21,21],"current_hp_per_floor":[80,79,80,80,77,54,78,50,50,35,35,62,64,62,89,54,90,64,64,64,64,30,57,57,84,84,84,84,90,10,10,23,0,0],"gold":45,"neow_bonus":"RANDOM_COMMON_RELIC","is_daily":false,"chose_seed":false,"campfire_upgraded":1,"win_rate":0.0,"timestamp":1609780505,"path_taken":["M","M","M","?","M","E","R","E","T","E","?","R","M","M","R","BOSS","M","?","?","$","?","R","?","R","T","R","?","M","E","?","R","BOSS"],"items_purchased_type":["Relic","Relic","Relic"],"build_version":"2020-12-22","purchased_purges":1,"victory":false,"max_hp_per_floor":[80,80,80,80,80,80,80,90,90,90,90,90,90,90,90,90,90,90,90,90,90,90,90,90,90,90,90,90,90,90,45,45,45,45],"card_choices":[{"not_picked":["Wild Strike","Headbutt"],"picked":"True Grit","floor":1.0},{"not_picked":["Rampage","Anger"],"picked":"Fire Breathing","floor":2.0},{"not_picked":["Clothesline","Twin Strike"],"picked":"Sever Soul","floor":3.0},{"not_picked":["Armaments","Body Slam"],"picked":"Havoc","floor":5.0},{"not_picked":["Wild Strike","Warcry"],"picked":"Disarm","floor":6.0},{"not_picked":["Brutality","Clothesline"],"picked":"Thunderclap","floor":8.0},{"not_picked":["Warcry","Iron Wave"],"picked":"Infernal Blade","floor":10.0},{"not_picked":["Hemokinesis","Ghostly Armor"],"picked":"Spot Weakness","floor":13.0},{"not_picked":["Clothesline","Perfected Strike","Spot Weakness"],"picked":"SKIP","floor":14.0},{"not_picked":["Bludgeon","Exhume"],"picked":"Impervious","floor":16.0},{"not_picked":["Wild Strike","Pommel Strike"],"picked":"Clash","floor":18.0},{"not_picked":["Headbutt","Uppercut"],"picked":"Searing Blow+1","floor":22.0},{"not_picked":["Sword Boomerang","Reckless Charge"],"picked":"Shockwave","floor":22.0},{"not_picked":["Blood for Blood+1","Wild Strike+1"],"picked":"Dark Embrace","floor":29},{"not_picked":["Clash+1","Hemokinesis+1","Iron Wave+1"],"picked":"SKIP","floor":29},{"not_picked":["Dual Wield","Anger+1","Rupture"],"picked":"SKIP","floor":30}],"player_experience":123728,"relics_obtained":[{"floor":6.0,"key":"Red Skull"},{"floor":8.0,"key":"Pear"},{"floor":9.0,"key":"Magic Flower"},{"floor":10.0,"key":"Turnip"},{"floor":26.0,"key":"Molten Egg 2"},{"floor":30,"key":"Juzu Bracelet"}],"event_choices":[{"damage_healed":0.0,"max_hp_gain":0.0,"max_hp_loss":0.0,"gold_gain":0.0,"event_name":"Golden Idol","player_choice":"Ignored","floor":4.0,"gold_loss":0.0,"damage_taken":0.0},{"damage_healed":0.0,"max_hp_gain":0.0,"max_hp_loss":0.0,"gold_gain":0.0,"event_name":"Liars Game","player_choice":"Ignored","floor":11.0,"gold_loss":0.0,"damage_taken":0.0},{"damage_healed":0.0,"max_hp_gain":0.0,"max_hp_loss":0.0,"gold_gain":99.0,"event_name":"Nest","player_choice":"Stole From Cult","floor":19.0,"gold_loss":0.0,"damage_taken":0.0},{"damage_healed":0.0,"max_hp_gain":0.0,"max_hp_loss":0.0,"gold_gain":0.0,"event_name":"Lab","player_choice":"Got Potions","floor":20.0,"gold_loss":0.0,"damage_taken":0.0},{"damage_healed":0.0,"max_hp_gain":0.0,"max_hp_loss":0.0,"gold_gain":0.0,"event_name":"Masked Bandits","player_choice":"Paid Fearfully","floor":24.0,"gold_loss":81.0,"damage_taken":0.0},{"damage_healed":0.0,"max_hp_gain":0.0,"max_hp_loss":0.0,"gold_gain":0.0,"event_name":"Wheel of Change","player_choice":"Cursed","floor":28.0,"gold_loss":0.0,"damage_taken":0.0,"cards_obtained":["Decay"]},{"damage_healed":0,"gold_gain":0,"player_choice":"Became a Ghost","damage_taken":0,"max_hp_gain":0,"max_hp_loss":45,"event_name":"Ghosts","floor":31,"gold_loss":0,"cards_obtained":["Ghostly","Ghostly","Ghostly","Ghostly","Ghostly"]}],"is_beta":false,"boss_relics":[{"not_picked":["Snecko Eye","Sozu"],"picked":"Runic Pyramid"}],"items_purged_floors":[21],"is_endless":false,"potions_floor_spawned":[5,10,13,14,16],"killed_by":"Collector","ascension_level":0}}