{"host":"ctlqibkg0sskiu65","time":1609736728,"event":{"mods":["2.2 Compatiblity","AchievementEnabler","Aspiration","BaseMod","BetterRewards","Colored Map","Colored Powertips","Conspire","Downfall","Fiend Mod","Infinite Spire","Minty Spire (QoL Compilation)","Quick Restart","Replay The Spire","Shop Mod","StSLib","The Bladedancer","The Cursed","The Hierophant","The Jungle","The Kombatant","The Poker Player","The Servant 0.9.4","TheBandit"],"gold_per_floor":[109,126,76,88,112,112,112,112,135,145,164,179,26,38,38,138,138,156,156,56,6,6,6,6,22,22,22,40,50,70,83,83,178,178,198,198,298,298,298],"floor_reached":38,"playtime":1452,"items_purged":["Strike_G","Strike_G+1"],"score":829,"play_id":"4fa2b291-bb7d-42e9-9db5-b779d2905921","local_time":"20210103230528","is_ascension_mode":true,"campfire_choices":[{"data":"Bane","floor":6.0,"key":"SMITH"},{"data":"Slice","floor":8.0,"key":"SMITH"},{"data":"Bane","floor":15.0,"key":"SMITH"},{"data":"Adrenaline","floor":23.0,"key":"SMITH"},{"data":"Slice","floor":24.0,"key":"SMITH"},{"data":"Noxious Fumes","floor":27.0,"key":"SMITH"},{"floor":32.0,"key":"DIG"}],"circlet_count":0,"master_deck":["AscendersBane","Strike_G+1","Strike_G+1","Defend_G+1","Defend_G+1","Defend_G+1","Defend_G+1","Defend_G+1","Survivor","Neutralize","Neutralize","Noxious Fumes+1","Slice+1","Bane+1","Bane+1","Slice+1","Prepared","Adrenaline+1","Catalyst","Adrenaline","Footwork+1"],"relics":["Ring of the Snake","DollysMirror","WingedGreaves","infinitespire:Lucky Rock","infinitespire:PuzzleCube","Lee\u0027s Waffle","conspire:SpecialSausage","Mirror","Tiny Chest","conspire:RoyalGoblet"],"acts_visited":["Exordium","TheCity","TheBeyond"],"potions_floor_usage":[33,33],"damage_taken":[{"damage":0.0,"enemies":"Cultist","floor":1.0,"turns":5.0},{"damage":8.0,"enemies":"Small Slimes","floor":2.0,"turns":5.0},{"damage":0.0,"enemies":"2 Louse","floor":4.0,"turns":3.0},{"damage":8.0,"enemies":"Lots of Slimes","floor":10.0,"turns":5.0},{"damage":1.0,"enemies":"2 Fungi Beasts","floor":11.0,"turns":3.0},{"damage":3.0,"enemies":"Large Slime","floor":12.0,"turns":4.0},{"damage":4.0,"enemies":"Blue Slaver","floor":14.0,"turns":3.0},{"damage":73.0,"enemies":"Fading Forest","floor":16.0,"turns":11.0},{"damage":7.0,"enemies":"Spheric Guardian","floor":18.0,"turns":5.0},{"damage":0.0,"enemies":"Shell Parasite","floor":25.0,"turns":4.0},{"damage":0.0,"enemies":"Snecko","floor":28.0,"turns":6.0},{"damage":0.0,"enemies":"Centurion and Healer","floor":29.0,"turns":6.0},{"damage":5.0,"enemies":"Sentry and Sphere","floor":30.0,"turns":6.0},{"damage":7.0,"enemies":"Shelled Parasite and Fungi","floor":31.0,"turns":5.0},{"damage":33,"enemies":"Champ","floor":33,"turns":16},{"damage":34,"enemies":"3 Darklings","floor":35,"turns":8},{"damage":27,"enemies":"3 Shapes","floor":38,"turns":8}],"seed_played":"-6356336046572412053","potions_obtained":[{"floor":2.0,"key":"Dexterity Potion"},{"floor":10.0,"key":"SneckoOil"},{"floor":11.0,"key":"Languid Potion"},{"floor":29.0,"key":"Block Potion"},{"floor":30.0,"key":"Swift Potion"},{"floor":33,"key":"Dexterity Potion"}],"is_trial":false,"path_per_floor":["M","M","?","M","T","R","R","R","T","M","M","M","$","M","R","B",null,"M","?","$","?","$","R","R","M","T","R","M","M","M","M","R_BF","B",null,"M","?","?","M"],"character_chosen":"THE_SILENT","items_purchased":["DollysMirror","Noxious Fumes","Lee\u0027s Waffle"],"campfire_rested":0,"item_purchase_floors":[0,0,13],"current_hp_per_floor":[63,55,55,55,55,55,55,55,55,47,46,43,77,73,73,8,60,53,53,53,53,53,53,53,53,53,53,53,53,48,41,41,8,60,26,26,26,0,0],"gold":298,"neow_bonus":"","is_daily":false,"chose_seed":false,"campfire_upgraded":6,"win_rate":0.0,"timestamp":1609736728,"path_taken":["M","M","?","M","?","R","R","R","T","?","M","M","$","M","R","BOSS","M","?","$","?","$","R","R","M","T","R","?","M","M","M","R_BF","BOSS","M","?","?","?"],"items_purchased_type":["Relic","Card","Relic"],"build_version":"2020-12-22","purchased_purges":2,"victory":false,"max_hp_per_floor":[70,70,70,70,70,70,70,70,70,70,70,70,77,77,77,77,77,77,77,77,77,77,77,77,77,77,77,77,77,77,77,77,77,77,77,73,73,73,73],"card_choices":[{"not_picked":["Calculated Gamble","Acrobatics","Flying Knee"],"picked":"SKIP","floor":1.0},{"not_picked":["Prepared","Infinite Blades"],"picked":"Slice","floor":2.0},{"not_picked":["Fluid Movement","Choke"],"picked":"Bane","floor":4.0},{"not_picked":["Prepared","Flying Knee"],"picked":"Bane","floor":10.0},{"not_picked":["Eviscerate","ReplayTheSpireMod:The Works"],"picked":"Slice","floor":11.0},{"not_picked":["Dagger Spray","Cloak And Dagger"],"picked":"Prepared","floor":12.0},{"not_picked":["Tactician","Blur","Flechettes"],"picked":"SKIP","floor":14.0},{"not_picked":["aspiration:Lunge","Die Die Die"],"picked":"Adrenaline","floor":16.0},{"not_picked":["Quick Slash","Backflip","Hidden Blade"],"picked":"SKIP","floor":18.0},{"not_picked":["ReplayTheSpireMod:Exploit Weakness","Prepared","Outmaneuver+1"],"picked":"SKIP","floor":25.0},{"not_picked":["Well Laid Plans","Tactician","Outmaneuver"],"picked":"SKIP","floor":28.0},{"not_picked":["Escape Plan","Dodge and Roll"],"picked":"Catalyst","floor":29.0},{"not_picked":["Deflect","Backflip","Dagger Throw+1"],"picked":"SKIP","floor":30.0},{"not_picked":["Acrobatics","Blade Dance","Dagger Throw+1"],"picked":"SKIP","floor":31.0},{"not_picked":["Malaise","Envenom"],"picked":"Adrenaline","floor":33},{"not_picked":["Dodge and Roll+1","Tactician+1"],"picked":"Footwork+1","floor":35}],"player_experience":195709,"relics_obtained":[{"floor":5.0,"key":"infinitespire:Lucky Rock"},{"floor":9.0,"key":"infinitespire:PuzzleCube"},{"floor":26.0,"key":"Mirror"},{"floor":32.0,"key":"Tiny Chest"}],"event_choices":[{"cards_removed":["Strike_G"],"damage_healed":0.0,"max_hp_gain":0.0,"max_hp_loss":0.0,"gold_gain":0.0,"event_name":"The Cleric","player_choice":"Card Removal","floor":3.0,"gold_loss":50.0,"damage_taken":0.0},{"damage_healed":0.0,"max_hp_gain":0.0,"max_hp_loss":0.0,"gold_gain":0.0,"event_name":"Back to Basics","player_choice":"Simplicity","floor":19.0,"gold_loss":0.0,"damage_taken":0.0,"cards_upgraded":["Strike_G","Strike_G","Strike_G","Defend_G","Defend_G","Defend_G","Defend_G","Defend_G"]},{"damage_healed":0.0,"max_hp_gain":0.0,"max_hp_loss":0.0,"gold_gain":0.0,"event_name":"The Joust","player_choice":"Bet on Murderer","floor":21.0,"gold_loss":50.0,"damage_taken":0.0},{"damage_healed":0,"gold_gain":0,"player_choice":"Max HP","damage_taken":0,"max_hp_gain":0,"max_hp_loss":4,"event_name":"Winding Halls","floor":36,"gold_loss":0},{"damage_healed":0,"gold_gain":100,"player_choice":"Pray","damage_taken":0,"max_hp_gain":0,"max_hp_loss":0,"event_name":"Golden Shrine","floor":37,"gold_loss":0}],"is_beta":false,"boss_relics":[{"not_picked":["Coffee Dripper","SacredBark"],"picked":"conspire:SpecialSausage"},{"not_picked":["aspiration:FutureDiary","aspiration:RunicSpoon"],"picked":"conspire:RoyalGoblet"}],"items_purged_floors":[0,20],"is_endless":false,"potions_floor_spawned":[2,10,11,29,30,33],"killed_by":"3 Shapes","ascension_level":12}}