{"host":"5cnm2qapaqj5mmu7","time":1609782128,"event":{"mods":["BaseMod","Bestiary","Colored Map","Minty Spire (QoL Compilation)","StSLib"],"gold_per_floor":[19,294,308,308,319,319,91,127,150,162,174,207,294,316,328,452,464,499,511,361,385,417,417,451,470,470,479,479,490,510,510,510],"floor_reached":31,"playtime":1851,"items_purged":["Regret","Defend_B"],"score":391,"play_id":"54e5be27-b5dc-4957-b42d-4dde56649b4d","local_time":"20210104184208","is_ascension_mode":true,"campfire_choices":[{"data":"Creative AI","floor":6.0,"key":"SMITH"},{"data":"Hologram","floor":10.0,"key":"SMITH"},{"data":"Chill","floor":11.0,"key":"SMITH"},{"data":"Dualcast","floor":15.0,"key":"SMITH"},{"floor":23.0,"key":"REST"},{"floor":28.0,"key":"REST"}],"circlet_count":0,"master_deck":["Strike_B","Strike_B","Strike_B","Strike_B","Defend_B","Defend_B","Defend_B","Zap","Dualcast+1","Gash","Cold Snap","Creative AI+1","Chill+1","Hologram+1","Gash","Amplify","Double Energy+1","Gash","Defragment","Scrape","Gash+1","Decay"],"relics":["Cracked Core","WingedGreaves","Bag of Preparation","CeramicFish","MawBank","Fusion Hammer","Red Mask","Kunai"],"acts_visited":["Exordium","TheCity"],"potions_floor_usage":[31,31],"damage_taken":[{"damage":6.0,"enemies":"Cultist","floor":1.0,"turns":3.0},{"damage":11.0,"enemies":"Small Slimes","floor":3.0,"turns":3.0},{"damage":1.0,"enemies":"2 Louse","floor":5.0,"turns":2.0},{"damage":15.0,"enemies":"3 Sentries","floor":8.0,"turns":8.0},{"damage":9.0,"enemies":"Red Slaver","floor":12.0,"turns":3.0},{"damage":0.0,"enemies":"2 Fungi Beasts","floor":14.0,"turns":3.0},{"damage":0.0,"enemies":"Hexaghost","floor":16.0,"turns":9.0},{"damage":10.0,"enemies":"Chosen","floor":18.0,"turns":5.0},{"damage":0.0,"enemies":"3 Byrds","floor":21.0,"turns":4.0},{"damage":17.0,"enemies":"Masked Bandits","floor":22.0,"turns":4.0},{"damage":36.0,"enemies":"Slavers","floor":24.0,"turns":7.0},{"damage":14.0,"enemies":"Snake Plant","floor":25.0,"turns":5.0},{"damage":9,"enemies":"Cultist and Chosen","floor":29,"turns":7},{"damage":9,"enemies":"3 Cultists","floor":30,"turns":6},{"damage":27,"enemies":"Book of Stabbing","floor":31,"turns":3}],"seed_played":"-6204025749568211333","potions_obtained":[{"floor":1.0,"key":"FocusPotion"},{"floor":3.0,"key":"GamblersBrew"},{"floor":12.0,"key":"EssenceOfSteel"},{"floor":19.0,"key":"Swift Potion"},{"floor":19.0,"key":"Dexterity Potion"},{"floor":22.0,"key":"FocusPotion"},{"floor":24.0,"key":"Weak Potion"},{"floor":29,"key":"ColorlessPotion"}],"is_trial":false,"path_per_floor":["M","?","M","?","M","R","$","E","T","R","R","M","?","M","R","B",null,"M","?","$","M","?","R","E","M","T","?","R","M","M","E"],"character_chosen":"DEFECT","items_purchased":["Bag of Preparation","Gash","Defragment"],"campfire_rested":2,"item_purchase_floors":[7,20,20],"current_hp_per_floor":[69,69,58,58,57,57,57,42,42,42,42,33,22,22,22,22,75,65,65,65,65,48,70,34,20,20,20,42,33,24,0,0],"gold":510,"neow_bonus":"ONE_RARE_RELIC","is_daily":false,"chose_seed":false,"campfire_upgraded":4,"win_rate":0.0,"timestamp":1609782128,"path_taken":["M","?","?","?","?","R","$","E","T","R","R","M","?","M","R","BOSS","M","?","$","?","?","R","E","M","T","?","R","M","M","E"],"items_purchased_type":["Relic","Card","Card"],"build_version":"2020-12-22","purchased_purges":2,"victory":false,"max_hp_per_floor":[75,75,75,75,75,75,75,75,75,75,75,75,75,75,75,75,75,75,75,75,75,75,75,75,75,75,75,75,75,75,75,75],"card_choices":[{"not_picked":["BootSequence","Streamline"],"picked":"Gash","floor":1.0},{"not_picked":["Go for the Eyes","Turbo"],"picked":"Cold Snap","floor":3.0},{"not_picked":["Barrage","Reprogram"],"picked":"Chill","floor":5.0},{"not_picked":["Barrage","Glacier"],"picked":"Hologram","floor":8.0},{"not_picked":["Steam","Leap"],"picked":"Gash","floor":12.0},{"not_picked":["Turbo","Sunder","Heatsinks"],"picked":"SKIP","floor":14.0},{"not_picked":["Reboot","Biased Cognition"],"picked":"Amplify","floor":16.0},{"not_picked":["Hologram","Compile Driver+1"],"picked":"Double Energy+1","floor":18.0},{"not_picked":["Stack","FTL"],"picked":"Scrape","floor":21.0},{"not_picked":["Storm","Chaos"],"picked":"Gash+1","floor":24.0},{"not_picked":["Hello World","Sweeping Beam","Rip and Tear"],"picked":"SKIP","floor":25.0},{"not_picked":["Scrape+1","Conserve Battery","Steam+1"],"picked":"SKIP","floor":29},{"not_picked":["Cold Snap","Force Field","Reboot"],"picked":"SKIP","floor":30}],"player_experience":543373,"relics_obtained":[{"floor":8.0,"key":"CeramicFish"},{"floor":9.0,"key":"MawBank"},{"floor":22.0,"key":"Red Mask"},{"floor":24.0,"key":"Kunai"}],"event_choices":[{"damage_healed":0.0,"max_hp_gain":0.0,"max_hp_loss":0.0,"gold_gain":275.0,"event_name":"Golden Shrine","player_choice":"Desecrate","floor":2.0,"gold_loss":0.0,"damage_taken":0.0,"cards_obtained":["Regret"]},{"damage_healed":0.0,"max_hp_gain":0.0,"max_hp_loss":0.0,"gold_gain":0.0,"event_name":"Match and Keep!","player_choice":"1 cards matched","floor":4.0,"gold_loss":0.0,"damage_taken":0.0,"cards_obtained":["Creative AI"]},{"damage_healed":0.0,"max_hp_gain":0.0,"max_hp_loss":0.0,"gold_gain":75.0,"event_name":"World of Goop","player_choice":"Gather Gold","floor":13.0,"gold_loss":0.0,"damage_taken":11.0},{"damage_healed":0.0,"max_hp_gain":0.0,"max_hp_loss":0.0,"gold_gain":0.0,"event_name":"Lab","player_choice":"Got Potions","floor":19.0,"gold_loss":0.0,"damage_taken":0.0},{"damage_healed":0.0,"max_hp_gain":0.0,"max_hp_loss":0.0,"gold_gain":0.0,"event_name":"Masked Bandits","player_choice":"Fought Bandits","floor":22.0,"gold_loss":0.0,"damage_taken":0.0},{"damage_healed":0.0,"max_hp_gain":0.0,"max_hp_loss":0.0,"gold_gain":0.0,"event_name":"Forgotten Altar","player_choice":"Smashed Altar","floor":27.0,"gold_loss":0.0,"damage_taken":0.0,"cards_obtained":["Decay"]}],"is_beta":false,"boss_relics":[{"not_picked":["FrozenCore","Ectoplasm"],"picked":"Fusion Hammer"}],"items_purged_floors":[7,20],"is_endless":false,"potions_floor_spawned":[1,3,12,14,22,24,29],"killed_by":"Book of Stabbing","ascension_level":4}}