{"host":"p7j7o00jacnw7qzt","time":1609800051,"event":{"mods":["BaseMod","Colored Map","Colored Powertips","DeckTracker","Highlight Path","Minty Spire (QoL Compilation)","Relic Stats"],"gold_per_floor":[119,44,194,42,60,60,92,92,119,132,461,461,477,503,515,527,527],"floor_reached":16,"playtime":314,"items_purged":["Doubt"],"score":286,"play_id":"31f3ea4b-416c-419a-bed6-14404b90d7ca","local_time":"20210104174051","is_ascension_mode":true,"campfire_choices":[{"data":"Dark Embrace","floor":6,"key":"SMITH"},{"data":"Searing Blow","floor":8,"key":"SMITH"},{"data":"Searing Blow+1","floor":12,"key":"SMITH"},{"data":"Searing Blow+2","floor":15,"key":"SMITH"}],"circlet_count":0,"master_deck":["AscendersBane","Strike_R","Strike_R","Strike_R","Strike_R","Defend_R","Defend_R","Defend_R","Defend_R","Bash","Impervious","Dark Embrace+1","Searing Blow+3","Power Through","Bloodletting"],"relics":["Burning Blood","NeowsBlessing","Bag of Preparation","Potion Belt","Old Coin","MawBank"],"acts_visited":["Exordium"],"potions_floor_usage":[11,14],"damage_taken":[{"damage":0.0,"enemies":"Small Slimes","floor":1.0,"turns":1.0},{"damage":0,"enemies":"2 Louse","floor":5,"turns":1},{"damage":0,"enemies":"3 Sentries","floor":7,"turns":2},{"damage":1,"enemies":"Cultist","floor":10,"turns":3},{"damage":8,"enemies":"Gremlin Nob","floor":11,"turns":3},{"damage":12,"enemies":"Looter","floor":13,"turns":3},{"damage":35,"enemies":"Lagavulin","floor":14,"turns":8},{"damage":32,"enemies":"The Guardian","floor":16,"turns":6}],"seed_played":"-8098542569078186821","potions_obtained":[{"floor":1.0,"key":"Fire Potion"},{"floor":7,"key":"BloodPotion"},{"floor":10,"key":"FearPotion"},{"floor":11,"key":"GamblersBrew"}],"is_trial":false,"path_per_floor":["M","?","?","$","M","R","E","R","T","M","E","R","M","E","R","B"],"character_chosen":"IRONCLAD","items_purchased":["Impervious"],"campfire_rested":0,"item_purchase_floors":[4],"current_hp_per_floor":[74,74,74,74,75,75,75,75,75,75,73,73,67,38,38,6,6],"gold":527,"neow_bonus":"THREE_ENEMY_KILL","is_daily":false,"chose_seed":false,"campfire_upgraded":4,"win_rate":0.0,"timestamp":1609800051,"path_taken":["M","?","?","$","M","R","E","R","T","M","E","R","M","E","R","BOSS"],"items_purchased_type":["Card"],"build_version":"2020-12-22","purchased_purges":1,"victory":false,"max_hp_per_floor":[75,75,75,75,75,75,75,75,75,75,75,75,75,75,75,75,75],"relic_stats":{"counters":[8,27],"Bag of Preparation":[10],"MawBank":24,"obtain_stats":[{"Potion Belt":9,"NeowsBlessing":0,"Bag of Preparation":7,"MawBank":14,"Burning Blood":0,"Old Coin":11},{"Potion Belt":3,"NeowsBlessing":0,"Bag of Preparation":3,"MawBank":7,"Burning Blood":0,"Old Coin":5},{"Potion Belt":4,"NeowsBlessing":0,"Bag of Preparation":4,"MawBank":21,"Burning Blood":0,"Old Coin":10}],"Burning Blood":26},"card_choices":[{"not_picked":["Combust","Clash","Fire Breathing"],"picked":"SKIP","floor":1.0},{"not_picked":["Headbutt","Cleave"],"picked":"Dark Embrace","floor":5},{"not_picked":["Rage","Perfected Strike"],"picked":"Searing Blow","floor":7},{"not_picked":["Iron Wave","Thunderclap"],"picked":"Power Through","floor":10},{"not_picked":["Warcry","Sentinel","Iron Wave"],"picked":"SKIP","floor":11},{"not_picked":["Headbutt","Anger","Heavy Blade"],"picked":"SKIP","floor":13},{"not_picked":["Armaments","Twin Strike"],"picked":"Bloodletting","floor":14}],"player_experience":1001436,"relics_obtained":[{"floor":7,"key":"Bag of Preparation"},{"floor":9,"key":"Potion Belt"},{"floor":11,"key":"Old Coin"},{"floor":14,"key":"MawBank"}],"event_choices":[{"cards_removed":["Strike_R"],"damage_healed":0.0,"max_hp_gain":0.0,"max_hp_loss":0.0,"gold_gain":0.0,"event_name":"The Cleric","player_choice":"Card Removal","floor":2.0,"gold_loss":75.0,"damage_taken":0.0},{"damage_healed":0.0,"max_hp_gain":0.0,"max_hp_loss":0.0,"gold_gain":150.0,"event_name":"Liars Game","player_choice":"AGREE","floor":3.0,"gold_loss":0.0,"damage_taken":0.0,"cards_obtained":["Doubt"]}],"is_beta":false,"boss_relics":[],"items_purged_floors":[4],"is_endless":false,"potions_floor_spawned":[1,7,10,11],"killed_by":"The Guardian","ascension_level":20}}