{"host":"873t0y8ybyo38pfq","time":1609799205,"event":{"mods":["BaseMod","Bestiary","Colored Map","Colored Powertips","Highlight Path","Minty Spire (QoL Compilation)","Quick Restart","RNG Fix","Rare Cards Sparkle","Relic Stats","StSLib"],"gold_per_floor":[117,134,134,45,57,57,74,101,149,177,177,177,177,191,191,266,266,280,306,324,324,324,324],"floor_reached":22,"playtime":545,"items_purged":[],"score":388,"play_id":"17cdc4fb-67dc-43d4-b858-e1af6b662778","local_time":"20210104172645","is_ascension_mode":true,"campfire_choices":[{"data":"Sunder","floor":6,"key":"SMITH"},{"data":"Multi-Cast","floor":11,"key":"SMITH"},{"data":"Zap","floor":13,"key":"SMITH"},{"data":"Redo","floor":15,"key":"SMITH"}],"circlet_count":0,"master_deck":["AscendersBane","Strike_B","Strike_B","Strike_B","Defend_B","Defend_B","Defend_B","Defend_B","Zap+1","Dualcast","Cold Snap","Sunder+1","Auto Shields","Doom and Gloom","Coolheaded","Multi-Cast+1","Reboot","Redo+1","Rainbow","Fission"],"relics":["Cracked Core","NeowsBlessing","Mercury Hourglass","Tiny Chest","PreservedInsect","Nuclear Battery","Red Mask","Nilry\u0027s Codex"],"acts_visited":["Exordium","TheCity"],"potions_floor_usage":[8,10,16,19,19,22],"damage_taken":[{"damage":0,"enemies":"Small Slimes","floor":1,"turns":1},{"damage":0,"enemies":"Cultist","floor":2,"turns":1},{"damage":0,"enemies":"Jaw Worm","floor":5,"turns":1},{"damage":0,"enemies":"Large Slime","floor":7,"turns":4},{"damage":6,"enemies":"3 Sentries","floor":8,"turns":7},{"damage":28,"enemies":"Gremlin Nob","floor":10,"turns":4},{"damage":1,"enemies":"Exordium Thugs","floor":14,"turns":2},{"damage":16,"enemies":"The Guardian","floor":16,"turns":5},{"damage":4,"enemies":"Spheric Guardian","floor":18,"turns":3},{"damage":10,"enemies":"Masked Bandits","floor":19,"turns":2},{"damage":10,"enemies":"3 Byrds","floor":20,"turns":4},{"damage":13,"enemies":"Shelled Parasite and Fungi","floor":22,"turns":8}],"seed_played":"5802695471559141510","potions_obtained":[{"floor":2,"key":"FearPotion"},{"floor":3,"key":"EssenceOfDarkness"},{"floor":3,"key":"DistilledChaos"},{"floor":8,"key":"PowerPotion"},{"floor":14,"key":"SkillPotion"},{"floor":16,"key":"BlessingOfTheForge"},{"floor":20,"key":"Block Potion"}],"is_trial":false,"path_per_floor":["M","M","?","$","M","R","M","E","T","E","R","?","R","M","R","B",null,"M","?","M","?","M"],"character_chosen":"DEFECT","items_purchased":["Sunder"],"campfire_rested":0,"item_purchase_floors":[4],"current_hp_per_floor":[64,64,64,64,64,64,64,58,58,30,30,30,30,29,29,13,57,53,43,33,12,0,0],"gold":324,"neow_bonus":"THREE_ENEMY_KILL","is_daily":false,"chose_seed":false,"campfire_upgraded":4,"win_rate":0.0,"timestamp":1609799205,"path_taken":["M","M","?","$","M","R","M","E","T","E","R","?","R","M","R","BOSS","M","?","M","?","M"],"items_purchased_type":["Card"],"build_version":"2020-12-22","purchased_purges":0,"victory":false,"max_hp_per_floor":[71,71,71,71,71,71,71,71,71,71,71,71,71,71,71,71,71,71,71,71,71,71,71],"relic_stats":{"counters":[12,42],"Tiny Chest":0,"PreservedInsect":0,"obtain_stats":[{"NeowsBlessing":0,"Nilry\u0027s Codex":21,"Tiny Chest":9,"PreservedInsect":10,"Red Mask":19,"Cracked Core":0,"Mercury Hourglass":8,"Nuclear Battery":17},{"NeowsBlessing":0,"Nilry\u0027s Codex":11,"Tiny Chest":5,"PreservedInsect":6,"Red Mask":10,"Cracked Core":0,"Mercury Hourglass":5,"Nuclear Battery":8},{"NeowsBlessing":0,"Nilry\u0027s Codex":34,"Tiny Chest":14,"PreservedInsect":18,"Red Mask":30,"Cracked Core":0,"Mercury Hourglass":14,"Nuclear Battery":25}],"Mercury Hourglass":[86]},"card_choices":[{"not_picked":["Hello World","Beam Cell","Reprogram"],"picked":"SKIP","floor":1},{"not_picked":["Leap","Barrage"],"picked":"Cold Snap","floor":2},{"not_picked":["Rip and Tear","Rebound"],"picked":"Auto Shields","floor":5},{"not_picked":["Barrage","Storm"],"picked":"Doom and Gloom","floor":7},{"not_picked":["Barrage","Beam Cell"],"picked":"Coolheaded","floor":8},{"not_picked":["Darkness","Rebound"],"picked":"Multi-Cast","floor":10},{"not_picked":["Cold Snap","Compile Driver"],"picked":"Redo","floor":14},{"not_picked":["Thunder Strike","Electrodynamics"],"picked":"Rainbow","floor":16},{"not_picked":["Gash","Go for the Eyes","Steam"],"picked":"SKIP","floor":18},{"not_picked":["Darkness","Gash"],"picked":"Fission","floor":20}],"player_experience":1510121,"relics_obtained":[{"floor":8,"key":"Mercury Hourglass"},{"floor":9,"key":"Tiny Chest"},{"floor":10,"key":"PreservedInsect"},{"floor":19,"key":"Red Mask"},{"floor":21,"key":"Nilry\u0027s Codex"}],"event_choices":[{"damage_healed":0,"gold_gain":0,"player_choice":"Got Potions","damage_taken":0,"max_hp_gain":0,"max_hp_loss":0,"event_name":"Lab","floor":3,"gold_loss":0},{"damage_healed":0,"gold_gain":0,"cards_transformed":["Strike_B"],"player_choice":"Transformed","damage_taken":0,"max_hp_gain":0,"max_hp_loss":0,"event_name":"Transmorgrifier","floor":12,"gold_loss":0,"cards_obtained":["Reboot"]},{"damage_healed":0,"gold_gain":0,"player_choice":"Fought Bandits","damage_taken":0,"max_hp_gain":0,"max_hp_loss":0,"event_name":"Masked Bandits","floor":19,"gold_loss":0},{"damage_healed":0,"gold_gain":0,"player_choice":"Obtained Book","damage_taken":21,"max_hp_gain":0,"max_hp_loss":0,"event_name":"Cursed Tome","floor":21,"gold_loss":0}],"is_beta":false,"boss_relics":[{"not_picked":["Runic Dome","Tiny House"],"picked":"Nuclear Battery"}],"items_purged_floors":[],"is_endless":false,"potions_floor_spawned":[2,5,8,14,16,20],"killed_by":"Shelled Parasite and Fungi","ascension_level":20}}