{"host":"m6h67kf6cz80m3yv","time":1609799668,"event":{"mods":["Bartender","BaseMod","Better Third Choice","BetterRewards","CatGirl Mod","Colored Powertips","Downfall","Duelist Mod","Hermit","Marisa????????","Minty Spire (QoL Compilation)","Prisma Mod","Quick Restart","Shade Mod","Shop Mod","StSLib","SuperFastMode","The Dragon Tamer","The Marked","The Servant 0.9.4"],"gold_per_floor":[110,124,143,318,334,368,382,413,413,430,442,392,392,392,392,495,495,513,530,530,543,393,426,443,469,469,469,469,469,498,511,511,609,609,623,623,676,115,115,141,141,151,174,174,190,224,240,251,251,251,251],"floor_reached":50,"playtime":2225,"items_purged":[],"score":785,"play_id":"b3467135-1625-44ca-9f6f-a10d1f07bac5","local_time":"20210104203428","is_ascension_mode":true,"campfire_choices":[{"floor":13.0,"key":"REST"},{"floor":15.0,"key":"REST"},{"floor":27.0,"key":"REST"},{"floor":29.0,"key":"REST"},{"data":"1","floor":32.0,"key":"LIFT"},{"floor":44.0,"key":"REST"},{"floor":49,"key":"REST"}],"circlet_count":0,"master_deck":["theMarked:Strike","theMarked:Strike","theMarked:Strike","theMarked:Defend","theMarked:Defend","theMarked:Defend","theMarked:Defend","theMarked:SoldierOfQuellstein","theMarked:EmpowerWeapon","theMarked:EmpowerWeapon","theMarked:Challenge","theMarked:ParalyzingBlade","theMarked:MysticalArsenal","theMarked:DeterminationOfTheMarked","theMarked:Abjuration","theMarked:Parkour","theMarked:Abjuration","theMarked:Vacuum","theMarked:SelfDefenseTraining","theMarked:BanishingWave","theMarked:Generate","theMarked:Levitate","theMarked:Aftermath","Madness","Madness","theMarked:EmpowerWeapon+1","Apotheosis","theMarked:BindingBlade","expansioncontent:YouAreMine","theMarked:SwordAndMagic","theMarked:EternalStudent","theMarked:Generate+1"],"relics":["theMarked:ArtifactOfAir","Ice Cream","StrikeDummy","Toolbox","Ornamental Fan","Choco_Feather","theMarked:VonisonLock","SlaversCollar","DollysMirror","Prayer Wheel","Bottled Flame","Pen Nib","Girya","theMarked:SpiritSword","theMarked:SecretDocuments","PreservedInsect","Toy Ornithopter","Orichalcum","MealTicket"],"acts_visited":["Exordium","TheCity","TheBeyond"],"potions_floor_usage":[50,50,50],"damage_taken":[{"damage":1.0,"enemies":"Jaw Worm","floor":1.0,"turns":2.0},{"damage":0.0,"enemies":"Small Slimes","floor":2.0,"turns":2.0},{"damage":0.0,"enemies":"Cultist","floor":3.0,"turns":2.0},{"damage":0.0,"enemies":"Looter","floor":5.0,"turns":3.0},{"damage":16.0,"enemies":"3 Sentries","floor":6.0,"turns":8.0},{"damage":7.0,"enemies":"Blue Slaver","floor":7.0,"turns":2.0},{"damage":4.0,"enemies":"Lagavulin","floor":8.0,"turns":5.0},{"damage":0.0,"enemies":"Large Slime","floor":10.0,"turns":5.0},{"damage":0.0,"enemies":"Looter","floor":11.0,"turns":2.0},{"damage":22.0,"enemies":"Slime Boss","floor":16.0,"turns":7.0},{"damage":12.0,"enemies":"2 Thieves","floor":18.0,"turns":5.0},{"damage":8.0,"enemies":"Shell Parasite","floor":19.0,"turns":3.0},{"damage":11.0,"enemies":"Cultist and Chosen","floor":21.0,"turns":7.0},{"damage":17.0,"enemies":"theDuelist:KaibaA2","floor":23.0,"turns":4.0},{"damage":10.0,"enemies":"3 Cultists","floor":24.0,"turns":5.0},{"damage":5.0,"enemies":"Slavers","floor":25.0,"turns":3.0},{"damage":5.0,"enemies":"Gremlin Leader","floor":30.0,"turns":4.0},{"damage":1.0,"enemies":"Snecko","floor":31.0,"turns":3.0},{"damage":17.0,"enemies":"Automaton","floor":33.0,"turns":7.0},{"damage":5.0,"enemies":"3 Shapes","floor":35.0,"turns":3.0},{"damage":35.0,"enemies":"2 Orb Walkers","floor":37.0,"turns":5.0},{"damage":13.0,"enemies":"Reptomancer","floor":40.0,"turns":4.0},{"damage":0.0,"enemies":"Orb Walker","floor":42.0,"turns":2.0},{"damage":14.0,"enemies":"Sphere and 2 Shapes","floor":45.0,"turns":4.0},{"damage":31.0,"enemies":"Nemesis","floor":46.0,"turns":3.0},{"damage":1,"enemies":"4 Shapes","floor":47,"turns":6},{"damage":6,"enemies":"Spire Growth","floor":48,"turns":3},{"damage":43,"enemies":"Time Eater","floor":50,"turns":5}],"seed_played":"-6382936146645776573","potions_obtained":[{"floor":5.0,"key":"SteroidPotion"},{"floor":6.0,"key":"DuplicationPotion"},{"floor":11.0,"key":"sneckomod:MuddlingPotion"},{"floor":16.0,"key":"Explosive Potion"},{"floor":21.0,"key":"PowerPotion"},{"floor":24.0,"key":"Strength Potion"},{"floor":30.0,"key":"Ancient Potion"},{"floor":31.0,"key":"SkillPotion"},{"floor":33.0,"key":"LiquidMemories"},{"floor":35.0,"key":"EssenceOfSteel"},{"floor":45.0,"key":"Block Potion"},{"floor":46.0,"key":"LiquidBronze"}],"is_trial":false,"path_per_floor":["M","M","M","?","M","E","M","E","T","M","M","?","R","?","R","B",null,"M","M","?","M","$","E","M","E","T","R","?","R","E","M","R","B",null,"M","?","?","$","?","E","?","M","T","R","M","E","M","M","R","B"],"character_chosen":"THE_DEFAULT","items_purchased":["StrikeDummy","Toolbox","DollysMirror","PreservedInsect","Apotheosis","theMarked:BindingBlade","expansioncontent:YouAreMine"],"campfire_rested":6,"item_purchase_floors":[0,0,22,38,38,38,38],"current_hp_per_floor":[46,46,46,46,46,30,23,19,19,19,19,19,40,40,61,39,70,58,50,50,39,39,22,12,7,7,28,28,49,44,43,43,26,70,65,56,21,21,61,48,48,48,48,61,47,16,15,9,27,0,0],"gold":251,"neow_bonus":"","is_daily":false,"chose_seed":false,"campfire_upgraded":0,"win_rate":0.0,"timestamp":1609799668,"path_taken":["M","M","M","?","M","E","M","E","T","M","M","?","R","?","R","BOSS","M","M","?","M","$","E","M","E","T","R","?","R","E","M","R","BOSS","M","?","?","$","?","E","?","M","T","R","M","E","M","M","R","BOSS"],"items_purchased_type":["Relic","Relic","Relic","Relic","Card","Card","Card"],"build_version":"2020-12-22","purchased_purges":0,"victory":false,"max_hp_per_floor":[70,70,70,70,70,70,70,70,70,70,70,70,70,70,70,70,70,70,70,70,70,70,70,70,70,70,70,70,70,70,70,70,70,70,70,70,70,70,61,61,61,61,61,61,61,61,61,61,61,61,61],"card_choices":[{"not_picked":["theMarked:HeightenedSenses","theMarked:TwofoldDefense"],"picked":"theMarked:EmpowerWeapon","floor":1.0},{"not_picked":["theMarked:Indomitable","theMarked:Frustration","theMarked:Overcharge"],"picked":"SKIP","floor":2.0},{"not_picked":["theMarked:GodGivenPower","theMarked:MysticalArsenal"],"picked":"theMarked:EmpowerWeapon","floor":3.0},{"not_picked":["theMarked:Panic","theMarked:HeightenedSenses","theMarked:Standoff"],"picked":"SKIP","floor":5.0},{"not_picked":["theMarked:LightningStrikesTwice","theMarked:Parry","theMarked:AttractMetal"],"picked":"SKIP","floor":6.0},{"not_picked":["theMarked:Frustration","theMarked:Improvise"],"picked":"theMarked:Challenge","floor":7.0},{"not_picked":["theMarked:DeterminationOfTheMarked","theMarked:ChainLightning"],"picked":"theMarked:ParalyzingBlade","floor":8.0},{"not_picked":["theMarked:WastefulAttack","theMarked:Polarize"],"picked":"theMarked:MysticalArsenal","floor":10.0},{"not_picked":["theMarked:RepellingDischarge","theMarked:ContemptForTheProud","theMarked:Frustration"],"picked":"SKIP","floor":11.0},{"not_picked":["theMarked:ChannelForce","theMarked:Snap"],"picked":"theMarked:Abjuration","floor":16.0},{"not_picked":["theMarked:HeightenedSenses","theMarked:KeepCalmAndFightOn"],"picked":"theMarked:Parkour","floor":18.0},{"not_picked":["theMarked:WastefulDefense","theMarked:HeightenedSenses+1","theMarked:BanishingStrike"],"picked":"SKIP","floor":19.0},{"not_picked":["theMarked:Frustration+1","theMarked:ResourceFulStrike","theMarked:WastefulAttack"],"picked":"SKIP","floor":21.0},{"not_picked":["theMarked:DeterminationOfTheMarked","theMarked:ElectricStrings"],"picked":"theMarked:Vacuum","floor":23.0},{"not_picked":["theMarked:TwofoldDefense","theMarked:Frustration"],"picked":"theMarked:SelfDefenseTraining","floor":24.0},{"not_picked":["theMarked:RepellingDischarge","theMarked:MysticalArsenal","theMarked:Frustration"],"picked":"SKIP","floor":24.0},{"not_picked":["theMarked:RepellingDischarge","theMarked:BanishingStrike"],"picked":"theMarked:BanishingWave","floor":25.0},{"not_picked":["theMarked:Parkour","theMarked:ThrowWeapon","theMarked:ResourceFulStrike"],"picked":"SKIP","floor":30.0},{"not_picked":["theMarked:WastefulDefense","theMarked:PowerFlow"],"picked":"theMarked:Generate","floor":31.0},{"not_picked":["theMarked:TwofoldDefense","theMarked:WastefulAttack","theMarked:EmpowerWeapon"],"picked":"SKIP","floor":31.0},{"not_picked":["theMarked:DispelDoubt","theMarked:MuscleMemory"],"picked":"theMarked:Levitate","floor":33.0},{"not_picked":["theMarked:HeritageOfTheMarked","theMarked:RepellingDischarge"],"picked":"theMarked:Aftermath","floor":35.0},{"not_picked":["theMarked:Improvise+1","theMarked:BanishingWave+1","theMarked:Parry"],"picked":"SKIP","floor":35.0},{"not_picked":["theMarked:Aftermath+1","theMarked:WastefulAttack+1"],"picked":"theMarked:EmpowerWeapon+1","floor":37.0},{"not_picked":["theMarked:EnhanceMovement+1","theMarked:ChainLightning","theMarked:BanishingWave"],"picked":"SKIP","floor":40.0},{"not_picked":["theMarked:AttractMetal","theMarked:ResourceFulStrike+1"],"picked":"theMarked:SwordAndMagic","floor":42.0},{"not_picked":["theMarked:Parkour+1","theMarked:ChainLightning","theMarked:PowerFlow"],"picked":"SKIP","floor":42.0},{"not_picked":["theMarked:Parkour+1","theMarked:Levitate","theMarked:ChainLightning"],"picked":"SKIP","floor":45.0},{"not_picked":["theMarked:BanishingStrike+1","theMarked:Aftermath","theMarked:Electrocute+1"],"picked":"SKIP","floor":45.0},{"not_picked":["theMarked:StartUp","theMarked:LightningStrikesTwice"],"picked":"theMarked:EternalStudent","floor":46.0},{"not_picked":["theMarked:WardOff","theMarked:Panic"],"picked":"theMarked:Generate+1","floor":47},{"not_picked":["theMarked:WastefulAttack+1","theMarked:Indomitable+1","theMarked:Standoff"],"picked":"SKIP","floor":47},{"not_picked":["theMarked:WardOff","theMarked:Electrocute+1","theMarked:RepellingDischarge+1"],"picked":"SKIP","floor":48},{"not_picked":["theMarked:BanishingStrike+1","theMarked:ElectricStrings","theMarked:Overthink"],"picked":"SKIP","floor":48}],"player_experience":331965,"relics_obtained":[{"floor":6.0,"key":"Ornamental Fan"},{"floor":8.0,"key":"Choco_Feather"},{"floor":9.0,"key":"theMarked:VonisonLock"},{"floor":23.0,"key":"Prayer Wheel"},{"floor":25.0,"key":"Bottled Flame"},{"floor":26.0,"key":"Pen Nib"},{"floor":30.0,"key":"Girya"},{"floor":37.0,"key":"theMarked:SecretDocuments"},{"floor":40.0,"key":"Toy Ornithopter"},{"floor":43.0,"key":"Orichalcum"},{"floor":46.0,"key":"MealTicket"}],"event_choices":[{"damage_healed":0.0,"max_hp_gain":0.0,"max_hp_loss":0.0,"gold_gain":175.0,"event_name":"betterThird:BetterSerpent","player_choice":"AGREE","floor":4.0,"gold_loss":0.0,"damage_taken":143.0},{"cards_removed":["Doubt"],"damage_healed":0.0,"max_hp_gain":0.0,"max_hp_loss":0.0,"gold_gain":0.0,"event_name":"The Cleric","player_choice":"Card Removal","floor":12.0,"gold_loss":50.0,"damage_taken":0.0},{"damage_healed":0.0,"max_hp_gain":0.0,"max_hp_loss":0.0,"gold_gain":0.0,"cards_transformed":["theMarked:Strike"],"event_name":"Transmorgrifier","player_choice":"Transformed","floor":14.0,"gold_loss":0.0,"damage_taken":0.0,"cards_obtained":["theMarked:DeterminationOfTheMarked"]},{"damage_healed":0.0,"max_hp_gain":0.0,"max_hp_loss":0.0,"gold_gain":0.0,"event_name":"Beggar","player_choice":"Ignored","floor":20.0,"gold_loss":0.0,"damage_taken":0.0},{"damage_healed":0.0,"max_hp_gain":0.0,"max_hp_loss":0.0,"gold_gain":0.0,"event_name":"Winding Halls","player_choice":"Embrace Madness","floor":36.0,"gold_loss":0.0,"damage_taken":9.0,"cards_obtained":["Madness","Madness"]},{"damage_healed":0.0,"max_hp_gain":0.0,"max_hp_loss":0.0,"gold_gain":0.0,"event_name":"Mysterious Sphere","player_choice":"Fight","floor":37.0,"gold_loss":0.0,"damage_taken":0.0},{"damage_healed":61.0,"max_hp_gain":0.0,"max_hp_loss":9.0,"gold_gain":0.0,"event_name":"The Moai Head","player_choice":"Heal","floor":39.0,"gold_loss":0.0,"damage_taken":0.0},{"cards_removed":["theMarked:Strike"],"damage_healed":0.0,"max_hp_gain":0.0,"max_hp_loss":0.0,"gold_gain":0.0,"event_name":"Falling","player_choice":"Removed Attack","floor":41.0,"gold_loss":0.0,"damage_taken":0.0}],"is_beta":false,"boss_relics":[{"not_picked":["Snecko Eye","Astrolabe"],"picked":"SlaversCollar"},{"not_picked":["Tiny House","Velvet Choker"],"picked":"theMarked:SpiritSword"}],"items_purged_floors":[],"is_endless":false,"potions_floor_spawned":[5,6,11,16,21,24,30,31,33,35,45,46,48],"killed_by":"Time Eater","ascension_level":1}}