{"host":"a6uhpg2a2i425edt","time":1609754682,"event":{"mods":["Arknights The Spire","BaseMod","Colored Map","Minty Spire (QoL Compilation)","StSLib"],"gold_per_floor":[10,20,20,20,38,81,81,100,100,125,125,166,196,232,232,232,232],"floor_reached":16,"playtime":331,"items_purged":[],"score":120,"play_id":"b05ddee6-77d3-4c56-a195-c51324d4d778","local_time":"20210104180442","is_ascension_mode":false,"campfire_choices":[{"data":"Defragment","floor":7.0,"key":"SMITH"},{"data":"Reinforced Body","floor":11.0,"key":"SMITH"},{"data":"Loop","floor":15,"key":"SMITH"}],"circlet_count":0,"master_deck":["Strike_B","Strike_B","Strike_B","Defend_B","Defend_B","Defend_B","Defend_B","Zap","Dualcast","Loop+1","Ball Lightning","Multi-Cast","Hello World","Defragment+1","Reinforced Body+1","Echo Form"],"relics":["Cracked Core","Shovel","Golden Idol","DataDisk","White Beast Statue","Frozen Egg 2","Ancient Tea Set"],"acts_visited":["Exordium"],"potions_floor_usage":[16,16],"damage_taken":[{"damage":0.0,"enemies":"Small Slimes","floor":1.0,"turns":2.0},{"damage":4.0,"enemies":"2 Louse","floor":2.0,"turns":2.0},{"damage":0.0,"enemies":"Cultist","floor":5.0,"turns":2.0},{"damage":14.0,"enemies":"Lagavulin","floor":6.0,"turns":6.0},{"damage":7.0,"enemies":"Blue Slaver","floor":8.0,"turns":3.0},{"damage":10.0,"enemies":"Looter","floor":10.0,"turns":3.0},{"damage":13.0,"enemies":"Gremlin Nob","floor":12.0,"turns":4.0},{"damage":18,"enemies":"3 Sentries","floor":14,"turns":5},{"damage":0,"enemies":"The Guardian","floor":16,"turns":4}],"seed_played":"8248565900304787099","potions_obtained":[{"floor":2.0,"key":"Energy Potion"},{"floor":10.0,"key":"Fruit Juice"},{"floor":14,"key":"LiquidMemories"}],"is_trial":false,"path_per_floor":["M","M","?","?","M","E","R","M","T","M","R","E","?","E","R","B"],"character_chosen":"DEFECT","items_purchased":[],"campfire_rested":0,"item_purchase_floors":[],"current_hp_per_floor":[75,71,69,69,69,55,55,48,48,43,43,30,30,12,12,12,12],"gold":232,"neow_bonus":"ONE_RARE_RELIC","is_daily":false,"chose_seed":false,"campfire_upgraded":3,"win_rate":0.0,"timestamp":1609754682,"path_taken":["M","M","?","?","M","E","R","M","T","?","R","E","?","E","R","BOSS"],"items_purchased_type":[],"build_version":"2020-12-22","purchased_purges":0,"victory":false,"max_hp_per_floor":[75,75,69,69,69,69,69,69,69,74,74,74,74,74,74,74,74],"card_choices":[{"not_picked":["Compile Driver","Go for the Eyes"],"picked":"Loop","floor":1.0},{"not_picked":["Steam","Conserve Battery"],"picked":"Ball Lightning","floor":2.0},{"not_picked":["Rebound","Barrage"],"picked":"Hello World","floor":5.0},{"not_picked":["Rebound","Stack"],"picked":"Defragment","floor":6.0},{"not_picked":["Turbo","Redo","Blizzard"],"picked":"SKIP","floor":8.0},{"not_picked":["Skim","Stack"],"picked":"Reinforced Body","floor":10.0},{"not_picked":["Go for the Eyes","Steam"],"picked":"Echo Form","floor":12.0},{"not_picked":["BootSequence","Melter","Darkness"],"picked":"SKIP","floor":14}],"player_experience":410121,"relics_obtained":[{"floor":6.0,"key":"DataDisk"},{"floor":12.0,"key":"White Beast Statue"},{"floor":14,"key":"Ancient Tea Set"}],"event_choices":[{"damage_healed":0.0,"max_hp_gain":0.0,"max_hp_loss":6.0,"gold_gain":0.0,"event_name":"Golden Idol","player_choice":"Lose Max HP","floor":3.0,"gold_loss":0.0,"damage_taken":0.0,"relics_obtained":["Golden Idol"]},{"damage_healed":0.0,"max_hp_gain":0.0,"max_hp_loss":0.0,"gold_gain":0.0,"cards_transformed":["Strike_B"],"event_name":"Transmorgrifier","player_choice":"Transformed","floor":4.0,"gold_loss":0.0,"damage_taken":0.0,"cards_obtained":["Multi-Cast"]},{"damage_healed":0.0,"max_hp_gain":0.0,"max_hp_loss":0.0,"gold_gain":30.0,"event_name":"Dead Adventurer","player_choice":"Searched \u00273\u0027 times","floor":13.0,"gold_loss":0.0,"damage_taken":0.0,"relics_obtained":["Frozen Egg 2"]}],"is_beta":false,"boss_relics":[],"items_purged_floors":[],"is_endless":false,"potions_floor_spawned":[2,10,14],"killed_by":"The Guardian","ascension_level":0}}