{"host":"ylxam20yo7j5dy26","time":1609761393,"event":{"mods":["ATMod(°¢èªMod)","Act Like it!","BaseMod","Conspire","Downfall","Gensokyo","Infinite Spire","Minty Spire (QoL Compilation)","Quick Restart","Replay The Spire","StSLib","UnlockEverythingMod","vexMod","¡¾ÒÅÎï¿¨ÅÆ¡¿REMEMod"],"gold_per_floor":[109,109,124,141,116,175,40,40,40,135,135,152,166,166,166,265,265,281,299,11,29,29,29,40,69,95,95,95,95,107,107,107],"floor_reached":31,"playtime":2264,"items_purged":["Strike_P","Defend_P"],"score":305,"play_id":"5b511459-7f9f-41af-999a-771a6cb747bb","local_time":"20210104195633","is_ascension_mode":false,"campfire_choices":[{"floor":8.0,"key":"RECALL"},{"floor":11.0,"key":"REST"},{"data":"Gensokyo:BuddhistDiamond","floor":15.0,"key":"SMITH"},{"floor":23.0,"key":"REST"},{"floor":29,"key":"REST"}],"circlet_count":0,"master_deck":["Strike_P","Strike_P","Defend_P","Defend_P","Defend_P","Eruption","Vigilance","AT_DivineConfetti","Gensokyo:BuddhistDiamond+1","Replay:ManipulateFuture","Pray","Prostrate","Replay:Vibes","Replay:Vibes","DeceiveReality","ReachHeaven","LessonLearned","Replay:LoomingThreat","CutThroughFate","Tantrum","FearNoEvil","Adaptation","EmptyFist","Replay:Anticipation"],"relics":["PureWater","AT_ATBox","REME_ComplimentaryCards","NeowsBlessing","Replay:Rubber Ducky","Simple Rune","Replay:Bronze Core","vexMod:RedPlottingStone","REME_HandOfSuture","Tiny Chest","Damaru","vexMod:Spyglass"],"acts_visited":["Exordium","TheCity"],"potions_floor_usage":[24,24,24],"damage_taken":[{"damage":0.0,"enemies":"Cultist","floor":1.0,"turns":1.0},{"damage":0.0,"enemies":"2 Louse","floor":3.0,"turns":1.0},{"damage":0.0,"enemies":"Small Slimes","floor":4.0,"turns":1.0},{"damage":26.0,"enemies":"Gremlin Nob","floor":6.0,"turns":4.0},{"damage":4.0,"enemies":"2 Fungi Beasts","floor":12.0,"turns":8.0},{"damage":0.0,"enemies":"Large Slime","floor":13.0,"turns":3.0},{"damage":30.0,"enemies":"The Guardian","floor":16.0,"turns":15.0},{"damage":12.0,"enemies":"Spheric Guardian","floor":18.0,"turns":5.0},{"damage":25.0,"enemies":"3 Byrds","floor":19.0,"turns":5.0},{"damage":19.0,"enemies":"Centurion and Healer","floor":21.0,"turns":4.0},{"damage":10,"enemies":"3 Cultists","floor":24,"turns":4},{"damage":0,"enemies":"Slavers","floor":25,"turns":1},{"damage":14,"enemies":"Sentry and Sphere","floor":30,"turns":4},{"damage":47,"enemies":"Cultist and Chosen","floor":31,"turns":6}],"seed_played":"-1775792128162370583","potions_obtained":[{"floor":3.0,"key":"REME_GoldPotion"},{"floor":4.0,"key":"ColorlessPotion"},{"floor":12.0,"key":"DistilledChaos"},{"floor":14.0,"key":"BottledMiracle"},{"floor":14.0,"key":"PowerPotion"},{"floor":19.0,"key":"SpeedPotion"},{"floor":21.0,"key":"LiquidMemories"},{"floor":24,"key":"Venom Potion"}],"is_trial":false,"path_per_floor":["M","$","M","M","?","E","$","R","T","?","R","M","M","?","R","B",null,"M","M","$","M","?","R","M","E","T","?","AVR","R","M","M"],"character_chosen":"WATCHER","items_purchased":["Replay:Vibes","vexMod:RedPlottingStone"],"campfire_rested":3,"item_purchase_floors":[7,20],"current_hp_per_floor":[72,72,72,72,72,52,52,52,52,21,44,40,40,40,40,10,78,66,41,41,22,22,45,35,35,35,35,35,58,44,0,0],"gold":107,"neow_bonus":"THREE_ENEMY_KILL","is_daily":false,"chose_seed":false,"campfire_upgraded":1,"win_rate":0.0,"timestamp":1609761393,"path_taken":["M","?","M","M","?","E","$","R","T","?","R","M","M","?","R","BOSS","M","M","$","M","?","R","M","E","T","?","AVR","R","M","M"],"items_purchased_type":["Card","Relic"],"build_version":"2020-12-22","purchased_purges":2,"victory":false,"max_hp_per_floor":[72,72,72,72,72,78,78,78,78,78,78,78,78,78,78,78,78,78,78,78,78,78,78,78,78,78,78,78,78,78,78,78],"card_choices":[{"not_picked":["BowlingBash","Evaluate"],"picked":"Replay:ManipulateFuture","floor":1.0},{"not_picked":["MentalFortress","Replay:AtTheReady"],"picked":"Pray","floor":3.0},{"not_picked":["BowlingBash","Replay:DivineShield"],"picked":"JustLucky","floor":4.0},{"not_picked":["Adaptation","FlyingSleeves"],"picked":"Prostrate","floor":6.0},{"not_picked":["FlyingSleeves","Replay:AtTheReady"],"picked":"DeceiveReality","floor":10.0},{"not_picked":["ClearTheMind","Weave"],"picked":"ReachHeaven","floor":12.0},{"not_picked":["WreathOfFlame","Replay:AtTheReady"],"picked":"LessonLearned","floor":13.0},{"not_picked":["ConjureBlade","Replay:AllIn"],"picked":"Replay:LoomingThreat","floor":16.0},{"not_picked":["Evaluate","FollowUp"],"picked":"CutThroughFate","floor":18.0},{"not_picked":["SignatureMove","FollowUp"],"picked":"Tantrum","floor":19.0},{"not_picked":["Alpha","Collect","REME_Repentance+1"],"picked":"SKIP","floor":21.0},{"not_picked":["FlyingSleeves+1","Prostrate+1"],"picked":"EmptyFist","floor":24},{"not_picked":["Adaptation","PathToVictory"],"picked":"Replay:Anticipation","floor":25},{"not_picked":["Crescendo","EmptyFist","Protect+1"],"picked":"SKIP","floor":30}],"player_experience":27786,"relics_obtained":[{"floor":6.0,"key":"vexMod:BerryBomb"},{"floor":9.0,"key":"Replay:Rubber Ducky"},{"floor":10.0,"key":"Simple Rune"},{"floor":25,"key":"REME_HandOfSuture"},{"floor":26,"key":"Tiny Chest"}],"event_choices":[{"damage_healed":0.0,"max_hp_gain":0.0,"max_hp_loss":0.0,"gold_gain":0.0,"event_name":"Lab","player_choice":"Got Potions","floor":14.0,"gold_loss":0.0,"damage_taken":0.0},{"damage_healed":0.0,"max_hp_gain":0.0,"max_hp_loss":0.0,"gold_gain":0.0,"cards_transformed":["JustLucky","Strike_P"],"event_name":"Drug Dealer","player_choice":"Became Test Subject","floor":22.0,"gold_loss":0.0,"damage_taken":0.0,"cards_obtained":["FearNoEvil","Adaptation"]},{"damage_healed":0,"gold_gain":0,"player_choice":"Opened","damage_taken":0,"relics_obtained":["Damaru"],"max_hp_gain":0,"max_hp_loss":0,"event_name":"The Mausoleum","floor":27,"gold_loss":0}],"is_beta":false,"boss_relics":[{"not_picked":["Replay:Grab Bag","Replay:Ancient Bell"],"picked":"Replay:Bronze Core"}],"items_purged_floors":[7,28],"is_endless":false,"potions_floor_spawned":[3,4,12,19,21,24],"killed_by":"Cultist and Chosen","ascension_level":0}}