{"host":"1hv1kueuvc4r3rdp","time":1609731561,"event":{"mods":["AchievementEnabler","BaseMod","DeckTracker","Highlight Path","Minty Spire (QoL Compilation)","Permanent Neow","StSLib"],"gold_per_floor":[113,131,147,158,178,178,203,220,272,272,127,127,154,169,169,265,265,281,191,202,218,40,40,74,74,101,120,70,85,100,133,133,235,235,254,254,254],"floor_reached":36,"playtime":2548,"items_purged":["Strike_B","Strike_B","Strike_B"],"score":610,"play_id":"2fc16837-8653-4a51-ab78-4a63e98c1891","local_time":"20210103213921","is_ascension_mode":true,"campfire_choices":[{"data":"Cold Snap","floor":6,"key":"SMITH"},{"data":"Undo","floor":10,"key":"SMITH"},{"data":"Zap","floor":12,"key":"SMITH"},{"floor":15,"key":"REST"},{"floor":23,"key":"REST"},{"floor":25,"key":"REST"},{"data":"Echo Form","floor":32,"key":"SMITH"}],"circlet_count":0,"master_deck":["Strike_B","Defend_B","Defend_B","Defend_B","Defend_B","Zap+1","Dualcast","Cold Snap+1","Compile Driver","Ball Lightning","Leap","Auto Shields","Undo+1","Capacitor","Go for the Eyes","Machine Learning","Consume+1","Capacitor+1","Coolheaded","Doom and Gloom","Echo Form+1","CurseOfTheBell"],"relics":["FrozenCore","CaptainsWheel","Art of War","Anchor","Pear","Singing Bowl","Smiling Mask","Centennial Puzzle","Calling Bell","Oddly Smooth Stone","Sundial","Gambling Chip"],"acts_visited":["Exordium","TheCity","TheBeyond"],"potions_floor_usage":[35,36],"damage_taken":[{"damage":0,"enemies":"Cultist","floor":1,"turns":4},{"damage":0,"enemies":"Small Slimes","floor":2,"turns":3},{"damage":7,"enemies":"Jaw Worm","floor":3,"turns":4},{"damage":1,"enemies":"3 Louse","floor":4,"turns":4},{"damage":1,"enemies":"Exordium Thugs","floor":5,"turns":5},{"damage":6,"enemies":"3 Sentries","floor":7,"turns":7},{"damage":9,"enemies":"Gremlin Gang","floor":8,"turns":4},{"damage":17,"enemies":"Gremlin Nob","floor":13,"turns":5},{"damage":0,"enemies":"Looter","floor":14,"turns":3},{"damage":8,"enemies":"Slime Boss","floor":16,"turns":11},{"damage":22,"enemies":"Chosen","floor":18,"turns":5},{"damage":8,"enemies":"2 Thieves","floor":19,"turns":5},{"damage":3,"enemies":"Cultist and Chosen","floor":20,"turns":7},{"damage":0,"enemies":"Centurion and Healer","floor":21,"turns":9},{"damage":17,"enemies":"Slavers","floor":24,"turns":11},{"damage":8,"enemies":"Snecko","floor":27,"turns":6},{"damage":4,"enemies":"Snake Plant","floor":29,"turns":7},{"damage":0,"enemies":"Centurion and Healer","floor":30,"turns":11},{"damage":8,"enemies":"Gremlin Leader","floor":31,"turns":8},{"damage":18,"enemies":"Collector","floor":33,"turns":10},{"damage":0,"enemies":"3 Shapes","floor":35,"turns":7},{"damage":88,"enemies":"2 Orb Walkers","floor":36,"turns":6}],"seed_played":"-2028365875279148716","potions_obtained":[{"floor":5,"key":"AttackPotion"},{"floor":7,"key":"SkillPotion"},{"floor":8,"key":"AttackPotion"}],"is_trial":false,"path_per_floor":["M","M","M","M","M","R","E","M","T","R","$","R","E","M","R","B",null,"M","M","M","M","$","R","E","R","T","M","$","M","M","E","R","B",null,"M","?"],"character_chosen":"DEFECT","items_purchased":["Capacitor","Doom and Gloom"],"campfire_rested":3,"item_purchase_floors":[11,22],"current_hp_per_floor":[68,68,61,60,59,59,53,44,44,44,44,44,37,37,60,52,72,50,42,39,39,39,62,45,68,68,62,62,60,62,56,56,40,76,78,0,0],"gold":254,"neow_bonus":"ONE_RARE_RELIC","is_daily":false,"chose_seed":false,"campfire_upgraded":4,"win_rate":0.0,"timestamp":1609731561,"path_taken":["M","M","M","M","M","R","E","M","T","R","$","R","E","M","R","BOSS","M","M","M","M","$","R","E","R","T","M","$","M","?","E","R","BOSS","M","?"],"items_purchased_type":["Card","Card"],"build_version":"2020-12-22","purchased_purges":3,"victory":false,"max_hp_per_floor":[68,68,68,68,68,68,68,68,68,68,68,68,78,78,78,78,78,78,78,78,78,78,78,78,78,78,80,80,82,84,86,86,88,88,90,90,90],"card_choices":[{"not_picked":["Beam Cell","Defragment"],"picked":"Cold Snap","floor":1},{"not_picked":["Storm","Rip and Tear"],"picked":"Compile Driver","floor":2},{"not_picked":["Leap","Barrage"],"picked":"Ball Lightning","floor":3},{"not_picked":["Genetic Algorithm","Loop"],"picked":"Leap","floor":4},{"not_picked":["Coolheaded","Steam"],"picked":"Auto Shields","floor":5},{"not_picked":["Compile Driver","All For One"],"picked":"Undo","floor":7},{"not_picked":["Reinforced Body","Barrage","Steam"],"picked":"SKIP","floor":8},{"not_picked":["Scrape","Force Field","Rip and Tear"],"picked":"SKIP","floor":13},{"not_picked":["Streamline","Barrage"],"picked":"Go for the Eyes","floor":14},{"not_picked":["Thunder Strike","Core Surge"],"picked":"Machine Learning","floor":16},{"not_picked":["Conserve Battery","Turbo"],"picked":"Consume+1","floor":18},{"not_picked":["Barrage","Hologram"],"picked":"Capacitor+1","floor":19},{"not_picked":["Gash","Hologram","BootSequence"],"picked":"SKIP","floor":20},{"not_picked":["BootSequence","Double Energy"],"picked":"Coolheaded","floor":21},{"not_picked":["Compile Driver","Capacitor"],"picked":"Echo Form","floor":24},{"not_picked":["Go for the Eyes","Hello World","Barrage+1"],"picked":"Singing Bowl","floor":27},{"not_picked":["BootSequence+1","Storm","Static Discharge"],"picked":"Singing Bowl","floor":29},{"not_picked":["Conserve Battery","Steam Power","Auto Shields"],"picked":"Singing Bowl","floor":30},{"not_picked":["Compile Driver","Cold Snap+1","All For One"],"picked":"Singing Bowl","floor":31},{"not_picked":["Thunder Strike","All For One","Echo Form"],"picked":"Singing Bowl","floor":33},{"not_picked":["Gash+1","Hologram","FTL"],"picked":"Singing Bowl","floor":35}],"player_experience":1128922,"relics_obtained":[{"floor":7,"key":"Art of War"},{"floor":9,"key":"Anchor"},{"floor":13,"key":"Pear"},{"floor":24,"key":"Singing Bowl"},{"floor":26,"key":"Smiling Mask"},{"floor":31,"key":"Centennial Puzzle"},{"floor":34,"key":"Oddly Smooth Stone"},{"floor":34,"key":"Sundial"},{"floor":34,"key":"Gambling Chip"}],"event_choices":[{"damage_healed":0,"gold_gain":0,"player_choice":"Fight","damage_taken":0,"max_hp_gain":0,"max_hp_loss":0,"event_name":"Mysterious Sphere","floor":36,"gold_loss":0}],"is_beta":false,"boss_relics":[{"not_picked":["Runic Pyramid","Cursed Key"],"picked":"FrozenCore"},{"not_picked":["Philosopher\u0027s Stone","Tiny House"],"picked":"Calling Bell"}],"items_purged_floors":[11,22,28],"is_endless":false,"potions_floor_spawned":[5,7,8,13,16,20,27,30,33],"killed_by":"2 Orb Walkers","ascension_level":8}}