{"host":"emut9mh212kd9b86","time":1609741747,"event":{"mods":["ATMod(°¢èªMod)","Act Like it!","BaseMod","Better Vampires","Gensokyo","KomeijiMod","Minty Spire (QoL Compilation)","MostiFishMod","Shop Mod","Spicy Shops","StSLib","TestMod","noobMod","¡¾ÒÅÎï¿¨ÅÆ¡¿REMEMod"],"gold_per_floor":[180,229,229,244,267,267,299,17,17,64,82,82,244,272,272,351,351,375,255,274,274,301,339,289,319,319,319,319,349,349,369,369,464,464,729,729,151,151,151,192,192,233,260,429,466,88,107,129,129,167],"floor_reached":51,"playtime":2488,"items_purged":["Strike_Remiria"],"score":2064,"play_id":"3e045992-ebcf-48d0-8c56-73074d2c8e3f","local_time":"20210104142907","is_ascension_mode":true,"campfire_choices":[{"data":"Scratch","floor":6,"key":"SMITH"},{"data":"Sadistic Nature","floor":12,"key":"SMITH"},{"floor":15,"key":"RECALL"},{"data":"Escape Plan","floor":28,"key":"SMITH"},{"data":"Strike_Remiria","floor":32,"key":"SMITH"},{"data":"Strike_Remiria","floor":41,"key":"SMITH"},{"data":"Defend_Remirira","floor":49,"key":"SMITH"}],"circlet_count":0,"master_deck":["Strike_Remiria+1","Strike_Remiria+1","Strike_Remiria+1","Defend_Remirira","Defend_Remirira","Defend_Remirira+1","Defend_Remirira+1","Absorbed+1","Scratch+1","MiserableFate+1","Gensokyo:BlemishedSteel","SeekerWire+1"],"relics":["ThirstyCrossSpe","testmod-TestBox","ice","DaveBox","AT_ATBox","REME_ComplimentaryCards","testmod-TheFather","EGODaCapo","SynthV:TestCard","AT_ArcaneBoots","testmod-HeartOfDaVinci","SpellExtend","AT_ArchangelStaff","REME_OnlineShoppingPlatform","InkBottle","CombinedTypeHook","AT_Kusabimaru","Tough Bandages","ExusiaiGun","Gensokyo:FoxMask","testmod-Antiphasic","Ginger","MealTicket","testmod-Prudence","AT_BellDemon","BirthdayGift-Tetrahedron","ClockworkSouvenir","Medical Kit","AT_ChloranthyRing","Shuriken","testmod-IndustrialRevolution","testmod-RealStoneCalender","CrystalOfMemory","Bronze Scales","KomeijisEye","testmod-Brilliant","AT_SilvercatRing","MerchantsRug","Lantern","Kunai","Brimstone","StrikeDummy","Oddly Smooth Stone","Regal Pillow"],"acts_visited":["Exordium","Gensokyo:Gensokyo","Gensokyo:Gensokyoer"],"potions_floor_usage":[46,46,46],"damage_taken":[{"damage":0,"enemies":"Gensokyo:2_Kodama","floor":1,"turns":4},{"damage":14,"enemies":"Gensokyo:Cirno","floor":2,"turns":4},{"damage":0,"enemies":"Gensokyo:Python","floor":4,"turns":3},{"damage":10,"enemies":"Gensokyo:Aya","floor":7,"turns":4},{"damage":13,"enemies":"Gensokyo:Cirno","floor":10,"turns":4},{"damage":0,"enemies":"Gensokyo:Gryphon","floor":11,"turns":3},{"damage":0,"enemies":"Gensokyo:Kitsune","floor":13,"turns":3},{"damage":1,"enemies":"Gensokyo:Aya","floor":14,"turns":2},{"damage":0,"enemies":"Gensokyo:Yukari","floor":16,"turns":5},{"damage":0,"enemies":"Gensokyo:2_Gloops","floor":18,"turns":1},{"damage":0,"enemies":"Gensokyo:CosmicMonolith","floor":20,"turns":1},{"damage":0,"enemies":"Gensokyo:3_Gloops","floor":22,"turns":1},{"damage":1,"enemies":"Gensokyo:Reisen","floor":23,"turns":3},{"damage":0,"enemies":"Gensokyo:Koishi","floor":25,"turns":2},{"damage":0,"enemies":"Gensokyo:Tenshi","floor":29,"turns":1},{"damage":7,"enemies":"Gensokyo:Wraith","floor":31,"turns":4},{"damage":1,"enemies":"Gensokyo:Eternal_Rivals","floor":33,"turns":3},{"damage":1,"enemies":"Gensokyo:3_Boulders","floor":35,"turns":2},{"damage":2,"enemies":"Gensokyo:Doremy","floor":40,"turns":2},{"damage":1,"enemies":"Gensokyo:Kasen","floor":42,"turns":1},{"damage":2,"enemies":"Gensokyo:3_Bats","floor":44,"turns":2},{"damage":0,"enemies":"Gensokyo:Doremy","floor":45,"turns":1},{"damage":0,"enemies":"Gensokyo:AtlasGolem","floor":47,"turns":1},{"damage":0,"enemies":"Gensokyo:SeedOfUnknown","floor":48,"turns":1},{"damage":0,"enemies":"Gensokyo:Yuyuko","floor":50,"turns":1}],"seed_played":"7823644205068102946","potions_obtained":[{"floor":0,"key":"Block Potion"},{"floor":0,"key":"EntropicBrew"}],"is_trial":false,"path_per_floor":["M","?","?","M","T","R","E","COS","T","E","M","R","M","E","R","B",null,"M","?","M","?","M","E","?","E","T","?","R","E","?","M","R","B",null,"M","?","COS","?","?","E","R","E","T","M","E","$","M","M","R","B",null],"character_chosen":"RemiriaScarlet","items_purchased":["MerchantsRug","Lantern","Kunai","Brimstone","StrikeDummy"],"campfire_rested":0,"item_purchase_floors":[46,46,46,46,46],"current_hp_per_floor":[90,76,56,56,56,56,46,46,46,33,33,33,33,32,32,32,83,83,83,83,83,83,82,89,89,89,89,89,89,89,82,82,81,101,100,100,100,100,100,98,98,97,97,95,95,112,112,112,112,112],"gold":167,"neow_bonus":"THREE_SMALL_POTIONS","is_daily":false,"chose_seed":false,"campfire_upgraded":6,"win_rate":0.0,"timestamp":1609741747,"path_taken":["M","?","?","M","?","R","E","COS","T","E","M","R","M","E","R","BOSS","M","?","M","?","?","E","?","E","T","?","R","E","?","M","R","BOSS","M","?","COS","?","?","E","R","E","T","M","E","$","M","M","R","BOSS"],"items_purchased_type":["Relic","Relic","Relic","Relic","Relic"],"build_version":"2020-12-22","purchased_purges":1,"victory":true,"max_hp_per_floor":[100,100,100,100,100,100,100,100,100,100,100,100,100,100,100,100,100,100,100,100,100,100,100,107,107,107,107,107,107,107,107,107,107,107,107,107,107,107,107,107,107,107,107,107,107,112,112,112,112,112],"card_choices":[{"not_picked":["BloodCollect","DemonLordWalk","Offensive"],"picked":"SKIP","floor":1},{"not_picked":["BathedInBlood","FateMeister","BloodCleaner","RocketKickup","Impregnable"],"picked":"SKIP","floor":2},{"not_picked":["TricksterDevil","DamonLordCradle_Remiria","StigmaNizer","SeparateFleshBlood","FierceSweep"],"picked":"SKIP","floor":4},{"not_picked":["BloodySuit","FateSonata","StigmaNizer","CurseofVladTepes","TricksterDevil"],"picked":"SKIP","floor":7},{"not_picked":["DoubleEdge","DamonLordCradle_Remiria","BloodySuit","ThirstForBlood","DemonsDinnerFork_Remiria"],"picked":"SKIP","floor":10},{"not_picked":["ServantFlier","BathedInBlood","Offensive","DemonsDinnerFork_Remiria","TricksterDevil"],"picked":"SKIP","floor":11},{"not_picked":["VampirishNight","ServantFlier","TrickFate","DemonsDinnerFork_Remiria","DemonLordWalk"],"picked":"SKIP","floor":13},{"not_picked":["FastHealing","StigmaNizer","PartStrengthen","Warpath","BloodCleaner"],"picked":"SKIP","floor":14},{"not_picked":["StigmaNizer","DemonsDinnerFork_Remiria","DoubleEdge","ServantFlier","BloodySuit"],"picked":"SKIP","floor":18},{"not_picked":["Warpath","BloodCleaner","VampirishNight","PartStrengthen","BloodSurge"],"picked":"SKIP","floor":20},{"not_picked":["BloodCollect","DamonLordCradle_Remiria","Exsanguinate","FastHealing+1","Cripple"],"picked":"SKIP","floor":22},{"not_picked":["TrickFate","DemonLordWalk","AllTheWorldInNightmare","BloodCleaner","CurseofVladTepes+1"],"picked":"SKIP","floor":23},{"not_picked":["Feint","CurseofVladTepes","Culling","PainBurst","TricksterDevil"],"picked":"SKIP","floor":25},{"not_picked":["Tearing","SealingFear+1","BloodCollect","BloodyMagicSquare","Feint"],"picked":"SKIP","floor":29},{"not_picked":["PainBurst","BodyStrengthen+1","TricksterDevil","DemonsDinnerFork_Remiria","RocketKickup"],"picked":"SKIP","floor":31},{"not_picked":["FierceSweep+1","BloodySuit","StigmaNizer","DemonsDinnerFork_Remiria+1","DamonLordCradle_Remiria+1"],"picked":"SKIP","floor":35},{"not_picked":["StigmaNizer","Warpath","TricksterDevil+1","FierceSweep","BloodCollect"],"picked":"SKIP","floor":40},{"not_picked":["StigmaNizer","BloodCollect+1","RedMagic","BloodySuit","HeartBreak_Remiria"],"picked":"SKIP","floor":42},{"not_picked":["DamonLordCradle_Remiria","Cripple+1","DemonsDinnerFork_Remiria","BodyStrengthen","FateEnsemble"],"picked":"SKIP","floor":44},{"not_picked":["BloodySuit","BloodCleaner","StigmaNizer","YoungDemonLord+1","PartStrengthen"],"picked":"SKIP","floor":45},{"not_picked":["Paradox","BloodCollect+1","BodyStrengthen","BloodySuit","StigmaNizer"],"picked":"SKIP","floor":47},{"not_picked":["DemonsDinnerFork_Remiria","DemonLordWalk+1","StigmaNizer","BloodySuit","VampireClaw"],"picked":"SKIP","floor":48}],"player_experience":378087,"relics_obtained":[{"floor":1,"key":"SynthV:TestCard"},{"floor":2,"key":"AT_SpeedBoots"},{"floor":5,"key":"SpellExtend"},{"floor":7,"key":"AT_ArchangelStaff"},{"floor":9,"key":"InkBottle"},{"floor":10,"key":"CombinedTypeHook"},{"floor":14,"key":"AT_Kusabimaru"},{"floor":23,"key":"testmod-Antiphasic"},{"floor":25,"key":"War Paint"},{"floor":26,"key":"Ginger"},{"floor":29,"key":"MealTicket"},{"floor":40,"key":"AT_ChloranthyRing"},{"floor":40,"key":"Shuriken"},{"floor":42,"key":"testmod-RealStoneCalender"},{"floor":42,"key":"CrystalOfMemory"},{"floor":43,"key":"Bronze Scales"},{"floor":44,"key":"KomeijisEye"},{"floor":45,"key":"testmod-Brilliant"},{"floor":45,"key":"AT_SilvercatRing"},{"floor":47,"key":"Oddly Smooth Stone"},{"floor":48,"key":"Regal Pillow"}],"event_choices":[],"is_beta":false,"boss_relics":[{"not_picked":["MostiFishMod:Hod","WristBlade"],"picked":"ExusiaiGun"},{"not_picked":["MoonlightInvasionPlan","JellyFishMachine"],"picked":"testmod-Prudence"}],"items_purged_floors":[46],"is_endless":false,"potions_floor_spawned":[1,4,10,11,25,29,31,35,44,45],"ascension_level":13}}