{"host":"94qggqh0xz0sp6ai","time":1609735475,"event":{"mods":["Abigail Mod","Act Like it!","BaseMod","CapriCore","Downfall","Friendly Minions","Gensokyo","Hermit","Jorbs\u0027s Wanderer Trilogy","Koishi","Marisa（霧雨　魔理沙）","Minty Spire (QoL Compilation)","Permanent Neow","Reimu（博??梦）","StSLib","The Alterego","The Construct","The Cursed","The Hierophant","The Immortal","The Senshi","The Servant 0.9.4","TheBandit","Waifu the Spire"],"gold_per_floor":[115,134,89,99,99,99,111,111,111,111,111,111],"floor_reached":11,"playtime":342,"items_purged":[],"score":110,"play_id":"893a8157-0c50-4980-ac62-5c98c1f7f129","local_time":"20210103224435","is_ascension_mode":true,"campfire_choices":[{"data":"SubcavityFantasy:ReiMu","floor":6,"key":"SMITH"},{"data":"NB:ReiMu","floor":8,"key":"SMITH"},{"data":"OrbThrow:ReiMu","floor":10,"key":"SMITH"}],"circlet_count":0,"master_deck":["AscendersBane","Strike_Lin:ReiMu","Strike_Lin:ReiMu","Strike_Lin:ReiMu","Strike_Lin:ReiMu","Defend_Lin:ReiMu","Defend_Lin:ReiMu","Defend_Lin:ReiMu","Defend_Lin:ReiMu","NB:ReiMu+1","Stagnation:ReiMu","SubcavityFantasy:ReiMu+1","SpreadBorder2:ReiMu","KamiRite:ReiMu+1","AirStrike:ReiMu","SpreadBorder2:ReiMu","OrbThrow:ReiMu+1"],"relics":["FlyPower:ReiMu","Pantograph"],"acts_visited":["Exordium"],"potions_floor_usage":[11],"damage_taken":[{"damage":14,"enemies":"Cultist","floor":1,"turns":6},{"damage":0,"enemies":"Small Slimes","floor":2,"turns":6},{"damage":7,"enemies":"2 Louse","floor":4,"turns":4},{"damage":6,"enemies":"Large Slime","floor":7,"turns":10},{"damage":38,"enemies":"Gremlin Nob","floor":11,"turns":5}],"seed_played":"5056393957895259758","potions_obtained":[{"floor":4,"key":"champ:CounterPotion"}],"is_trial":false,"path_per_floor":["M","M","$","M","?","R","M","R","T","R","E"],"character_chosen":"REIMU","items_purchased":["AirStrike:ReiMu"],"campfire_rested":0,"item_purchase_floors":[3],"current_hp_per_floor":[40,40,40,33,33,33,27,27,27,27,0,0],"gold":111,"neow_bonus":"ONE_RANDOM_RARE_CARD","is_daily":false,"chose_seed":false,"campfire_upgraded":3,"win_rate":0.0,"timestamp":1609735475,"path_taken":["M","M","$","?","?","R","M","R","T","R","E"],"items_purchased_type":["Card"],"build_version":"2020-12-22","purchased_purges":0,"victory":false,"max_hp_per_floor":[60,60,60,60,60,60,60,60,60,60,60,60],"card_choices":[{"not_picked":["RainPray2:ReiMu","SafetyPray:ReiMu"],"picked":"SpreadBorder2:ReiMu","floor":1},{"not_picked":["SubAcupoint:ReiMu","Intuition:ReiMu"],"picked":"KamiRite:ReiMu","floor":2},{"not_picked":["SubAcupoint:ReiMu","OrbThrow:ReiMu"],"picked":"SpreadBorder2:ReiMu","floor":4},{"not_picked":["Intuition:ReiMu","ForcedLanding:ReiMu"],"picked":"OrbThrow:ReiMu","floor":7}],"player_experience":1402367,"relics_obtained":[{"floor":9,"key":"Pantograph"}],"event_choices":[{"damage_healed":0,"gold_gain":0,"player_choice":"Upgraded","damage_taken":0,"max_hp_gain":0,"max_hp_loss":0,"event_name":"Upgrade Shrine","floor":5,"gold_loss":0,"cards_upgraded":["KamiRite:ReiMu"]}],"is_beta":false,"boss_relics":[],"items_purged_floors":[],"is_endless":false,"potions_floor_spawned":[4],"killed_by":"Gremlin Nob","ascension_level":15}}