{"host":"91blwi3hgehj6ch9","time":1609785073,"event":{"mods":["2.2 Compatiblity","AchievementEnabler","BaseMod","Colored Map","DeckTracker","Keyboard Shortcuts","Minty Spire (QoL Compilation)","Permanent Neow","Quick Restart","StSLib","SuperFastMode"],"gold_per_floor":[116,136,154,79,96,96,96,96,141,141,141,141,141],"floor_reached":12,"playtime":792,"items_purged":["Strike_G"],"score":95,"play_id":"3ea11d72-96ad-4f99-9c6d-dd3d941477db","local_time":"20210105033113","is_ascension_mode":true,"campfire_choices":[{"data":"Prepared","floor":6,"key":"SMITH"},{"data":"Heel Hook","floor":11,"key":"SMITH"}],"circlet_count":0,"master_deck":["Strike_G","Strike_G","Strike_G","Strike_G","Defend_G","Defend_G","Defend_G","Defend_G","Survivor","Neutralize+1","Grand Finale","Prepared+1","Dagger Throw","Heel Hook+1"],"relics":["Ring of the Snake","Dream Catcher"],"acts_visited":["Exordium"],"potions_floor_usage":[],"damage_taken":[{"damage":6.0,"enemies":"Cultist","floor":1.0,"turns":5.0},{"damage":10.0,"enemies":"Small Slimes","floor":2.0,"turns":4.0},{"damage":11.0,"enemies":"2 Louse","floor":3.0,"turns":4.0},{"damage":4.0,"enemies":"Red Slaver","floor":5.0,"turns":4.0},{"damage":34,"enemies":"3 Sentries","floor":12,"turns":8}],"seed_played":"797168586878246966","potions_obtained":[{"floor":1.0,"key":"Regen Potion"},{"floor":5,"key":"Fire Potion"}],"is_trial":false,"path_per_floor":["M","M","M","$","M","R","$","?","T","?","R","E"],"character_chosen":"THE_SILENT","items_purchased":[],"campfire_rested":0,"item_purchase_floors":[],"current_hp_per_floor":[57,47,36,36,32,32,32,32,32,32,32,0,0],"gold":141,"neow_bonus":"THREE_RARE_CARDS","is_daily":false,"chose_seed":false,"campfire_upgraded":2,"win_rate":0.0,"timestamp":1609785073,"path_taken":["M","M","?","$","M","R","$","?","T","?","R","E"],"items_purchased_type":[],"build_version":"2020-12-22","purchased_purges":1,"victory":false,"max_hp_per_floor":[63,63,63,63,63,63,63,63,63,63,63,63,63],"card_choices":[{"not_picked":["Phantasmal Killer","Malaise"],"picked":"Grand Finale","floor":0.0},{"not_picked":["Eviscerate","Noxious Fumes"],"picked":"Prepared","floor":1.0},{"not_picked":["Sucker Punch","Prepared","Outmaneuver"],"picked":"SKIP","floor":2.0},{"not_picked":["Cloak And Dagger","Backflip"],"picked":"Dagger Throw","floor":3.0},{"not_picked":["Crippling Poison","Slice"],"picked":"Heel Hook","floor":5}],"player_experience":155909,"relics_obtained":[{"floor":9,"key":"Dream Catcher"}],"event_choices":[{"cards_removed":["Defend_G"],"damage_healed":0,"gold_gain":0,"player_choice":"Forget","damage_taken":0,"max_hp_gain":0,"max_hp_loss":0,"event_name":"Living Wall","floor":8,"gold_loss":0},{"damage_healed":0,"gold_gain":0,"player_choice":"Forge","damage_taken":0,"max_hp_gain":0,"max_hp_loss":0,"event_name":"Accursed Blacksmith","floor":10,"gold_loss":0,"cards_upgraded":["Neutralize"]}],"is_beta":false,"boss_relics":[],"items_purged_floors":[4],"is_endless":false,"potions_floor_spawned":[1,5],"killed_by":"3 Sentries","ascension_level":8}}