{"host":"uonldg9uriwfhjjx","time":1609730620,"event":{"mods":["AchievementEnabler","BaseMod","Minty Spire (QoL Compilation)","Relic Stats"],"gold_per_floor":[119,119,132,149,163,163,192,192,271,288,98,113,138,157,157,228,228,241,255,255,273,1,1,1],"floor_reached":23,"playtime":692,"items_purged":["Strike_R"],"score":369,"play_id":"8309024b-bddc-4ab6-a078-5d162ace0af6","local_time":"20210103222340","is_ascension_mode":true,"campfire_choices":[{"data":"Whirlwind","floor":6,"key":"SMITH"},{"data":"Uppercut","floor":8,"key":"SMITH"},{"data":"Rupture","floor":15,"key":"SMITH"}],"circlet_count":0,"master_deck":["AscendersBane","Strike_R","Strike_R","Strike_R","Defend_R","Defend_R","Defend_R","Defend_R","Bash","Pummel","Whirlwind+1","Uppercut+1","Evolve","Combust","Pummel","Rupture+1","Evolve","Immolate","Pommel Strike+1","Flex+1","Bloodletting","Clash"],"relics":["Burning Blood","Nunchaku","CaptainsWheel","Mummified Hand","Tiny Chest","Cursed Key","Meat on the Bone"],"acts_visited":["Exordium","TheCity"],"potions_floor_usage":[7,13,13,23],"damage_taken":[{"damage":3,"enemies":"Jaw Worm","floor":1,"turns":5},{"damage":1,"enemies":"Cultist","floor":3,"turns":3},{"damage":3,"enemies":"Small Slimes","floor":4,"turns":3},{"damage":12,"enemies":"Looter","floor":5,"turns":4},{"damage":10,"enemies":"3 Sentries","floor":7,"turns":2},{"damage":1,"enemies":"Exordium Thugs","floor":10,"turns":4},{"damage":6,"enemies":"Exordium Wildlife","floor":12,"turns":3},{"damage":23,"enemies":"Lagavulin","floor":13,"turns":5},{"damage":4,"enemies":"Blue Slaver","floor":14,"turns":3},{"damage":35,"enemies":"Hexaghost","floor":16,"turns":8},{"damage":13,"enemies":"Chosen","floor":18,"turns":3},{"damage":7,"enemies":"Shell Parasite","floor":19,"turns":3},{"damage":23,"enemies":"Snake Plant","floor":21,"turns":4},{"damage":38,"enemies":"Slavers","floor":23,"turns":3}],"seed_played":"-2634982480382074673","potions_obtained":[{"floor":1,"key":"LiquidMemories"},{"floor":2,"key":"ColorlessPotion"},{"floor":5,"key":"EntropicBrew"},{"floor":14,"key":"SneckoOil"},{"floor":16,"key":"PowerPotion"}],"is_trial":false,"path_per_floor":["M","?","M","M","M","R","E","R","T","M","$","M","E","M","R","B",null,"M","M","?","M","$","E"],"character_chosen":"IRONCLAD","items_purchased":["Combust","Pummel","Meat on the Bone"],"campfire_rested":0,"item_purchase_floors":[11,11,22],"current_hp_per_floor":[71,71,75,75,69,69,65,65,65,70,70,70,53,55,55,26,63,56,55,55,38,38,0,0],"gold":1,"neow_bonus":"RANDOM_COMMON_RELIC","is_daily":false,"chose_seed":false,"campfire_upgraded":3,"win_rate":0.0,"timestamp":1609730620,"path_taken":["M","?","?","M","M","R","E","R","T","M","$","M","E","M","R","BOSS","M","M","?","M","?","E"],"items_purchased_type":["Card","Card","Relic"],"build_version":"2020-12-22","purchased_purges":1,"victory":false,"max_hp_per_floor":[75,75,75,75,75,75,75,75,75,75,75,75,75,75,75,75,75,75,75,75,75,75,75,75],"relic_stats":{"Nunchaku":[9],"counters":[14,53],"Mummified Hand":[25],"Tiny Chest":0,"Cursed Key":0,"obtain_stats":[{"Nunchaku":0,"CaptainsWheel":7,"Mummified Hand":9,"Tiny Chest":13,"Cursed Key":17,"Burning Blood":0,"Meat on the Bone":22},{"Nunchaku":0,"CaptainsWheel":5,"Mummified Hand":5,"Tiny Chest":8,"Cursed Key":10,"Burning Blood":0,"Meat on the Bone":13},{"Nunchaku":0,"CaptainsWheel":17,"Mummified Hand":17,"Tiny Chest":29,"Cursed Key":40,"Burning Blood":0,"Meat on the Bone":50}],"Burning Blood":74,"Meat on the Bone":0},"card_choices":[{"not_picked":["Warcry","Body Slam"],"picked":"Pummel","floor":1},{"not_picked":["Power Through","Rage"],"picked":"Whirlwind","floor":3},{"not_picked":["Heavy Blade","Anger","Rupture"],"picked":"SKIP","floor":4},{"not_picked":["Combust","Iron Wave","Entrench"],"picked":"SKIP","floor":5},{"not_picked":["Fiend Fire","Rampage"],"picked":"Uppercut","floor":7},{"not_picked":["Heavy Blade","Anger"],"picked":"Evolve","floor":10},{"not_picked":["Cleave","Infernal Blade"],"picked":"Rupture","floor":12},{"not_picked":["Anger","Shrug It Off"],"picked":"Evolve","floor":13},{"not_picked":["Whirlwind","Iron Wave","Shrug It Off"],"picked":"SKIP","floor":14},{"not_picked":["Fiend Fire","Exhume"],"picked":"Immolate","floor":16},{"not_picked":["Cleave","Dark Embrace"],"picked":"Pommel Strike+1","floor":18},{"not_picked":["Warcry","Armaments+1"],"picked":"Flex+1","floor":19},{"not_picked":["Havoc","Body Slam"],"picked":"Clash","floor":21}],"player_experience":733352,"relics_obtained":[{"floor":7,"key":"CaptainsWheel"},{"floor":9,"key":"Mummified Hand"},{"floor":13,"key":"Tiny Chest"}],"event_choices":[{"damage_healed":0,"gold_gain":0,"player_choice":"Got Potions","damage_taken":0,"max_hp_gain":0,"max_hp_loss":0,"event_name":"Lab","floor":2,"gold_loss":0},{"damage_healed":0,"gold_gain":0,"cards_transformed":["Strike_R"],"player_choice":"Transformed","damage_taken":0,"max_hp_gain":0,"max_hp_loss":0,"event_name":"Transmorgrifier","floor":20,"gold_loss":0,"cards_obtained":["Bloodletting"]}],"is_beta":false,"boss_relics":[{"not_picked":["Snecko Eye","Runic Pyramid"],"picked":"Cursed Key"}],"items_purged_floors":[11],"is_endless":false,"potions_floor_spawned":[1,5,14,16,21],"killed_by":"Slavers","ascension_level":16}}