{"host":"mydft8i2zzydgggw","time":1609778088,"event":{"mods":["AchievementEnabler","BaseMod","Colored Map","Colored Powertips","Keyboard Shortcuts","Minty Spire (QoL Compilation)","Quick Restart","StSLib","SuperFastMode","The Poker Player"],"gold_per_floor":[111,111,34,10,10,44,55,55,55,79,122,122,162,183,183,183,183],"floor_reached":16,"playtime":280,"items_purged":[],"score":204,"play_id":"96c69fb9-79a3-4aea-a138-6dda5b77c4de","local_time":"20210105013448","is_ascension_mode":true,"campfire_choices":[{"data":"Chill","floor":12,"key":"SMITH"},{"floor":15,"key":"REST"}],"circlet_count":0,"master_deck":["Strike_B","Strike_B","Strike_B","Strike_B","Defend_B","Defend_B","Defend_B","Defend_B","Zap+1","Dualcast","Doom and Gloom","Chill+1","Leap+1","Double Energy","Leap","Fusion","Electrodynamics","Coolheaded","Redo"],"relics":["Cracked Core","NeowsBlessing","War Paint","Golden Idol","Smiling Mask","Potion Belt"],"acts_visited":["Exordium"],"potions_floor_usage":[6,11,11,16],"damage_taken":[{"damage":0,"enemies":"2 Louse","floor":1,"turns":1},{"damage":0,"enemies":"Cultist","floor":5,"turns":1},{"damage":0,"enemies":"3 Sentries","floor":6,"turns":2},{"damage":2,"enemies":"Jaw Worm","floor":7,"turns":3},{"damage":0,"enemies":"Large Slime","floor":10,"turns":5},{"damage":30,"enemies":"Gremlin Nob","floor":11,"turns":4},{"damage":0,"enemies":"3 Sentries","floor":13,"turns":3},{"damage":4,"enemies":"Blue Slaver","floor":14,"turns":3},{"damage":48,"enemies":"The Guardian","floor":16,"turns":8}],"seed_played":"-5397746669372766135","potions_obtained":[{"floor":2,"key":"Fruit Juice"},{"floor":2,"key":"Swift Potion"},{"floor":2,"key":"EssenceOfSteel"},{"floor":6,"key":"DistilledChaos"},{"floor":14,"key":"EssenceOfDarkness"}],"is_trial":false,"path_per_floor":["M","?","$","$","M","E","M","?","T","M","E","R","E","M","R","B"],"character_chosen":"DEFECT","items_purchased":["Chill","Leap"],"campfire_rested":1,"item_purchase_floors":[3,4],"current_hp_per_floor":[75,75,75,75,75,80,78,58,58,58,28,28,28,24,48,0,0],"gold":183,"neow_bonus":"THREE_ENEMY_KILL","is_daily":false,"chose_seed":false,"campfire_upgraded":1,"win_rate":0.0,"timestamp":1609778088,"path_taken":["M","?","?","$","M","E","M","?","T","M","E","R","E","M","R","BOSS"],"items_purchased_type":["Card","Card"],"build_version":"2020-12-22","purchased_purges":0,"victory":false,"max_hp_per_floor":[75,75,75,75,75,80,80,80,80,80,80,80,80,80,80,80,80],"card_choices":[{"not_picked":["Stack","Ball Lightning"],"picked":"Doom and Gloom","floor":1},{"not_picked":["Streamline","Conserve Battery","Force Field"],"picked":"SKIP","floor":5},{"not_picked":["All For One","Gash"],"picked":"Double Energy","floor":6},{"not_picked":["FTL","Conserve Battery"],"picked":"Leap","floor":7},{"not_picked":["Steam","Rebound"],"picked":"Fusion","floor":10},{"not_picked":["Skim","Leap"],"picked":"Electrodynamics","floor":11},{"not_picked":["Heatsinks","Recycle"],"picked":"Coolheaded","floor":13},{"not_picked":["Scrape","Beam Cell"],"picked":"Redo","floor":14}],"player_experience":92182,"relics_obtained":[{"floor":6,"key":"War Paint"},{"floor":11,"key":"Smiling Mask"},{"floor":13,"key":"Potion Belt"}],"event_choices":[{"damage_healed":0,"gold_gain":0,"player_choice":"Got Potions","damage_taken":0,"max_hp_gain":0,"max_hp_loss":0,"event_name":"Lab","floor":2,"gold_loss":0},{"damage_healed":0,"gold_gain":0,"player_choice":"Take Damage","damage_taken":20,"relics_obtained":["Golden Idol"],"max_hp_gain":0,"max_hp_loss":0,"event_name":"Golden Idol","floor":8,"gold_loss":0}],"is_beta":false,"boss_relics":[],"items_purged_floors":[],"is_endless":false,"potions_floor_spawned":[5,6,14],"killed_by":"The Guardian","ascension_level":4}}