{"host":"5m2js577gj4e7pak","time":1609782649,"event":{"mods":["AchievementEnabler","BaseMod","Better Match","BetterRewards","Colored Map","Colored Powertips","Dio Mod","Ekko","Googly Eyes","Highlight Path","HololiveMod","Lobotomy","LobotomyExtend","Marisa????????","Minty Spire (QoL Compilation)","Quick Restart","Relic Filter","StSLib","The Animator","slay the spire mod where everything is the same but ironclad has a cowboy hat"],"gold_per_floor":[119,44,62,62,10,10,27,52,79,79,79,29,44,44,44,140,140,152,152,166,180,192,192,217,235,235,235,160,160,179,212,212,314,314,333,352,352,352,33,33,49,49,49,49,49,49,82,95,95,95,95],"floor_reached":50,"playtime":2017,"items_purged":[],"score":608,"play_id":"844fb3ac-b7b2-4c7b-84ae-d7bfe40aefbd","local_time":"20210104185049","is_ascension_mode":false,"campfire_choices":[],"circlet_count":0,"master_deck":["SpecialBullet","SpecialBullet","SpecialBullet","SpecialBullet","SpecialBullet","SpecialBullet","InformationCode","SecurityCode","ExtractionCode","Gaze+1","Noise","WristCuter","SingingMachine","Hornet","Beak","QueenOfHatred","FourthMatchFlame+1","CrimsonScar","Galaxy+1","FourthMatchFlame","CENSORED_ego","Twilight","Wingbeat","ShyLook","Soda","MagicBullet","CherryBlossom","RecordCode","BearPaw","Tough","SomewhereSpear","TodaysExpression","GreenStem","Sadistic Nature","WristCuter+1","TodaysExpression+1","Beak","FairyFestival","DisciplinaryCode","ParadiseLost","Adoration+1","SomewhereSpear+1","SwordSharpenedByTears","Tough+1","Soda","Beak","Gaze+1","Lamp","LittleHelper","Wingbeat+1"],"relics":["CogitoBucket","Juzu Bracelet","LetterFromLob","Vajra","Bag of Marbles","Sozu","BehaviorAdjustment","Lantern","SkinProphecy","Ice Cream","Toxic Egg 2","Ancient Tea Set","Calling Bell","Dream Catcher","Letter Opener","Mango","AtMidnight","Matryoshka","Kunai","Ornamental Fan","Pantograph","Pen Nib","Toy Ornithopter","FossilizedHelix"],"acts_visited":["Exordium","TheCity","TheBeyond"],"potions_floor_usage":[50],"damage_taken":[{"damage":15,"enemies":"Small Slimes","floor":1,"turns":3},{"damage":0,"enemies":"Cultist","floor":3,"turns":3},{"damage":15,"enemies":"Jaw Worm","floor":7,"turns":2},{"damage":25,"enemies":"3 Sentries","floor":8,"turns":5},{"damage":13,"enemies":"Red Slaver","floor":13,"turns":2},{"damage":22,"enemies":"Slime Boss","floor":16,"turns":7},{"damage":48,"enemies":"3 Byrds","floor":18,"turns":3},{"damage":20,"enemies":"Spheric Guardian","floor":20,"turns":4},{"damage":7,"enemies":"Centurion and Healer","floor":21,"turns":5},{"damage":20,"enemies":"Chosen and Byrds","floor":22,"turns":4},{"damage":34,"enemies":"Book of Stabbing","floor":24,"turns":4},{"damage":24,"enemies":"Snecko","floor":25,"turns":5},{"damage":9,"enemies":"Snake Plant","floor":30,"turns":5},{"damage":45,"enemies":"Gremlin Leader","floor":31,"turns":4},{"damage":41,"enemies":"Champ","floor":33,"turns":10},{"damage":16,"enemies":"3 Shapes","floor":35,"turns":3},{"damage":1,"enemies":"3 Darklings","floor":36,"turns":4},{"damage":60,"enemies":"Writhing Mass","floor":41,"turns":6},{"damage":52,"enemies":"Giant Head","floor":47,"turns":7},{"damage":35,"enemies":"Transient","floor":48,"turns":5},{"damage":168,"enemies":"Time Eater","floor":50,"turns":12}],"seed_played":"1791978856770341352","potions_obtained":[{"floor":7,"key":"GamblersBrew"}],"is_trial":false,"path_per_floor":["M","?","M","?","$","R","M","E","T","?","R","?","M","?","R","B",null,"M","?","M","M","M","R","E","M","T","T","?","R","M","E","R","B",null,"M","M","?","T","$","R","M","$","T","$","R","T","E","M","R","B"],"character_chosen":"Angela","items_purchased":["Beak","Kunai","Soda","Beak"],"campfire_rested":0,"item_purchase_floors":[5,39,39,39],"current_hp_per_floor":[63,63,70,70,70,70,63,55,55,55,55,55,54,40,40,39,70,50,50,48,69,70,70,58,41,41,41,41,41,71,56,56,76,90,92,96,96,96,96,96,86,86,86,86,86,86,84,93,93,0,0],"gold":95,"neow_bonus":"RANDOM_COMMON_RELIC","is_daily":false,"chose_seed":false,"campfire_upgraded":0,"win_rate":0.0,"timestamp":1609782649,"path_taken":["M","?","M","?","$","R","M","E","T","?","R","?","M","?","R","BOSS","M","?","M","M","M","R","E","M","T","?","?","R","M","E","R","BOSS","M","M","?","?","$","R","M","$","T","$","R","?","E","M","R","BOSS"],"items_purchased_type":["Card","Relic","Card","Card"],"build_version":"2020-12-22","purchased_purges":0,"victory":false,"max_hp_per_floor":[70,70,70,70,70,70,70,70,70,70,70,70,70,70,70,70,70,70,70,70,70,70,70,70,70,70,70,70,70,72,74,74,76,90,92,96,96,96,96,96,98,98,98,98,98,98,100,102,102,104,104],"card_choices":[{"not_picked":["FrostShard"],"picked":"Gaze","floor":1},{"not_picked":["Mercenary","UniverseFragment"],"picked":"FairyFestival","floor":1},{"not_picked":["GrinderMk4"],"picked":"Noise","floor":1},{"not_picked":["Mimicry"],"picked":"WristCuter","floor":3},{"not_picked":["VoidDream","Yin"],"picked":"SingingMachine","floor":3},{"not_picked":["Lantern"],"picked":"Hornet","floor":3},{"not_picked":["SpiderBud","CrumblingArmor"],"picked":"QueenOfHatred","floor":7},{"not_picked":["WristCuter"],"picked":"FourthMatchFlame","floor":7},{"not_picked":["Regret_ego"],"picked":"CrimsonScar","floor":8},{"not_picked":["RapturousDream","CUTE"],"picked":"SKIP","floor":8},{"not_picked":["Loneliness"],"picked":"Galaxy","floor":13},{"not_picked":["SolemnVow"],"picked":"FourthMatchFlame","floor":13},{"not_picked":["DaCapo"],"picked":"CENSORED_ego","floor":16},{"not_picked":["Pinks"],"picked":"Twilight","floor":16},{"not_picked":["WristCuter"],"picked":"Wingbeat","floor":18},{"not_picked":["BlackSwan","BeautyBeast"],"picked":"ShyLook","floor":20},{"not_picked":["Beak"],"picked":"Soda","floor":20},{"not_picked":["Regret_ego","CherryBlossom"],"picked":"SKIP","floor":20},{"not_picked":["CherryBlossom+1"],"picked":"MagicBullet","floor":21},{"not_picked":["Harvest"],"picked":"CherryBlossom","floor":21},{"not_picked":["TheSmile"],"picked":"BearPaw","floor":22},{"not_picked":["LifeForTheDareDevil"],"picked":"Tough","floor":24},{"not_picked":["Loneliness"],"picked":"SomewhereSpear","floor":24},{"not_picked":["LifeForTheDareDevil"],"picked":"TodaysExpression","floor":25},{"not_picked":["CherryBlossom","Reverberation"],"picked":"SKIP","floor":25},{"not_picked":["Harvest"],"picked":"GreenStem","floor":28},{"not_picked":["Secret Technique"],"picked":"Sadistic Nature","floor":28},{"not_picked":["SomewhereSpear+1"],"picked":"WristCuter+1","floor":30},{"not_picked":["CherryBlossom"],"picked":"TodaysExpression+1","floor":30},{"not_picked":["BlackSwan_ego+1"],"picked":"Beak","floor":31},{"not_picked":["BigBird","BlackSwan"],"picked":"FairyFestival","floor":31},{"not_picked":["Loneliness+1"],"picked":"Ecstasy","floor":31},{"not_picked":["GoldRush"],"picked":"ParadiseLost","floor":33},{"not_picked":["GoldRush"],"picked":"Adoration+1","floor":33},{"not_picked":["ShedSkin+1"],"picked":"SomewhereSpear+1","floor":35},{"not_picked":["BlackSwan_ego+1"],"picked":"SwordSharpenedByTears","floor":35},{"not_picked":["TodaysExpression+1"],"picked":"Tough+1","floor":36},{"not_picked":["BlackSwan_ego+1","Penitence+1"],"picked":"SKIP","floor":36},{"not_picked":["Tough"],"picked":"Gaze+1","floor":41},{"not_picked":["ShedSkin+1"],"picked":"Lamp","floor":47},{"not_picked":["FrostShard+1","Discord"],"picked":"SKIP","floor":47},{"not_picked":["Wellcheers","NothingThere"],"picked":"LittleHelper","floor":48},{"not_picked":["CherryBlossom"],"picked":"Wingbeat+1","floor":48}],"player_experience":75368,"relics_obtained":[{"floor":1,"key":"LetterFromLob"},{"floor":8,"key":"Vajra"},{"floor":9,"key":"Bag of Marbles"},{"floor":24,"key":"Lantern"},{"floor":26,"key":"Ice Cream"},{"floor":27,"key":"Toxic Egg 2"},{"floor":31,"key":"Ancient Tea Set"},{"floor":34,"key":"Dream Catcher"},{"floor":34,"key":"Letter Opener"},{"floor":34,"key":"Mango"},{"floor":36,"key":"AtMidnight"},{"floor":38,"key":"Matryoshka"},{"floor":43,"key":"Ornamental Fan"},{"floor":43,"key":"Pantograph"},{"floor":46,"key":"Pen Nib"},{"floor":46,"key":"Toy Ornithopter"},{"floor":47,"key":"FossilizedHelix"}],"event_choices":[{"damage_healed":0,"gold_gain":0,"player_choice":"3","damage_taken":0,"max_hp_gain":0,"max_hp_loss":0,"event_name":"betterMatch:BetterMatch","floor":2,"gold_loss":0,"cards_obtained":[]},{"damage_healed":0,"gold_gain":0,"player_choice":"Full Heal","damage_taken":0,"max_hp_gain":0,"max_hp_loss":0,"event_name":"Wheel of Change","floor":4,"gold_loss":0},{"damage_healed":0,"gold_gain":0,"player_choice":"Upgraded","damage_taken":0,"max_hp_gain":0,"max_hp_loss":0,"event_name":"Upgrade Shrine","floor":10,"gold_loss":0,"cards_upgraded":["Gaze"]},{"cards_removed":["SpecialBullet"],"damage_healed":0,"gold_gain":0,"player_choice":"Card Removal","damage_taken":0,"max_hp_gain":0,"max_hp_loss":0,"event_name":"The Cleric","floor":12,"gold_loss":50},{"damage_healed":0,"gold_gain":0,"player_choice":"Entered Light","damage_taken":14,"max_hp_gain":0,"max_hp_loss":0,"event_name":"Shining Light","floor":14,"gold_loss":0,"cards_upgraded":["Galaxy","FourthMatchFlame"]},{"cards_removed":["SpecialBullet"],"damage_healed":0,"gold_gain":0,"player_choice":"Card Removal","damage_taken":0,"max_hp_gain":0,"max_hp_loss":0,"event_name":"Wheel of Change","floor":19,"gold_loss":0},{"damage_healed":0,"gold_gain":0,"player_choice":"1","damage_taken":0,"max_hp_gain":0,"max_hp_loss":0,"event_name":"betterMatch:BetterMatch","floor":28,"gold_loss":0,"cards_obtained":["betterMatch:UncommonCard","betterMatch:ColorlessRareCard"]},{"cards_removed":["Ecstasy"],"damage_healed":0,"gold_gain":0,"player_choice":"Removed Power","damage_taken":0,"max_hp_gain":0,"max_hp_loss":0,"event_name":"Falling","floor":37,"gold_loss":0}],"is_beta":false,"boss_relics":[{"not_picked":["Velvet Choker","SlaversCollar"],"picked":"Sozu"},{"not_picked":["Empty Cage","Coffee Dripper"],"picked":"Calling Bell"}],"items_purged_floors":[],"is_endless":false,"potions_floor_spawned":[7,22,48],"killed_by":"Time Eater","ascension_level":0}}