{"host":"8lgo2trwv2o0qyml","time":1609734801,"event":{"mods":["BaseMod","Colored Map","Colored Powertips","DeckTracker","Highlight Path","Hubris","Infinite Spire","Minty Spire (QoL Compilation)","Quick Restart","Random Character Button","Relic Sorter","Replay The Spire","StSLib","SuperFastMode","Synergy Search","The Jungle"],"gold_per_floor":[109,4,22,22,37,69,23,23,74,74,44,63,87,102,102,226,226,246,75,100,100,15,15,49,49,49,64,64,85,85,85],"floor_reached":30,"playtime":1749,"items_purged":["Strike_R"],"score":273,"play_id":"d1d693b7-e777-443d-853c-b95a46a9d1e0","local_time":"20210103233321","is_ascension_mode":false,"campfire_choices":[{"data":"Armaments","floor":8,"key":"SMITH"},{"data":"infinitespire:OneForAll","floor":15,"key":"SMITH"},{"data":"Metallicize","floor":23,"key":"SMITH"},{"data":"Feed","floor":28,"key":"SMITH"}],"circlet_count":0,"master_deck":["Strike_R","Strike_R","Strike_R","Strike_R","Defend_R","Defend_R","Defend_R","Defend_R","Bash","Armaments+1","Headbutt","Warcry","Anger","Iron Wave","Anger","Injury","infinitespire:OneForAll+1","Reaper","Metallicize+1","Feed+1","Jack Of All Trades","Ghostly","Ghostly","Ghostly","Ghostly","Ghostly","Armaments+1","Replay:Undeath\u0027s Touch+1","Metallicize+1"],"relics":["Burning Blood","NeowsBlessing","Meat on the Bone","hubris:BottledRain","Ancient Tea Set","Golden Idol","Electric Blood","Replay:Baseball","hubris:DisguiseKit","Pen Nib","Orichalcum"],"acts_visited":["Exordium","TheCity"],"potions_floor_usage":[16,16,16,24,30],"damage_taken":[{"damage":0,"enemies":"2 Louse","floor":1,"turns":1},{"damage":0,"enemies":"Cultist","floor":3,"turns":1},{"damage":0,"enemies":"Small Slimes","floor":5,"turns":1},{"damage":41,"enemies":"3 Sentries","floor":6,"turns":11},{"damage":9,"enemies":"Exordium Wildlife","floor":12,"turns":4},{"damage":10,"enemies":"Looter","floor":13,"turns":3},{"damage":13,"enemies":"Red Slaver","floor":14,"turns":4},{"damage":48,"enemies":"Slime Boss","floor":16,"turns":13},{"damage":31,"enemies":"Spheric Guardian","floor":18,"turns":7},{"damage":30,"enemies":"Slavers","floor":24,"turns":8},{"damage":14,"enemies":"2 Thieves","floor":27,"turns":5},{"damage":39,"enemies":"Shelled Parasite and Fungi","floor":29,"turns":7},{"damage":45,"enemies":"Gremlin Leader","floor":30,"turns":7}],"seed_played":"-3039602795660479458","potions_obtained":[{"floor":1,"key":"Block Potion"},{"floor":11,"key":"FearPotion"},{"floor":11,"key":"EssenceOfSteel"},{"floor":12,"key":"Flashbang"},{"floor":16,"key":"Block Potion"},{"floor":18,"key":"AttackPotion"}],"is_trial":false,"path_per_floor":["M","$","M","?","M","E","$","R","T","?","?","M","M","M","R","B",null,"M","$","T","?","?","R","E","?","T","M","R","M","E"],"character_chosen":"IRONCLAD","items_purchased":["Headbutt","Warcry","Anger","Jack Of All Trades"],"campfire_rested":0,"item_purchase_floors":[2,2,7,19],"current_hp_per_floor":[80,80,80,68,74,51,51,51,51,51,51,48,56,54,54,33,80,58,58,58,41,41,41,36,36,36,41,41,28,0,0],"gold":85,"neow_bonus":"THREE_ENEMY_KILL","is_daily":false,"chose_seed":false,"campfire_upgraded":4,"win_rate":0.0,"timestamp":1609734801,"path_taken":["M","$","M","?","M","E","$","R","T","?","?","?","M","M","R","BOSS","M","$","?","?","?","R","E","?","T","M","R","M","E"],"items_purchased_type":["Card","Card","Card","Card"],"build_version":"2020-12-22","purchased_purges":1,"victory":false,"max_hp_per_floor":[80,80,80,80,80,80,80,80,80,80,80,80,80,80,80,80,80,83,83,83,41,41,41,44,44,44,47,47,51,51,51],"card_choices":[{"not_picked":["Pommel Strike","Flex"],"picked":"Armaments","floor":1},{"not_picked":["Sword Boomerang","Ghostly Armor"],"picked":"Anger","floor":3},{"not_picked":["Perfected Strike","Defy Death"],"picked":"Iron Wave","floor":5},{"not_picked":["Metallicize","Run Through","Sword Boomerang"],"picked":"SKIP","floor":6},{"not_picked":["Shrug It Off","Flame Barrier"],"picked":"infinitespire:OneForAll","floor":12},{"not_picked":["Clash","Flame Barrier"],"picked":"Reaper","floor":13},{"not_picked":["Shrug It Off","Warcry"],"picked":"Metallicize","floor":14},{"not_picked":["Fiend Fire","Impervious"],"picked":"Feed","floor":16},{"not_picked":["Clash+1","infinitespire:OneForAll","Bloodletting"],"picked":"SKIP","floor":18},{"not_picked":["Headbutt","Heavy Blade","Prepared"],"picked":"Armaments+1","floor":24},{"not_picked":["True Grit","Clash","Backflip"],"picked":"Replay:Undeath\u0027s Touch+1","floor":27},{"not_picked":["Battle Trance","Entrench+1","Deadly Poison"],"picked":"Metallicize+1","floor":29}],"player_experience":12196,"relics_obtained":[{"floor":6,"key":"hubris:BottledRain"},{"floor":9,"key":"Ancient Tea Set"},{"floor":20,"key":"Replay:Baseball"},{"floor":24,"key":"Pen Nib"},{"floor":26,"key":"Orichalcum"}],"event_choices":[{"damage_healed":0,"gold_gain":0,"player_choice":"Success","damage_taken":12,"relics_obtained":["Meat on the Bone"],"max_hp_gain":0,"max_hp_loss":0,"event_name":"Scrap Ooze","floor":4,"gold_loss":0},{"damage_healed":0,"gold_gain":0,"player_choice":"Take Wound","damage_taken":0,"relics_obtained":["Golden Idol"],"max_hp_gain":0,"max_hp_loss":0,"event_name":"Golden Idol","floor":10,"gold_loss":0,"cards_obtained":["Injury"]},{"damage_healed":0,"gold_gain":0,"player_choice":"Bought 2 Potions","damage_taken":0,"max_hp_gain":0,"max_hp_loss":0,"event_name":"The Woman in Blue","floor":11,"gold_loss":0},{"damage_healed":0,"gold_gain":0,"player_choice":"Became a Ghost","damage_taken":0,"max_hp_gain":0,"max_hp_loss":42,"event_name":"Ghosts","floor":21,"gold_loss":0,"cards_obtained":["Ghostly","Ghostly","Ghostly","Ghostly","Ghostly"]},{"damage_healed":0,"gold_gain":0,"player_choice":"Obtained Relic","damage_taken":0,"relics_obtained":["hubris:DisguiseKit"],"max_hp_gain":0,"max_hp_loss":0,"event_name":"Addict","floor":22,"gold_loss":85},{"damage_healed":0,"gold_gain":0,"player_choice":"Ignored","damage_taken":0,"max_hp_gain":0,"max_hp_loss":0,"event_name":"NoteForYourself","floor":25,"gold_loss":0}],"is_beta":false,"boss_relics":[{"not_picked":["Fusion Hammer","hubris:CrackedHourglass"],"picked":"Electric Blood"}],"items_purged_floors":[19],"is_endless":false,"potions_floor_spawned":[1,12,13,16,18],"killed_by":"Gremlin Leader","ascension_level":0}}