{"host":"19tvufa8xx4wr4o1","time":1609727131,"event":{"mods":["AchievementEnabler","BaseMod","Better Sensory Stone","Better Third Choice","Highlight Path","Minty Spire (QoL Compilation)","Relic Stats","StSLib"],"gold_per_floor":[111,386,405,43,0,0,25,25,49,77,87,87,100,125,125,219,219,235,334,334,354,43,43,43,79,79,79,94,138,138,138,138,227,227,246,60,60,0,333,333,368,368,368,368,368,368,368,388,388,388],"floor_reached":51,"playtime":1760,"items_purged":["Regret","Strike_P","FlyingSleeves"],"score":1333,"play_id":"5cf9d2a9-0025-461d-9df8-bbdad4be1813","local_time":"20210103202531","is_ascension_mode":true,"campfire_choices":[{"data":"BattleHymn","floor":6.0,"key":"SMITH"},{"data":"Enlightenment","floor":8.0,"key":"SMITH"},{"data":"EmptyFist","floor":15.0,"key":"SMITH"},{"floor":24.0,"key":"REST"},{"data":"Devotion","floor":27,"key":"SMITH"},{"data":"Vault","floor":30,"key":"SMITH"},{"floor":32,"key":"REST"},{"data":"Judgement","floor":40,"key":"SMITH"},{"data":"SpiritShield","floor":42,"key":"SMITH"},{"data":"TalkToTheHand","floor":45,"key":"SMITH"},{"data":"Eruption","floor":47,"key":"SMITH"},{"data":"Wallop","floor":49,"key":"SMITH"}],"circlet_count":0,"master_deck":["AscendersBane","Defend_P","Defend_P+1","Defend_P","Defend_P+1","Eruption+1","Vigilance","TalkToTheHand+1","BattleHymn+1","Enlightenment+1","Judgement+1","EmptyFist+1","ReachHeaven","Worship","Brilliance","EmptyBody","Wallop+1","Devotion+1","Swivel","SpiritShield+1","Vault+1","Blasphemy","Indignation+1","AscendersBane","Tantrum"],"relics":["Runic Pyramid","Eternal Feather","War Paint","Strawberry","Bronze Scales","Cursed Key","Membership Card","Lantern","Question Card","Sozu","Pantograph","Red Mask","Art of War"],"acts_visited":["Exordium","TheCity","TheBeyond"],"potions_floor_usage":[],"damage_taken":[{"damage":0.0,"enemies":"Cultist","floor":1.0,"turns":3.0},{"damage":4.0,"enemies":"Small Slimes","floor":3.0,"turns":3.0},{"damage":7.0,"enemies":"3 Sentries","floor":7.0,"turns":4.0},{"damage":0.0,"enemies":"Lagavulin","floor":10.0,"turns":4.0},{"damage":0.0,"enemies":"Jaw Worm","floor":11.0,"turns":2.0},{"damage":13.0,"enemies":"Blue Slaver","floor":13.0,"turns":2.0},{"damage":4.0,"enemies":"Exordium Wildlife","floor":14.0,"turns":3.0},{"damage":17.0,"enemies":"Slime Boss","floor":16.0,"turns":5.0},{"damage":24.0,"enemies":"2 Thieves","floor":18.0,"turns":3.0},{"damage":12.0,"enemies":"Chosen","floor":21.0,"turns":3.0},{"damage":25.0,"enemies":"Gremlin Leader","floor":25.0,"turns":5.0},{"damage":15,"enemies":"Snecko","floor":28,"turns":5},{"damage":24,"enemies":"Book of Stabbing","floor":29,"turns":6},{"damage":37,"enemies":"Champ","floor":33,"turns":12},{"damage":15,"enemies":"3 Darklings","floor":35,"turns":6},{"damage":0,"enemies":"Giant Head","floor":41,"turns":7},{"damage":6,"enemies":"3 Shapes","floor":48,"turns":4},{"damage":68,"enemies":"Awakened One","floor":50,"turns":9}],"seed_played":"-7839754944862646231","potions_obtained":[{"floor":1.0,"key":"EntropicBrew"},{"floor":10.0,"key":"SpeedPotion"},{"floor":13.0,"key":"CultistPotion"},{"floor":20.0,"key":"Ambrosia"},{"floor":20.0,"key":"FairyPotion"}],"is_trial":false,"path_per_floor":["M","?","M","$","?","R","E","R","T","E","M","?","M","M","R","B",null,"M","?","?","M","$","?","R","E","T","R","M","E","R","?","R","B",null,"M","$","?","?","?","R","E","R","T","?","R","?","R","M","R","B",null],"character_chosen":"WATCHER","items_purchased":["Eternal Feather","BattleHymn","Membership Card","Wallop","Devotion","Pantograph"],"campfire_rested":2,"item_purchase_floors":[4,4,22,22,22,36],"current_hp_per_floor":[61,61,57,57,63,69,62,68,75,75,75,75,62,58,67,50,69,45,45,45,33,33,33,67,42,42,54,39,15,27,27,61,24,62,47,47,47,47,47,59,59,71,71,71,75,75,75,69,75,7],"gold":388,"neow_bonus":"BOSS_RELIC","is_daily":false,"chose_seed":false,"campfire_upgraded":10,"win_rate":0.0,"timestamp":1609727131,"path_taken":["M","?","?","$","?","R","E","R","T","E","M","?","M","M","R","BOSS","M","?","?","?","$","?","R","E","T","R","M","E","R","?","R","BOSS","M","$","?","?","?","R","E","R","T","?","R","?","R","M","R","BOSS"],"items_purchased_type":["Relic","Card","Relic","Card","Card","Relic"],"build_version":"2020-12-22","purchased_purges":3,"victory":true,"max_hp_per_floor":[68,68,68,68,74,74,74,74,81,81,81,75,75,75,75,75,75,75,75,75,75,75,75,75,75,75,75,75,75,75,75,75,75,75,75,75,75,75,75,75,75,75,75,75,75,75,75,75,75,75],"relic_stats":{"Sozu":1,"counters":[27,139],"Bronze Scales":[175],"Pantograph":0,"Eternal Feather":103,"Art of War":[2],"War Paint":["Defend_P","Defend_P"],"Cursed Key":0,"Question Card":4,"obtain_stats":[{"Potion Belt":39,"Golden Idol":5,"Juzu Bracelet":8,"Incense Burner":22,"War Paint":9,"Smiling Mask":40,"Burning Blood":0,"Mercury Hourglass":43,"SlaversCollar":34,"Lizard Tail":25,"Strawberry":31,"Molten Egg 2":6,"Prayer Wheel":38,"Mark of Pain":17,"Art of War":26,"Red Mask":47},{"Potion Belt":21,"Golden Idol":3,"Juzu Bracelet":5,"Incense Burner":12,"War Paint":5,"Smiling Mask":22,"Burning Blood":0,"Mercury Hourglass":23,"SlaversCollar":16,"Lizard Tail":12,"Strawberry":15,"Molten Egg 2":4,"Prayer Wheel":21,"Mark of Pain":10,"Art of War":12,"Red Mask":23},{"Potion Belt":101,"Golden Idol":12,"Juzu Bracelet":21,"Incense Burner":48,"War Paint":21,"Smiling Mask":108,"Burning Blood":0,"Mercury Hourglass":113,"SlaversCollar":72,"Lizard Tail":48,"Strawberry":61,"Molten Egg 2":17,"Prayer Wheel":101,"Mark of Pain":43,"Art of War":48,"Red Mask":113}]},"card_choices":[{"not_picked":["FlurryOfBlows","SignatureMove"],"picked":"TalkToTheHand","floor":1.0},{"not_picked":["PathToVictory","Collect","ThirdEye"],"picked":"SKIP","floor":3.0},{"not_picked":["ForeignInfluence","Weave","SashWhip"],"picked":"SKIP","floor":7.0},{"not_picked":["FlurryOfBlows","SashWhip"],"picked":"Judgement","floor":10.0},{"not_picked":["Collect","CrushJoints"],"picked":"EmptyFist","floor":11.0},{"not_picked":["FollowUp","Consecrate"],"picked":"ReachHeaven","floor":13.0},{"not_picked":["WaveOfTheHand","BattleHymn"],"picked":"Worship","floor":14.0},{"not_picked":["Judgement","Scrawl"],"picked":"Brilliance","floor":16.0},{"not_picked":["FollowUp","Prostrate","SashWhip"],"picked":"SKIP","floor":18.0},{"not_picked":["FlyingSleeves+1","Prostrate"],"picked":"EmptyBody","floor":21.0},{"not_picked":["JustLucky+1","SashWhip"],"picked":"SpiritShield","floor":25.0},{"not_picked":["Crescendo","Evaluate","SandsOfTime"],"picked":"SKIP","floor":28},{"not_picked":["WindmillStrike","TalkToTheHand"],"picked":"Vault","floor":29},{"not_picked":["ConjureBlade","DeusExMachina","MasterReality"],"picked":"Blasphemy","floor":33},{"not_picked":["Crescendo","SignatureMove","Pray"],"picked":"Indignation+1","floor":35},{"not_picked":["CrushJoints","Protect","SandsOfTime","JustLucky"],"picked":"SKIP","floor":41},{"not_picked":["Indignation","SashWhip+1","FlyingSleeves+1","Fasting2"],"picked":"SKIP","floor":48}],"player_experience":549429,"relics_obtained":[{"floor":7.0,"key":"War Paint"},{"floor":9.0,"key":"Strawberry"},{"floor":10.0,"key":"Bronze Scales"},{"floor":25.0,"key":"Lantern"},{"floor":29,"key":"Question Card"},{"floor":41,"key":"Art of War"}],"event_choices":[{"damage_healed":0.0,"max_hp_gain":0.0,"max_hp_loss":0.0,"gold_gain":275.0,"event_name":"Golden Shrine","player_choice":"Desecrate","floor":2.0,"gold_loss":0.0,"damage_taken":0.0,"cards_obtained":["Regret"]},{"damage_healed":0.0,"max_hp_gain":0.0,"max_hp_loss":0.0,"gold_gain":0.0,"event_name":"betterThird:BetterSerpent","player_choice":"RENOUNCE","floor":5.0,"gold_loss":43.0,"damage_taken":43.0,"cards_obtained":["Enlightenment"]},{"damage_healed":0.0,"max_hp_gain":0.0,"max_hp_loss":6.0,"gold_gain":0.0,"event_name":"Golden Idol","player_choice":"Lose Max HP","floor":12.0,"gold_loss":0.0,"damage_taken":0.0,"relics_obtained":["Golden Idol"]},{"damage_healed":0.0,"max_hp_gain":0.0,"max_hp_loss":0.0,"gold_gain":99.0,"event_name":"betterThird:BetterNest","player_choice":"Steal","floor":19.0,"gold_loss":0.0,"damage_taken":0.0},{"damage_healed":0.0,"max_hp_gain":0.0,"max_hp_loss":0.0,"gold_gain":0.0,"event_name":"Lab","player_choice":"Got Potions","floor":20.0,"gold_loss":0.0,"damage_taken":0.0},{"damage_healed":0.0,"max_hp_gain":0.0,"max_hp_loss":0.0,"gold_gain":0.0,"cards_transformed":["Strike_P","Strike_P"],"event_name":"Drug Dealer","player_choice":"Became Test Subject","floor":23.0,"gold_loss":0.0,"damage_taken":0.0,"cards_obtained":["Swivel","FlyingSleeves"]},{"damage_healed":0,"gold_gain":0,"cards_transformed":["Strike_P"],"player_choice":"Transformed","damage_taken":0,"max_hp_gain":0,"max_hp_loss":0,"event_name":"Transmorgrifier","floor":31,"gold_loss":0,"cards_obtained":["Vault"]},{"cards_removed":["Vault"],"damage_healed":0,"gold_gain":0,"player_choice":"Removed Skill","damage_taken":0,"max_hp_gain":0,"max_hp_loss":0,"event_name":"Falling","floor":37,"gold_loss":0},{"damage_healed":0,"gold_gain":0,"player_choice":"Paid","damage_taken":0,"relics_obtained":["Red Mask"],"max_hp_gain":0,"max_hp_loss":0,"event_name":"Tomb of Lord Red Mask","floor":38,"gold_loss":60},{"damage_healed":0,"gold_gain":333,"player_choice":"Gave Idol","damage_taken":0,"max_hp_gain":0,"max_hp_loss":0,"event_name":"The Moai Head","floor":39,"relics_lost":["Golden Idol"],"gold_loss":0},{"damage_healed":0,"gold_gain":3,"player_choice":"3","damage_taken":0,"max_hp_gain":0,"max_hp_loss":0,"event_name":"betterStone:BetterStone","floor":44,"gold_loss":0,"cards_obtained":["Tantrum"]},{"damage_healed":0,"gold_gain":0,"player_choice":"Ignored","damage_taken":0,"max_hp_gain":0,"max_hp_loss":0,"event_name":"Mysterious Sphere","floor":46,"gold_loss":0}],"is_beta":false,"boss_relics":[{"not_picked":["Runic Dome","Tiny House"],"picked":"Cursed Key"},{"not_picked":["Philosopher\u0027s Stone","Snecko Eye"],"picked":"Sozu"}],"items_purged_floors":[4,22,36],"is_endless":false,"potions_floor_spawned":[1,10,13,21,29,33,48],"ascension_level":14}}