{"host":"jegehu1t82aiec5j","time":1609783943,"event":{"mods":["BaseMod","Colored Map","Minty Spire (QoL Compilation)","Relic Stats","StSLib"],"gold_per_floor":[116,116,116,135,153,153,52,93,119,119,158,173,173,214,214,304,304,324,374,390,88,108,146,169,169,169,169,192,216,216,254,254,347,347,362,386,386,399,419,419,419],"floor_reached":40,"playtime":1619,"items_purged":["Strike_G","Strike_G"],"score":896,"play_id":"55fece27-f881-4a68-911e-dfe05e1593f2","local_time":"20210104131223","is_ascension_mode":true,"campfire_choices":[{"data":"Choke","floor":6.0,"key":"SMITH"},{"data":"Cloak And Dagger","floor":10.0,"key":"SMITH"},{"data":"Accuracy","floor":15.0,"key":"SMITH"},{"floor":25.0,"key":"REST"},{"data":"Envenom","floor":27.0,"key":"SMITH"},{"data":"Sadistic Nature","floor":30.0,"key":"SMITH"},{"floor":32.0,"key":"REST"}],"circlet_count":0,"master_deck":["AscendersBane","Strike_G","Defend_G","Defend_G","Defend_G","Defend_G","Defend_G","Survivor","Neutralize","Phantasmal Killer+1","Dagger Spray","Cloak And Dagger+1","Choke+1","Sucker Punch","Blade Dance","Envenom+1","Accuracy+1","Sadistic Nature+1","Dodge and Roll","Acrobatics","Night Terror","Acrobatics","Dodge and Roll+1"],"relics":["Ring of the Snake","WarpedTongs","Golden Idol","Bag of Marbles","MealTicket","Happy Flower","Pear","Busted Crown","Ginger","InkBottle","Lizard Tail","Cursed Key"],"acts_visited":["Exordium","TheCity","TheBeyond"],"potions_floor_usage":[40],"damage_taken":[{"damage":2.0,"enemies":"Jaw Worm","floor":1.0,"turns":6.0},{"damage":0.0,"enemies":"2 Louse","floor":4.0,"turns":2.0},{"damage":1.0,"enemies":"Small Slimes","floor":5.0,"turns":4.0},{"damage":2.0,"enemies":"3 Sentries","floor":8.0,"turns":5.0},{"damage":6.0,"enemies":"Gremlin Nob","floor":11.0,"turns":3.0},{"damage":1.0,"enemies":"Gremlin Gang","floor":12.0,"turns":3.0},{"damage":2.0,"enemies":"3 Sentries","floor":14.0,"turns":4.0},{"damage":10.0,"enemies":"Hexaghost","floor":16.0,"turns":7.0},{"damage":0.0,"enemies":"Chosen","floor":18.0,"turns":2.0},{"damage":6.0,"enemies":"Spheric Guardian","floor":20.0,"turns":3.0},{"damage":0.0,"enemies":"Centurion and Healer","floor":22.0,"turns":4.0},{"damage":8.0,"enemies":"Gremlin Leader","floor":23.0,"turns":4.0},{"damage":21.0,"enemies":"Shelled Parasite and Fungi","floor":24.0,"turns":5.0},{"damage":11.0,"enemies":"Sentry and Sphere","floor":28.0,"turns":3.0},{"damage":0.0,"enemies":"Snecko","floor":29.0,"turns":2.0},{"damage":28.0,"enemies":"Slavers","floor":31.0,"turns":4.0},{"damage":9.0,"enemies":"Automaton","floor":33.0,"turns":7.0},{"damage":19.0,"enemies":"3 Shapes","floor":35.0,"turns":9.0},{"damage":30.0,"enemies":"3 Darklings","floor":36.0,"turns":4.0},{"damage":21.0,"enemies":"Jaw Worm Horde","floor":38.0,"turns":4.0},{"damage":18.0,"enemies":"Transient","floor":39.0,"turns":6.0},{"damage":18,"enemies":"Giant Head","floor":40,"turns":4}],"seed_played":"1364514306399954766","potions_obtained":[{"floor":8.0,"key":"Explosive Potion"},{"floor":11.0,"key":"SkillPotion"},{"floor":14.0,"key":"Poison Potion"},{"floor":18.0,"key":"DistilledChaos"},{"floor":29.0,"key":"DuplicationPotion"},{"floor":31.0,"key":"GhostInAJar"},{"floor":36.0,"key":"Energy Potion"},{"floor":39.0,"key":"Regen Potion"}],"is_trial":false,"path_per_floor":["M","?","?","M","M","R","$","E","T","R","E","M","?","E","R","B",null,"M","?","M","$","M","E","M","R","T","R","M","M","R","E","R","B",null,"M","M","?","M","M","E"],"character_chosen":"THE_SILENT","items_purchased":["Sucker Punch","Sadistic Nature"],"campfire_rested":2,"item_purchase_floors":[7,21],"current_hp_per_floor":[57,57,57,57,56,56,56,54,54,54,48,47,40,48,48,38,62,62,55,49,64,64,56,35,56,56,56,45,45,45,17,38,29,60,41,11,11,25,7,0,0],"gold":419,"neow_bonus":"ONE_RANDOM_RARE_CARD","is_daily":false,"chose_seed":false,"campfire_upgraded":5,"win_rate":0.0,"timestamp":1609783943,"path_taken":["M","?","?","M","M","R","?","E","T","R","E","M","?","E","R","BOSS","M","?","M","$","M","E","M","R","T","R","M","M","R","E","R","BOSS","M","?","?","?","M","E"],"items_purchased_type":["Card","Card"],"build_version":"2020-12-22","purchased_purges":2,"victory":false,"max_hp_per_floor":[66,66,60,60,60,60,60,60,60,60,60,60,60,70,70,70,70,70,70,70,70,70,70,70,70,70,70,70,70,70,70,70,70,70,70,70,70,70,70,70,70],"relic_stats":{"Lizard Tail":35,"Busted Crown":26,"Happy Flower":[25],"counters":[22,95],"Golden Idol":129,"MealTicket":15,"Ginger":[2],"Cursed Key":0,"obtain_stats":[{"Lizard Tail":31,"Pear":14,"Busted Crown":17,"Happy Flower":11,"Golden Idol":3,"MealTicket":9,"Bag of Marbles":8,"Ginger":23,"Cursed Key":34,"InkBottle":26,"Ring of the Snake":0,"WarpedTongs":1},{"Lizard Tail":16,"Pear":7,"Busted Crown":8,"Happy Flower":5,"Golden Idol":1,"MealTicket":4,"Bag of Marbles":4,"Ginger":12,"Cursed Key":17,"InkBottle":13,"Ring of the Snake":0,"WarpedTongs":1},{"Lizard Tail":61,"Pear":27,"Busted Crown":34,"Happy Flower":20,"Golden Idol":6,"MealTicket":17,"Bag of Marbles":17,"Ginger":47,"Cursed Key":68,"InkBottle":52,"Ring of the Snake":0,"WarpedTongs":1}],"InkBottle":[25],"Ring of the Snake":[44],"WarpedTongs":[94]},"card_choices":[{"not_picked":["Dodge and Roll","Caltrops"],"picked":"Dagger Spray","floor":1.0},{"not_picked":["Caltrops","Slice"],"picked":"Cloak And Dagger","floor":4.0},{"not_picked":["Reflex","PiercingWail"],"picked":"Choke","floor":5.0},{"not_picked":["Deadly Poison","Outmaneuver"],"picked":"Blade Dance","floor":8.0},{"not_picked":["Poisoned Stab","Acrobatics"],"picked":"Envenom","floor":11.0},{"not_picked":["Poisoned Stab","Backflip"],"picked":"Accuracy","floor":12.0},{"not_picked":["Dagger Throw","Acrobatics","Accuracy"],"picked":"SKIP","floor":14.0},{"not_picked":["Sucker Punch"],"picked":"SKIP","floor":18.0},{"not_picked":["Infinite Blades"],"picked":"SKIP","floor":20.0},{"not_picked":["Poisoned Stab"],"picked":"SKIP","floor":22.0},{"not_picked":["Unload"],"picked":"SKIP","floor":23.0},{"not_picked":["Bane"],"picked":"SKIP","floor":24.0},{"not_picked":[],"picked":"Dodge and Roll","floor":28.0},{"not_picked":["All Out Attack+1"],"picked":"SKIP","floor":29.0},{"not_picked":[],"picked":"Acrobatics","floor":31.0},{"not_picked":[],"picked":"Night Terror","floor":33.0},{"not_picked":["Flechettes"],"picked":"SKIP","floor":35.0},{"not_picked":["Setup"],"picked":"SKIP","floor":36.0},{"not_picked":["Masterful Stab"],"picked":"SKIP","floor":38.0},{"not_picked":[],"picked":"Dodge and Roll+1","floor":39.0}],"player_experience":2533847,"relics_obtained":[{"floor":8.0,"key":"Bag of Marbles"},{"floor":9.0,"key":"MealTicket"},{"floor":11.0,"key":"Happy Flower"},{"floor":14.0,"key":"Pear"},{"floor":23.0,"key":"Ginger"},{"floor":26.0,"key":"InkBottle"},{"floor":31.0,"key":"Lizard Tail"}],"event_choices":[{"damage_healed":0.0,"max_hp_gain":0.0,"max_hp_loss":0.0,"gold_gain":0.0,"event_name":"Living Wall","player_choice":"Grow","floor":2.0,"gold_loss":0.0,"damage_taken":0.0,"cards_upgraded":["Phantasmal Killer"]},{"damage_healed":0.0,"max_hp_gain":0.0,"max_hp_loss":6.0,"gold_gain":0.0,"event_name":"Golden Idol","player_choice":"Lose Max HP","floor":3.0,"gold_loss":0.0,"damage_taken":0.0,"relics_obtained":["Golden Idol"]},{"cards_removed":["Strike_G"],"damage_healed":0.0,"max_hp_gain":0.0,"max_hp_loss":0.0,"gold_gain":0.0,"event_name":"Golden Wing","player_choice":"Card Removal","floor":13.0,"gold_loss":0.0,"damage_taken":7.0},{"damage_healed":0.0,"max_hp_gain":0.0,"max_hp_loss":0.0,"gold_gain":50.0,"event_name":"FaceTrader","player_choice":"Touch","floor":19.0,"gold_loss":0.0,"damage_taken":7.0},{"damage_healed":0.0,"max_hp_gain":0.0,"max_hp_loss":0.0,"gold_gain":0.0,"cards_transformed":["Strike_G"],"event_name":"Transmorgrifier","player_choice":"Transformed","floor":37.0,"gold_loss":0.0,"damage_taken":0.0,"cards_obtained":["Acrobatics"]}],"is_beta":false,"boss_relics":[{"not_picked":["Pandora\u0027s Box","Calling Bell"],"picked":"Busted Crown"},{"not_picked":["SlaversCollar","Fusion Hammer"],"picked":"Cursed Key"}],"items_purged_floors":[7,21],"is_endless":false,"potions_floor_spawned":[8,11,12,14,18,20,29,31,36,39],"killed_by":"Giant Head","ascension_level":20}}