{"host":"jq8d8epkoknfq6em","time":1609802776,"event":{"mods":["AchievementEnabler","BaseMod","Colored Map","Colored Powertips","Highlight Path","Minty Spire (QoL Compilation)","Quick Restart","StSLib"],"gold_per_floor":[116,132,149,161,86,86,121,133,172,184,212,240,286,298,310,427,489,514,544,36,36,54,83,83,112,112,122,141,160,259,273,273,273,273],"floor_reached":33,"playtime":2320,"items_purged":["Strike_R"],"score":530,"play_id":"4bf14632-6979-4db3-b70d-981919c54cdc","local_time":"20210105002615","is_ascension_mode":true,"campfire_choices":[{"data":"Combust","floor":6,"key":"SMITH"},{"data":"Hemokinesis","floor":8,"key":"SMITH"},{"data":"Cleave","floor":10,"key":"SMITH"},{"floor":15,"key":"REST"},{"data":"Berserk","floor":24,"key":"SMITH"},{"data":"Combust","floor":32,"key":"SMITH"}],"circlet_count":0,"master_deck":["AscendersBane","Defend_R","Defend_R","Defend_R","Defend_R","Bash","Cleave+1","Hemokinesis+1","Combust+1","Twin Strike","Limit Break","Combust+1","Shrug It Off","Berserk+1","Shockwave","Intimidate+1","Heavy Blade+1","Bite","Bite","Bite","Bite","Bite","Shrug It Off","Shrug It Off","Flame Barrier+1","Feel No Pain","Headbutt+1"],"relics":["Burning Blood","Boot","MawBank","Bronze Scales","Juzu Bracelet","Regal Pillow","Tiny House","PreservedInsect","ClockworkSouvenir","Toy Ornithopter","Red Skull","Bag of Marbles","Molten Egg 2"],"acts_visited":["Exordium","TheCity"],"potions_floor_usage":[11,13,16,19,19,22,22,23,25,25,29,33],"damage_taken":[{"damage":1,"enemies":"Cultist","floor":1,"turns":4},{"damage":6,"enemies":"Jaw Worm","floor":2,"turns":5},{"damage":6,"enemies":"2 Louse","floor":3,"turns":3},{"damage":5,"enemies":"Large Slime","floor":4,"turns":5},{"damage":33,"enemies":"Lagavulin","floor":7,"turns":6},{"damage":11,"enemies":"2 Fungi Beasts","floor":11,"turns":2},{"damage":11,"enemies":"Exordium Wildlife","floor":12,"turns":4},{"damage":20,"enemies":"Gremlin Nob","floor":13,"turns":3},{"damage":30,"enemies":"Slime Boss","floor":16,"turns":6},{"damage":15,"enemies":"Chosen","floor":18,"turns":4},{"damage":42,"enemies":"2 Thieves","floor":19,"turns":4},{"damage":42,"enemies":"Sentry and Sphere","floor":22,"turns":5},{"damage":9,"enemies":"Gremlin Leader","floor":23,"turns":4},{"damage":12,"enemies":"Book of Stabbing","floor":25,"turns":4},{"damage":15,"enemies":"Cultist and Chosen","floor":27,"turns":5},{"damage":21,"enemies":"Centurion and Healer","floor":28,"turns":7},{"damage":29,"enemies":"Snake Plant","floor":29,"turns":5},{"damage":5,"enemies":"Chosen and Byrds","floor":31,"turns":4},{"damage":60,"enemies":"Automaton","floor":33,"turns":8}],"seed_played":"-7931828643534499753","potions_obtained":[{"floor":1,"key":"Fire Potion"},{"floor":4,"key":"Swift Potion"},{"floor":11,"key":"SteroidPotion"},{"floor":16,"key":"Regen Potion"},{"floor":17,"key":"Swift Potion"},{"floor":19,"key":"EntropicBrew"},{"floor":23,"key":"HeartOfIron"},{"floor":25,"key":"SteroidPotion"},{"floor":27,"key":"DuplicationPotion"}],"is_trial":false,"path_per_floor":["M","M","M","M","$","R","E","R","T","R","M","M","E","?","R","B",null,"M","M","$","?","M","E","R","E","T","M","M","M","?","M","R","B"],"character_chosen":"IRONCLAD","items_purchased":["PreservedInsect","ClockworkSouvenir","Toy Ornithopter","Regen Potion"],"campfire_rested":1,"item_purchase_floors":[20,20,20,20],"current_hp_per_floor":[77,77,77,78,78,78,51,51,51,51,46,41,27,27,66,42,76,67,43,43,43,35,43,43,49,49,46,45,33,33,40,40,0,0],"gold":273,"neow_bonus":"RANDOM_COMMON_RELIC","is_daily":false,"chose_seed":false,"campfire_upgraded":5,"win_rate":0.0,"timestamp":1609802775,"path_taken":["M","M","M","M","?","R","E","R","T","R","M","M","E","?","R","BOSS","M","M","$","?","M","E","R","E","T","M","M","M","?","M","R","BOSS"],"items_purchased_type":["Relic","Relic","Relic","Potion"],"build_version":"2020-12-22","purchased_purges":1,"victory":false,"max_hp_per_floor":[80,80,80,80,80,80,80,80,80,80,80,80,80,80,80,80,85,85,85,85,59,59,59,59,59,59,59,59,59,59,59,59,59,59],"card_choices":[{"not_picked":["Wild Strike","Heavy Blade"],"picked":"Cleave","floor":1},{"not_picked":["Body Slam","Pommel Strike"],"picked":"Hemokinesis","floor":2},{"not_picked":["Sever Soul","Carnage"],"picked":"Combust","floor":3},{"not_picked":["Havoc","Thunderclap"],"picked":"Twin Strike","floor":4},{"not_picked":["Ghostly Armor","Anger"],"picked":"Limit Break","floor":7},{"not_picked":["Wild Strike","Cleave"],"picked":"Combust","floor":11},{"not_picked":["Cleave","Twin Strike"],"picked":"Shrug It Off","floor":12},{"not_picked":["Cleave","Second Wind","Heavy Blade"],"picked":"SKIP","floor":13},{"not_picked":["Corruption","Brutality"],"picked":"Berserk","floor":16},{"not_picked":["Headbutt","Thunderclap"],"picked":"Shockwave","floor":17},{"not_picked":["Fire Breathing+1","Carnage"],"picked":"Intimidate+1","floor":18},{"not_picked":["Twin Strike","Infernal Blade"],"picked":"Heavy Blade+1","floor":19},{"not_picked":["Sword Boomerang","Warcry"],"picked":"Shrug It Off","floor":22},{"not_picked":["Clothesline+1","Sword Boomerang","Dropkick"],"picked":"SKIP","floor":23},{"not_picked":["Iron Wave","Twin Strike"],"picked":"Shrug It Off","floor":25},{"not_picked":["Wild Strike+1","Clash+1"],"picked":"Flame Barrier+1","floor":27},{"not_picked":["Reckless Charge+1","Thunderclap+1"],"picked":"Feel No Pain","floor":28},{"not_picked":["Heavy Blade+1","Immolate+1","Iron Wave+1"],"picked":"SKIP","floor":29},{"not_picked":["Reckless Charge+1","Feel No Pain"],"picked":"Headbutt+1","floor":31}],"player_experience":938338,"relics_obtained":[{"floor":7,"key":"MawBank"},{"floor":9,"key":"Bronze Scales"},{"floor":13,"key":"Juzu Bracelet"},{"floor":23,"key":"Red Skull"},{"floor":25,"key":"Bag of Marbles"},{"floor":26,"key":"Molten Egg 2"}],"event_choices":[{"damage_healed":0,"gold_gain":0,"player_choice":"Searched \u00272\u0027 times","damage_taken":0,"relics_obtained":["Regal Pillow"],"max_hp_gain":0,"max_hp_loss":0,"event_name":"Dead Adventurer","floor":14,"gold_loss":0},{"damage_healed":0,"gold_gain":0,"player_choice":"Became a vampire","damage_taken":0,"max_hp_gain":0,"max_hp_loss":26,"event_name":"Vampires","floor":21,"gold_loss":0,"cards_obtained":["Bite","Bite","Bite","Bite","Bite"]},{"damage_healed":0,"gold_gain":99,"player_choice":"Stole From Cult","damage_taken":0,"max_hp_gain":0,"max_hp_loss":0,"event_name":"Nest","floor":30,"gold_loss":0}],"is_beta":false,"boss_relics":[{"not_picked":["Coffee Dripper","Cursed Key"],"picked":"Tiny House"}],"items_purged_floors":[5],"is_endless":false,"potions_floor_spawned":[1,4,11,16,19,23,25,27],"killed_by":"Automaton","ascension_level":11}}