{"host":"iml8x8es9od4zowg","time":1609757953,"event":{"mods":["2.2 Compatiblity","BaseMod","Marisa£¨Ùöéë¡¡Øª×âÞÞ£©","Minty Spire (QoL Compilation)","StSLib","Td1madao Mod","The Jungle","¡¼?Úª?ø«¡½REMEMod"],"gold_per_floor":[218,218,232,232,261,273,305,380,392,423,435,25,40,52,52,154,154,174,188,188,201,214,214,240,240,267,542,35,99,154,174,174,282,332,345,345,362,428,498,530,530,49,49,90,102,127,127,151,151,157,157,157,9,37,52],"floor_reached":56,"playtime":2946,"items_purged":["Regret","Strike_R"],"score":1528,"play_id":"3ee69369-ef01-4270-8f7c-65b7c96ef6c6","local_time":"20210104195913","is_ascension_mode":true,"campfire_choices":[{"data":"Apotheosis","floor":6,"key":"SMITH"},{"data":"REME_Flogging","floor":15,"key":"SMITH"},{"data":"REME_ACTH","floor":23,"key":"SMITH"},{"floor":25,"key":"RECALL"},{"data":"REME_Flogging","floor":32,"key":"SMITH"},{"data":"Limit Break","floor":41,"key":"SMITH"},{"data":"1","floor":47,"key":"LIFT"},{"data":"Barricade","floor":49,"key":"SMITH"},{"data":"2","floor":52,"key":"LIFT"}],"circlet_count":0,"master_deck":["Strike_R","Strike_R","Strike_R","Strike_R","Defend_R+1","Defend_R+1","Defend_R","Defend_R","Bash","Body Slam+1","Apotheosis+1","Cleave","Burning Pact+1","Pommel Strike","Battle Trance+1","Flex","REME_Flogging+1","Body Slam","REME_ACTH+1","Flame Barrier+1","Pommel Strike","Shrug It Off","REME_Flogging+1","Ghostly Armor+1","Spot Weakness","Limit Break+1","Shrug It Off+1","Thunderclap+1","Seeing Red","Sword Boomerang+1","Offering","Heavy Blade+1","Barricade+1","Body Slam+1"],"relics":["Black Blood","REME_ComplimentaryCards","The Courier","MawBank","Ice Cream","Blue Candle","Membership Card","FossilizedHelix","HornCleat","theJungle:WildStrawberry","Girya","War Paint","Brimstone","Bag of Preparation","REME_ArchaeologicalTools","Strawberry","Question Card","MealTicket","Tiny House","Bird Faced Urn","Self Forming Clay","Matryoshka","ClockworkSouvenir","Pen Nib","Bag of Marbles","Mummified Hand","Pantograph","REME_HandOfSuture","PreservedInsect","Potion Belt","Kunai","Anchor"],"acts_visited":["Exordium","Exordium","TheBeyond","TheEnding"],"potions_floor_usage":[16,55,55,55],"damage_taken":[{"damage":1,"enemies":"Cultist","floor":1,"turns":4},{"damage":5,"enemies":"Small Slimes","floor":3,"turns":3},{"damage":8,"enemies":"Jaw Worm","floor":5,"turns":4},{"damage":0,"enemies":"Blue Slaver","floor":7,"turns":3},{"damage":27,"enemies":"Lagavulin Event","floor":8,"turns":6},{"damage":10,"enemies":"3 Louse","floor":10,"turns":3},{"damage":5,"enemies":"Lots of Slimes","floor":13,"turns":2},{"damage":0,"enemies":"Looter","floor":14,"turns":3},{"damage":0,"enemies":"Hexaghost","floor":16,"turns":7},{"damage":0,"enemies":"theJungle:Flameango_and_Byrd","floor":18,"turns":3},{"damage":0,"enemies":"theJungle:MUSHROOMGANG","floor":19,"turns":2},{"damage":0,"enemies":"theJungle:2_Snecko_Cultists","floor":21,"turns":2},{"damage":0,"enemies":"theJungle:SlimyTreeVines","floor":22,"turns":5},{"damage":0,"enemies":"theJungle:MamaSnecko","floor":24,"turns":2},{"damage":0,"enemies":"theJungle:Lyon","floor":29,"turns":1},{"damage":0,"enemies":"theJungle:2_Snecko_Cultists","floor":30,"turns":3},{"damage":12,"enemies":"theJungle:JungleHuntersEncounter","floor":31,"turns":4},{"damage":42,"enemies":"theJungle:TotemBoss","floor":33,"turns":5},{"damage":13,"enemies":"3 Darklings","floor":35,"turns":4},{"damage":4,"enemies":"Orb Walker","floor":37,"turns":4},{"damage":26,"enemies":"2 Orb Walkers","floor":38,"turns":4},{"damage":14,"enemies":"Nemesis","floor":40,"turns":3},{"damage":0,"enemies":"Giant Head","floor":44,"turns":3},{"damage":11,"enemies":"Jaw Worm Horde","floor":45,"turns":2},{"damage":0,"enemies":"3 Darklings","floor":46,"turns":2},{"damage":0,"enemies":"Sphere and 2 Shapes","floor":48,"turns":5},{"damage":0,"enemies":"Donu and Deca","floor":50,"turns":3},{"damage":0,"enemies":"Shield and Spear","floor":54,"turns":1},{"damage":51,"enemies":"The Heart","floor":55,"turns":5}],"seed_played":"-2159348510559837601","potions_obtained":[{"floor":1,"key":"SkillPotion"},{"floor":7,"key":"Regen Potion"},{"floor":8,"key":"SkillPotion"},{"floor":10,"key":"EssenceOfSteel"},{"floor":16,"key":"BlessingOfTheForge"},{"floor":19,"key":"DuplicationPotion"},{"floor":30,"key":"LiquidMemories"},{"floor":31,"key":"BloodPotion"},{"floor":34,"key":"Explosive Potion"},{"floor":45,"key":"Energy Potion"},{"floor":54,"key":"FearPotion"}],"is_trial":false,"path_per_floor":["M","?","M","?","M","R","M","?","T","M","?","$","M","M","R","B",null,"M","M","?","M","M","R","E","R","T","?","$","M","M","M","R","B",null,"M","?","M","?","T","E","R","$","T","E","M","M","R","M","R","B",null,"R","$","E","B",null],"character_chosen":"IRONCLAD","items_purchased":["Membership Card","FossilizedHelix","HornCleat","REME_Flogging","REME_Flogging","Brimstone","Bag of Preparation","REME_ArchaeologicalTools","Strawberry","Question Card","MealTicket","ClockworkSouvenir","Pen Nib","Bag of Marbles","Mummified Hand","Pantograph","REME_HandOfSuture","Kunai"],"campfire_rested":0,"item_purchase_floors":[12,12,12,12,28,28,28,28,28,28,28,42,42,42,42,42,42,53],"current_hp_per_floor":[80,73,74,74,72,72,78,57,57,53,37,37,38,44,44,50,80,80,80,73,85,87,87,87,87,87,87,94,94,94,94,94,64,99,98,98,99,85,85,87,87,99,99,99,99,99,99,99,99,99,99,99,99,99,62],"gold":52,"neow_bonus":"HUNDRED_GOLD","is_daily":false,"chose_seed":false,"campfire_upgraded":6,"win_rate":0.0,"timestamp":1609757953,"path_taken":["M","?","M","?","M","R","?","?","T","M","?","$","M","M","R","BOSS","M","M","?","M","M","R","E","R","T","?","$","?","M","M","R","BOSS","M","?","M","?","?","E","R","$","T","E","M","M","R","M","R","BOSS","R","$","E","BOSS"],"items_purchased_type":["Relic","Relic","Relic","Card","Card","Relic","Relic","Relic","Relic","Relic","Relic","Relic","Relic","Relic","Relic","Relic","Relic","Relic"],"build_version":"2020-12-22","purchased_purges":2,"victory":true,"max_hp_per_floor":[80,80,80,80,80,80,80,80,80,80,80,80,80,80,80,80,80,80,80,87,87,87,87,87,87,87,87,94,94,94,94,94,94,99,99,99,99,99,99,99,99,99,99,99,99,99,99,99,99,99,99,99,99,99,99],"card_choices":[{"not_picked":["Infernal Blade","Fire Breathing"],"picked":"Body Slam","floor":1},{"not_picked":["Wild Strike","Sentinel"],"picked":"Cleave","floor":3},{"not_picked":["Disarm","Armaments"],"picked":"Burning Pact","floor":5},{"not_picked":["Headbutt","Second Wind"],"picked":"Pommel Strike","floor":7},{"not_picked":["True Grit","Clothesline"],"picked":"Battle Trance","floor":8},{"not_picked":["Carnage","Twin Strike"],"picked":"Flex","floor":10},{"not_picked":["Hemokinesis","Headbutt"],"picked":"Body Slam","floor":13},{"not_picked":["Anger","Cleave","Brutality"],"picked":"SKIP","floor":14},{"not_picked":["Reaper","Fiend Fire"],"picked":"REME_ACTH","floor":16},{"not_picked":["True Grit","Carnage"],"picked":"Flame Barrier+1","floor":18},{"not_picked":["Warcry","Whirlwind+1","Anger"],"picked":"SKIP","floor":19},{"not_picked":["Perfected Strike","Rampage","Evolve"],"picked":"SKIP","floor":21},{"not_picked":["Shockwave+1","Sentinel"],"picked":"Pommel Strike","floor":22},{"not_picked":["Dual Wield+1","Reckless Charge+1"],"picked":"Shrug It Off","floor":24},{"not_picked":["Intimidate","Thunderclap","Disarm"],"picked":"Ghostly Armor+1","floor":29},{"not_picked":["Headbutt","Clash+1","Burning Pact","Havoc"],"picked":"SKIP","floor":30},{"not_picked":["Dropkick","Thunderclap+1","Cleave"],"picked":"Spot Weakness","floor":31},{"not_picked":["Berserk","Immolate","Juggernaut"],"picked":"Limit Break","floor":33},{"not_picked":["Pommel Strike","Infernal Blade","Wild Strike"],"picked":"Shrug It Off+1","floor":34},{"not_picked":["Disarm+1","Whirlwind","Body Slam"],"picked":"Thunderclap+1","floor":35},{"not_picked":["Armaments+1","Battle Trance+1","Cleave","Sword Boomerang"],"picked":"SKIP","floor":37},{"not_picked":["Body Slam+1","Combust","Power Through+1"],"picked":"Seeing Red","floor":38},{"not_picked":["Ghostly Armor+1","Searing Blow+1","Dual Wield+1"],"picked":"Sword Boomerang+1","floor":40},{"not_picked":["Warcry","Heavy Blade+1","Spot Weakness"],"picked":"Offering","floor":44},{"not_picked":["Body Slam+1","Anger","Dropkick+1"],"picked":"Heavy Blade+1","floor":45},{"not_picked":["Intimidate","Clash","Pommel Strike"],"picked":"Barricade","floor":46},{"not_picked":["Dropkick+1","Clash","Dark Embrace"],"picked":"Body Slam+1","floor":48},{"not_picked":["Shrug It Off","Ghostly Armor","Pommel Strike+1","Iron Wave"],"picked":"SKIP","floor":54}],"player_experience":509669,"relics_obtained":[{"floor":8,"key":"Ice Cream"},{"floor":9,"key":"Blue Candle"},{"floor":24,"key":"Girya"},{"floor":26,"key":"War Paint"},{"floor":38,"key":"Bird Faced Urn"},{"floor":39,"key":"Self Forming Clay"},{"floor":40,"key":"Matryoshka"},{"floor":43,"key":"PreservedInsect"},{"floor":44,"key":"Potion Belt"},{"floor":54,"key":"Anchor"}],"event_choices":[{"damage_healed":0,"gold_gain":0,"player_choice":"Success","damage_taken":7,"relics_obtained":["The Courier"],"max_hp_gain":0,"max_hp_loss":0,"event_name":"Scrap Ooze","floor":2,"gold_loss":0},{"damage_healed":0,"gold_gain":0,"player_choice":"Gave Potion","damage_taken":0,"relics_obtained":["MawBank"],"max_hp_gain":0,"max_hp_loss":0,"event_name":"WeMeetAgain","floor":4,"gold_loss":0},{"damage_healed":0,"gold_gain":0,"player_choice":"Searched \u00271\u0027 times","damage_taken":0,"max_hp_gain":0,"max_hp_loss":0,"event_name":"Dead Adventurer","floor":8,"gold_loss":0},{"damage_healed":0,"gold_gain":0,"player_choice":"Entered Light","damage_taken":16,"max_hp_gain":0,"max_hp_loss":0,"event_name":"Shining Light","floor":11,"gold_loss":0,"cards_upgraded":["Body Slam","Defend_R"]},{"damage_healed":0,"gold_gain":275,"player_choice":"Desecrate","damage_taken":0,"max_hp_gain":0,"max_hp_loss":0,"event_name":"Golden Shrine","floor":27,"gold_loss":0,"cards_obtained":["Regret"]},{"damage_healed":0,"gold_gain":0,"player_choice":"Ignored","damage_taken":0,"max_hp_gain":0,"max_hp_loss":0,"event_name":"Tomb of Lord Red Mask","floor":36,"gold_loss":0},{"damage_healed":0,"gold_gain":0,"player_choice":"Fight","damage_taken":0,"max_hp_gain":0,"max_hp_loss":0,"event_name":"Mysterious Sphere","floor":38,"gold_loss":0}],"is_beta":false,"boss_relics":[{"not_picked":["REME_DemonsWealth","Astrolabe"],"picked":"Black Blood"},{"not_picked":["Sozu","Coffee Dripper"],"picked":"Tiny House"}],"items_purged_floors":[42,53],"is_endless":false,"potions_floor_spawned":[1,7,8,10,16,19,30,31,33,35,37,45,54],"ascension_level":1}}