{"host":"54vghy6hfkyy1r39","time":1609727009,"event":{"mods":["AchievementEnabler","BaseMod","Minty Spire (QoL Compilation)","StSLib","SuperFastMode","everything is the same but u backflip on backflip"],"gold_per_floor":[119,132,132,178,178,178,192,223,223,223,255,266,28,44,44,44,44],"floor_reached":16,"playtime":335,"items_purged":["Strike_P"],"score":149,"play_id":"03ca9686-4f35-429a-944c-dba24920d467","local_time":"20210104112329","is_ascension_mode":true,"campfire_choices":[{"data":"Eruption","floor":6,"key":"SMITH"},{"floor":10,"key":"REST"},{"floor":15,"key":"REST"}],"circlet_count":0,"master_deck":["Strike_P+1","Strike_P","Defend_P","Defend_P","Defend_P","Defend_P","Eruption+1","Vigilance+1","MasterReality","FlurryOfBlows","PathToVictory","Crescendo","CrushJoints","MentalFortress"],"relics":["PureWater","Damaru","Dream Catcher","PreservedInsect","Smiling Mask","ClockworkSouvenir"],"acts_visited":["Exordium"],"potions_floor_usage":[],"damage_taken":[{"damage":0,"enemies":"Small Slimes","floor":1,"turns":2},{"damage":0,"enemies":"Jaw Worm","floor":2,"turns":4},{"damage":0,"enemies":"Cultist","floor":7,"turns":3},{"damage":18,"enemies":"Lagavulin","floor":8,"turns":5},{"damage":0,"enemies":"Gremlin Nob","floor":11,"turns":2},{"damage":0,"enemies":"3 Louse","floor":12,"turns":2},{"damage":27,"enemies":"Lots of Slimes","floor":14,"turns":4},{"damage":19,"enemies":"The Guardian","floor":16,"turns":4}],"seed_played":"5046469531233952996","potions_obtained":[{"floor":2,"key":"FearPotion"},{"floor":8,"key":"BlessingOfTheForge"}],"is_trial":false,"path_per_floor":["M","M","?","T","?","R","M","E","T","R","E","M","$","M","R","B"],"character_chosen":"WATCHER","items_purchased":["MentalFortress","ClockworkSouvenir"],"campfire_rested":2,"item_purchase_floors":[13,13],"current_hp_per_floor":[72,72,58,58,51,51,51,33,33,54,54,54,54,27,48,29,29],"gold":44,"neow_bonus":"ONE_RANDOM_RARE_CARD","is_daily":false,"chose_seed":false,"campfire_upgraded":1,"win_rate":0.0,"timestamp":1609727009,"path_taken":["M","M","?","?","?","R","M","E","T","R","E","M","$","M","R","BOSS"],"items_purchased_type":["Card","Relic"],"build_version":"2020-12-22","purchased_purges":1,"victory":false,"max_hp_per_floor":[72,72,72,72,72,72,72,72,72,72,72,72,72,72,72,72,72],"card_choices":[{"not_picked":["Halt","EmptyBody"],"picked":"FlurryOfBlows","floor":1},{"not_picked":["FlyingSleeves","BowlingBash"],"picked":"PathToVictory","floor":2},{"not_picked":["Conclude","ThirdEye"],"picked":"Crescendo","floor":7},{"not_picked":["Establishment","Prostrate","EmptyFist"],"picked":"SKIP","floor":8},{"not_picked":["BowlingBash","WheelKick"],"picked":"CrushJoints","floor":10},{"not_picked":["Collect","Omniscience","Indignation"],"picked":"SKIP","floor":11},{"not_picked":["CrushJoints","Sanctity","BattleHymn"],"picked":"SKIP","floor":12},{"not_picked":["CrushJoints","EmptyBody","Vengeance"],"picked":"SKIP","floor":14}],"player_experience":183091,"relics_obtained":[{"floor":4,"key":"Damaru"},{"floor":8,"key":"Dream Catcher"},{"floor":9,"key":"PreservedInsect"},{"floor":11,"key":"Smiling Mask"}],"event_choices":[{"damage_healed":0,"gold_gain":0,"player_choice":"Entered Light","damage_taken":14,"max_hp_gain":0,"max_hp_loss":0,"event_name":"Shining Light","floor":3,"gold_loss":0,"cards_upgraded":["Vigilance","Strike_P"]},{"cards_removed":["Strike_P"],"damage_healed":0,"gold_gain":0,"player_choice":"Card Removal","damage_taken":7,"max_hp_gain":0,"max_hp_loss":0,"event_name":"Golden Wing","floor":5,"gold_loss":0}],"is_beta":false,"boss_relics":[],"items_purged_floors":[13],"is_endless":false,"potions_floor_spawned":[2,8],"killed_by":"The Guardian","ascension_level":2}}