{"host":"i1h39d0gfh5c6uxl","time":1609772564,"event":{"mods":["AchievementEnabler","BaseMod","Colored Map","Colored Powertips","Highlight Path","Minty Spire (QoL Compilation)"],"gold_per_floor":[116,116,19,19,19,52,52,83,83,97,126,140,140,150,150,226,226,241,260,260,271,286,313,313,341,364,394,414,427,443,33,33,107,107,119,139,157,171,71,71,97,97,97,97,108,122,140,170,170,170,170,170],"floor_reached":51,"playtime":2261,"items_purged":["Strike_R","Defend_R"],"score":1482,"play_id":"d9af995e-ac14-4117-9813-48546c4dbd84","local_time":"20210104230244","is_ascension_mode":true,"campfire_choices":[{"data":"Uppercut","floor":7.0,"key":"SMITH"},{"data":"Demon Form","floor":13.0,"key":"SMITH"},{"data":"Twin Strike","floor":15.0,"key":"SMITH"},{"floor":24.0,"key":"REST"},{"data":"Perfected Strike","floor":32.0,"key":"SMITH"},{"data":"Double Tap","floor":40.0,"key":"SMITH"},{"data":"Disarm","floor":42.0,"key":"SMITH"},{"floor":49.0,"key":"REST"}],"circlet_count":0,"master_deck":["AscendersBane","Strike_R+1","Strike_R","Strike_R+1","Defend_R","Defend_R","Defend_R","Bash+1","Headbutt+1","Uppercut+1","Shrug It Off","Reaper+1","Twin Strike+1","Demon Form+1","Disarm+1","Immolate","Pommel Strike","Battle Trance","Perfected Strike+1","Heavy Blade+1","Double Tap+1","Twin Strike+1","Shrug It Off","Sever Soul","Twin Strike"],"relics":["Burning Blood","Incense Burner","StrikeDummy","Whetstone","InkBottle","Question Card","Snecko Eye","Vajra","Happy Flower","Bottled Flame","Blood Vial","Darkstone Periapt","Potion Belt","Tiny Chest","Mark of Pain","MealTicket","Torii","Singing Bowl"],"acts_visited":["Exordium","TheCity","TheBeyond"],"potions_floor_usage":[],"damage_taken":[{"damage":1.0,"enemies":"Cultist","floor":1.0,"turns":3.0},{"damage":8.0,"enemies":"Gremlin Nob","floor":6.0,"turns":3.0},{"damage":20.0,"enemies":"Lagavulin","floor":8.0,"turns":5.0},{"damage":1.0,"enemies":"Small Slimes","floor":10.0,"turns":2.0},{"damage":7.0,"enemies":"3 Sentries","floor":11.0,"turns":6.0},{"damage":0.0,"enemies":"2 Louse","floor":12.0,"turns":1.0},{"damage":17.0,"enemies":"Exordium Thugs","floor":14.0,"turns":4.0},{"damage":21.0,"enemies":"Hexaghost","floor":16.0,"turns":8.0},{"damage":22.0,"enemies":"2 Thieves","floor":18.0,"turns":4.0},{"damage":15.0,"enemies":"3 Byrds","floor":19.0,"turns":3.0},{"damage":10.0,"enemies":"Sentry and Sphere","floor":21.0,"turns":5.0},{"damage":38.0,"enemies":"Snake Plant","floor":22.0,"turns":3.0},{"damage":46.0,"enemies":"Gremlin Leader","floor":23.0,"turns":5.0},{"damage":4.0,"enemies":"Book of Stabbing","floor":25.0,"turns":3.0},{"damage":9.0,"enemies":"Gremlin Leader","floor":27.0,"turns":5.0},{"damage":8.0,"enemies":"Snecko","floor":28.0,"turns":3.0},{"damage":0.0,"enemies":"3 Cultists","floor":29.0,"turns":3.0},{"damage":7.0,"enemies":"Snake Plant","floor":30.0,"turns":3.0},{"damage":3.0,"enemies":"Automaton","floor":33.0,"turns":4.0},{"damage":9.0,"enemies":"3 Shapes","floor":35.0,"turns":2.0},{"damage":21.0,"enemies":"3 Darklings","floor":36.0,"turns":4.0},{"damage":47.0,"enemies":"Writhing Mass","floor":37.0,"turns":5.0},{"damage":0.0,"enemies":"Spire Growth","floor":38.0,"turns":2.0},{"damage":9.0,"enemies":"Nemesis","floor":41.0,"turns":3.0},{"damage":1.0,"enemies":"Transient","floor":45.0,"turns":6.0},{"damage":17.0,"enemies":"Jaw Worm Horde","floor":46.0,"turns":3.0},{"damage":36.0,"enemies":"4 Shapes","floor":47.0,"turns":4.0},{"damage":42.0,"enemies":"Reptomancer","floor":48.0,"turns":5.0},{"damage":65,"enemies":"Time Eater","floor":50,"turns":5},{"damage":38,"enemies":"Donu and Deca","floor":51,"turns":3}],"seed_played":"-6702354514299278437","potions_obtained":[{"floor":8.0,"key":"FearPotion"},{"floor":10.0,"key":"Block Potion"},{"floor":11.0,"key":"Fruit Juice"},{"floor":12.0,"key":"Energy Potion"},{"floor":19.0,"key":"Swift Potion"},{"floor":25.0,"key":"AttackPotion"},{"floor":28.0,"key":"Explosive Potion"},{"floor":29.0,"key":"EntropicBrew"},{"floor":30.0,"key":"LiquidBronze"},{"floor":36.0,"key":"Strength Potion"},{"floor":41.0,"key":"BloodPotion"},{"floor":46.0,"key":"EssenceOfSteel"},{"floor":47.0,"key":"Regen Potion"}],"is_trial":false,"path_per_floor":["M","?","$","?","?","E","R","E","T","M","E","M","R","M","R","B",null,"M","M","?","M","M","E","R","E","T","E","M","M","M","$","R","B",null,"M","M","M","M","$","R","E","R","T","?","M","M","M","E","R","B","B"],"character_chosen":"IRONCLAD","items_purchased":["Uppercut","Shrug It Off","Potion Belt","Tiny Chest"],"campfire_rested":2,"item_purchase_floors":[3,3,31,31],"current_hp_per_floor":[68,68,68,73,51,49,49,38,38,43,52,58,58,58,58,64,75,69,66,66,62,30,8,31,33,33,44,44,70,77,77,77,78,78,75,78,37,45,45,45,44,44,44,44,78,67,53,49,73,16,0,0],"gold":170,"neow_bonus":"ONE_RARE_RELIC","is_daily":false,"chose_seed":false,"campfire_upgraded":6,"win_rate":0.0,"timestamp":1609772564,"path_taken":["M","?","?","?","?","E","R","E","T","M","E","M","R","M","R","BOSS","M","M","?","?","M","E","R","E","T","E","M","M","M","$","R","BOSS","M","M","M","M","$","R","E","R","T","?","M","?","M","E","R","BOSS","BOSS"],"items_purchased_type":["Card","Card","Relic","Relic"],"build_version":"2020-12-22","purchased_purges":2,"victory":false,"max_hp_per_floor":[68,68,68,73,73,73,73,73,73,73,78,78,78,78,78,78,78,78,78,78,78,78,78,78,78,78,78,78,78,78,78,78,78,78,78,78,78,78,78,78,78,78,78,78,78,78,78,80,80,80,80,80],"card_choices":[{"not_picked":["Heavy Blade","Havoc"],"picked":"Headbutt","floor":1.0},{"not_picked":["Carnage","Spot Weakness"],"picked":"Reaper","floor":6.0},{"not_picked":["Pummel","Clothesline","Clash"],"picked":"SKIP","floor":8.0},{"not_picked":["Reckless Charge","Wild Strike","Clothesline"],"picked":"SKIP","floor":10.0},{"not_picked":["Shockwave","Warcry"],"picked":"Twin Strike","floor":11.0},{"not_picked":["Clothesline","Thunderclap","Clash"],"picked":"Demon Form","floor":12.0},{"not_picked":["Warcry","Wild Strike","Evolve"],"picked":"Disarm","floor":14.0},{"not_picked":["Fiend Fire","Impervious","Berserk"],"picked":"Immolate","floor":16.0},{"not_picked":["Cleave","Clash","Anger","Dark Embrace"],"picked":"SKIP","floor":18.0},{"not_picked":["Thunderclap","Pummel","Warcry","Clothesline"],"picked":"SKIP","floor":19.0},{"not_picked":["Sword Boomerang","Burning Pact","Metallicize"],"picked":"Pommel Strike","floor":21.0},{"not_picked":["Warcry","Iron Wave","Headbutt"],"picked":"Battle Trance","floor":22.0},{"not_picked":["Iron Wave","Flex","Second Wind","Entrench"],"picked":"SKIP","floor":23.0},{"not_picked":["Thunderclap","Sword Boomerang","Metallicize"],"picked":"Perfected Strike","floor":25.0},{"not_picked":["Thunderclap","Pummel","Entrench","Pommel Strike"],"picked":"SKIP","floor":27.0},{"not_picked":["Berserk","Combust+1","Burning Pact","Headbutt"],"picked":"SKIP","floor":28.0},{"not_picked":["Bloodletting","Rage","Cleave","Warcry"],"picked":"SKIP","floor":29.0},{"not_picked":["Uppercut","Fire Breathing+1","Seeing Red+1"],"picked":"Heavy Blade+1","floor":30.0},{"not_picked":["Fiend Fire","Impervious","Berserk"],"picked":"Double Tap","floor":33.0},{"not_picked":["Clash","True Grit","Warcry"],"picked":"Twin Strike+1","floor":35.0},{"not_picked":["Wild Strike","Exhume","Body Slam","Clothesline+1"],"picked":"SKIP","floor":36.0},{"not_picked":["Second Wind","Twin Strike+1","Evolve","Sever Soul"],"picked":"SKIP","floor":37.0},{"not_picked":["Iron Wave+1","Pummel","Wild Strike"],"picked":"Shrug It Off","floor":38.0},{"not_picked":["Headbutt","Armaments","Clash","Dual Wield"],"picked":"SKIP","floor":41.0},{"not_picked":["Inflame","Exhume","Metallicize","Fire Breathing"],"picked":"SKIP","floor":45.0},{"not_picked":["Perfected Strike","Body Slam","Metallicize"],"picked":"Twin Strike","floor":46.0},{"not_picked":["Twin Strike","Rage","Flex","Bloodletting"],"picked":"SKIP","floor":47.0},{"not_picked":["Thunderclap","Feel No Pain","Dual Wield","Clothesline"],"picked":"Singing Bowl","floor":48.0}],"player_experience":1286738,"relics_obtained":[{"floor":6.0,"key":"StrikeDummy"},{"floor":8.0,"key":"Whetstone"},{"floor":9.0,"key":"InkBottle"},{"floor":11.0,"key":"Question Card"},{"floor":23.0,"key":"Happy Flower"},{"floor":25.0,"key":"Bottled Flame"},{"floor":26.0,"key":"Blood Vial"},{"floor":27.0,"key":"Darkstone Periapt"},{"floor":41.0,"key":"MealTicket"},{"floor":43.0,"key":"Torii"},{"floor":48.0,"key":"Singing Bowl"}],"event_choices":[{"damage_healed":0.0,"max_hp_gain":0.0,"max_hp_loss":0.0,"gold_gain":0.0,"event_name":"Upgrade Shrine","player_choice":"Upgraded","floor":2.0,"gold_loss":0.0,"damage_taken":0.0,"cards_upgraded":["Bash"]},{"damage_healed":0.0,"max_hp_gain":5.0,"max_hp_loss":0.0,"gold_gain":0.0,"event_name":"Big Fish","player_choice":"Donut","floor":4.0,"gold_loss":0.0,"damage_taken":0.0},{"damage_healed":0.0,"max_hp_gain":0.0,"max_hp_loss":0.0,"gold_gain":0.0,"event_name":"Shining Light","player_choice":"Entered Light","floor":5.0,"gold_loss":0.0,"damage_taken":22.0,"cards_upgraded":["Headbutt","Strike_R"]},{"damage_healed":0.0,"max_hp_gain":0.0,"max_hp_loss":0.0,"gold_gain":0.0,"event_name":"WeMeetAgain","player_choice":"Gave Potion","floor":20.0,"gold_loss":0.0,"damage_taken":0.0,"relics_obtained":["Vajra"]},{"damage_healed":0.0,"max_hp_gain":0.0,"max_hp_loss":0.0,"gold_gain":0.0,"cards_transformed":["Strike_R"],"event_name":"Transmorgrifier","player_choice":"Transformed","floor":44.0,"gold_loss":0.0,"damage_taken":0.0,"cards_obtained":["Sever Soul"]}],"is_beta":false,"boss_relics":[{"not_picked":["Astrolabe","Tiny House"],"picked":"Snecko Eye"},{"not_picked":["SlaversCollar","SacredBark"],"picked":"Mark of Pain"}],"items_purged_floors":[31,39],"is_endless":false,"potions_floor_spawned":[8,10,11,12,19,25,28,29,30,36,41,46,47],"killed_by":"Donu and Deca","ascension_level":20}}