{"host":"vex7walpoxzv48nx","time":1609732943,"event":{"mods":["BaseMod","Highlight Path","Minty Spire (QoL Compilation)","Permanent Neow","Quick Restart","Relic Stats"],"gold_per_floor":[114,114,6,6,17,17,17,35,61,72,43,59,59,94,94,165,165,176,176,211,211,221,221,8,8,59,87,12,12,12,12,12,89,139,156,203,203,221,221,221,221,221,273,273,9,9,44,44,44,44,44],"floor_reached":52,"playtime":4531,"items_purged":["Pain"],"score":2051,"play_id":"cd3f5e6c-3067-40d4-b3ca-8e2bcaeb56a6","local_time":"20210104050223","daily_mods":["Specialized","Heirloom","Time Dilation","Flight","Elite Swarm"],"is_ascension_mode":true,"campfire_choices":[{"data":"Storm","floor":6,"key":"SMITH"},{"data":"White Noise","floor":7,"key":"SMITH"},{"floor":13,"key":"REST"},{"data":"Amplify","floor":15,"key":"SMITH"},{"data":"Fission","floor":23,"key":"SMITH"},{"data":"Buffer","floor":25,"key":"SMITH"},{"floor":29,"key":"REST"},{"data":"Seek","floor":30,"key":"SMITH"},{"data":"Creative AI","floor":32,"key":"SMITH"},{"data":"Ghostly","floor":40,"key":"SMITH"},{"floor":41,"key":"REST"},{"data":"Ghostly","floor":44,"key":"SMITH"},{"data":"Hologram","floor":46,"key":"SMITH"},{"data":"Echo Form","floor":49,"key":"SMITH"}],"circlet_count":0,"master_deck":["AscendersBane","Defend_B","Defend_B+1","White Noise","White Noise","White Noise","White Noise","White Noise+1","Static Discharge+1","Storm+1","Beam Cell","Leap","Hologram+1","Force Field+1","Seek+1","Amplify+1","Creative AI+1","Melter+1","Buffer+1","Beam Cell","Bite","Bite","Bite","Bite","Bite","Fission+1","Amplify","Ghostly","Ghostly+1","Ghostly+1","All For One","Double Energy+1","Ball Lightning","Conserve Battery+1","Echo Form+1"],"relics":["Cracked Core","Thread and Needle","WarpedTongs","DataDisk","Toy Ornithopter","Inserter","Red Mask","ClockworkSouvenir","War Paint","FossilizedHelix","Tiny House","Bird Faced Urn","Oddly Smooth Stone","Bottled Lightning","Boot","Unceasing Top"],"acts_visited":["Exordium","TheCity","TheBeyond"],"potions_floor_usage":[10,20,20,27,33,35,36,51],"damage_taken":[{"damage":0,"enemies":"Jaw Worm","floor":1,"turns":3},{"damage":7,"enemies":"Cultist","floor":5,"turns":4},{"damage":0,"enemies":"Small Slimes","floor":8,"turns":2},{"damage":10,"enemies":"Exordium Thugs","floor":10,"turns":2},{"damage":6,"enemies":"Looter","floor":12,"turns":2},{"damage":0,"enemies":"Gremlin Nob","floor":14,"turns":3},{"damage":6,"enemies":"Slime Boss","floor":16,"turns":4},{"damage":2,"enemies":"Spheric Guardian","floor":18,"turns":3},{"damage":40,"enemies":"Masked Bandits","floor":20,"turns":4},{"damage":8,"enemies":"Chosen","floor":22,"turns":4},{"damage":24,"enemies":"Gremlin Leader","floor":27,"turns":3},{"damage":6,"enemies":"Champ","floor":33,"turns":7},{"damage":8,"enemies":"3 Shapes","floor":35,"turns":3},{"damage":0,"enemies":"2 Orb Walkers","floor":36,"turns":4},{"damage":0,"enemies":"3 Darklings","floor":38,"turns":6},{"damage":0,"enemies":"Nemesis","floor":47,"turns":3},{"damage":0,"enemies":"Time Eater","floor":50,"turns":9},{"damage":12,"enemies":"Donu and Deca","floor":51,"turns":6}],"seed_played":"-4842908291134285361","potions_obtained":[{"floor":1,"key":"AttackPotion"},{"floor":8,"key":"Weak Potion"},{"floor":18,"key":"FocusPotion"},{"floor":22,"key":"Strength Potion"},{"floor":33,"key":"ColorlessPotion"},{"floor":34,"key":"ColorlessPotion"},{"floor":36,"key":"EssenceOfSteel"},{"floor":47,"key":"BlessingOfTheForge"}],"is_trial":true,"path_per_floor":["M","?","$","?","M","R","R","M","T","M","$","M","R","E","R","B",null,"M","?","?","?","M","R","$","R","T","E","$","R","R","?","R","B",null,"M","?","?","M","?","R","R","?","T","R","$","R","E","T","R","B","B",null],"character_chosen":"DEFECT","items_purchased":["Storm","Beam Cell","Sweeping Beam","ClockworkSouvenir","SkillPotion","Bottled Lightning"],"campfire_rested":3,"item_purchase_floors":[3,3,11,24,24,45],"current_hp_per_floor":[64,64,64,64,57,57,57,57,57,47,47,41,62,62,62,56,67,65,65,35,35,32,32,32,32,32,22,22,36,36,24,24,20,28,25,29,29,29,29,29,29,28,28,28,28,28,28,28,28,28,28],"gold":44,"neow_bonus":"","is_daily":false,"chose_seed":false,"campfire_upgraded":11,"win_rate":0.0,"timestamp":1609732943,"path_taken":["M","?","?","?","?","R","R","M","T","M","$","M","R","E","R","BOSS","M","?","?","?","M","R","$","R","T","E","$","R","R","?","R","BOSS","M","?","?","?","?","R","R","?","T","R","$","R","E","?","R","BOSS","BOSS"],"items_purchased_type":["Card","Card","Card","Relic","Potion","Relic"],"build_version":"2020-12-22","purchased_purges":1,"victory":true,"max_hp_per_floor":[71,71,71,71,71,71,71,71,71,71,71,71,71,71,71,71,71,71,71,71,49,49,49,49,49,49,49,49,49,49,24,24,24,29,29,29,29,29,29,29,29,28,28,28,28,28,28,28,28,28,28],"relic_stats":{"Inserter":[26],"counters":[18,72],"Bird Faced Urn":[12],"War Paint":["Force Field","Defend_B"],"Boot":[8],"obtain_stats":[{"Inserter":17,"Tiny House":34,"Oddly Smooth Stone":43,"Thread and Needle":0,"War Paint":26,"Boot":47,"WarpedTongs":4,"ClockworkSouvenir":24,"DataDisk":9,"Bird Faced Urn":36,"Red Mask":20,"Bottled Lightning":45,"Cracked Core":0,"Toy Ornithopter":14,"FossilizedHelix":27,"Unceasing Top":48},{"Inserter":7,"Tiny House":12,"Oddly Smooth Stone":15,"Thread and Needle":0,"War Paint":10,"Boot":16,"WarpedTongs":1,"ClockworkSouvenir":10,"DataDisk":3,"Bird Faced Urn":14,"Red Mask":9,"Bottled Lightning":15,"Cracked Core":0,"Toy Ornithopter":6,"FossilizedHelix":11,"Unceasing Top":16},{"Inserter":20,"Tiny House":41,"Oddly Smooth Stone":54,"Thread and Needle":0,"War Paint":31,"Boot":57,"WarpedTongs":3,"ClockworkSouvenir":31,"DataDisk":9,"Bird Faced Urn":48,"Red Mask":27,"Bottled Lightning":54,"Cracked Core":0,"Toy Ornithopter":16,"FossilizedHelix":34,"Unceasing Top":57}],"Toy Ornithopter":24,"Unceasing Top":[1],"WarpedTongs":[68]},"card_choices":[{"not_picked":["Aggregate","Redo"],"picked":"Static Discharge","floor":1},{"not_picked":["Rebound","Gash"],"picked":"Leap","floor":5},{"not_picked":["Ball Lightning","Blizzard"],"picked":"Hologram","floor":8},{"not_picked":["Doom and Gloom","Conserve Battery"],"picked":"Force Field","floor":10},{"not_picked":["Compile Driver","Tempest"],"picked":"Seek","floor":12},{"not_picked":["Echo Form","Rainbow"],"picked":"Amplify","floor":14},{"not_picked":["Core Surge","Biased Cognition"],"picked":"Creative AI","floor":16},{"not_picked":["Conserve Battery","Beam Cell"],"picked":"Melter+1","floor":18},{"not_picked":["Compile Driver","Glacier"],"picked":"Fission","floor":22},{"not_picked":["Multi-Cast","Electrodynamics"],"picked":"Amplify","floor":27},{"not_picked":["Buffer","Meteor Strike"],"picked":"All For One","floor":33},{"not_picked":["Streamline","Cold Snap"],"picked":"Double Energy+1","floor":35},{"not_picked":["Stack","Leap"],"picked":"Conserve Battery+1","floor":38},{"not_picked":["Hyperbeam","Multi-Cast"],"picked":"Echo Form","floor":47}],"player_experience":79075,"relics_obtained":[{"floor":9,"key":"DataDisk"},{"floor":14,"key":"Toy Ornithopter"},{"floor":20,"key":"Red Mask"},{"floor":26,"key":"War Paint"},{"floor":27,"key":"FossilizedHelix"},{"floor":36,"key":"Bird Faced Urn"},{"floor":43,"key":"Oddly Smooth Stone"},{"floor":47,"key":"Boot"},{"floor":48,"key":"Unceasing Top"}],"event_choices":[{"cards_removed":["Dualcast"],"damage_healed":0,"gold_gain":0,"player_choice":"Purged","damage_taken":0,"max_hp_gain":0,"max_hp_loss":0,"event_name":"Purifier","floor":2,"gold_loss":0},{"damage_healed":0,"gold_gain":0,"player_choice":"Rummage","damage_taken":0,"relics_obtained":["WarpedTongs"],"max_hp_gain":0,"max_hp_loss":0,"event_name":"Accursed Blacksmith","floor":4,"gold_loss":0,"cards_obtained":["Pain"]},{"damage_healed":0,"gold_gain":0,"cards_transformed":["Sweeping Beam","Zap"],"player_choice":"Became Test Subject","damage_taken":0,"max_hp_gain":0,"max_hp_loss":0,"event_name":"Drug Dealer","floor":19,"gold_loss":0,"cards_obtained":["Buffer","Beam Cell"]},{"damage_healed":0,"gold_gain":0,"player_choice":"Fought Bandits","damage_taken":0,"max_hp_gain":0,"max_hp_loss":0,"event_name":"Masked Bandits","floor":20,"gold_loss":0},{"damage_healed":0,"gold_gain":0,"player_choice":"Became a vampire","damage_taken":0,"max_hp_gain":0,"max_hp_loss":22,"event_name":"Vampires","floor":21,"gold_loss":0,"cards_obtained":["Bite","Bite","Bite","Bite","Bite"]},{"damage_healed":0,"gold_gain":0,"player_choice":"Became a Ghost","damage_taken":0,"max_hp_gain":0,"max_hp_loss":25,"event_name":"Ghosts","floor":31,"gold_loss":0,"cards_obtained":["Ghostly","Ghostly","Ghostly"]},{"damage_healed":0,"gold_gain":0,"player_choice":"Fight","damage_taken":0,"max_hp_gain":0,"max_hp_loss":0,"event_name":"Mysterious Sphere","floor":36,"gold_loss":0},{"damage_healed":0,"gold_gain":0,"cards_transformed":["Defend_B"],"player_choice":"Transformed","damage_taken":0,"max_hp_gain":0,"max_hp_loss":0,"event_name":"Transmorgrifier","floor":37,"gold_loss":0,"cards_obtained":["Ball Lightning"]},{"cards_removed":["Defend_B"],"damage_healed":0,"gold_gain":0,"player_choice":"Removed Skill","damage_taken":0,"max_hp_gain":0,"max_hp_loss":0,"event_name":"Falling","floor":39,"gold_loss":0},{"damage_healed":0,"gold_gain":0,"player_choice":"Max HP","damage_taken":0,"max_hp_gain":0,"max_hp_loss":1,"event_name":"Winding Halls","floor":42,"gold_loss":0}],"is_beta":false,"boss_relics":[{"not_picked":["Cursed Key","Velvet Choker"],"picked":"Inserter"},{"not_picked":["Black Star","SacredBark"],"picked":"Tiny House"}],"items_purged_floors":[28],"is_endless":false,"potions_floor_spawned":[1,8,18,22,33,36,47],"ascension_level":20}}