{"host":"vhikgave70uorr7d","time":1609739595,"event":{"mods":["AchievementEnabler","Act Like it!","Ascension Reborn","Ascension Unlocker","BaseMod","Beaked The Cultist","Better Altar","Better Match","Better Note","Better Sensory Stone","Better Skull","Better Third Choice","BetterRewards","ChefMod","Colored Powertips","Custom Start","Defuse TimeMaze Blight","Downfall","Elementarium","Energized Spire","GifTheSpireLib","GungeonMod","Hermit","Hero for Fun","Highlight Path","Hubris","Infinite Spire","JesterMod","Marisa????????","Menagerie","Mimic Mod","Minty Spire (QoL Compilation)","MostiFishMod","Permanent Neow","Quick Restart","Rare Cards Sparkle","Relic Filter","Remove Card Discount Mod","Replay The Spire","Retaliation","Shade Mod","Small Relic Pack","Spicy Shops","StSLib","Swap Starting Deck Mod","Td1madao Mod","The Accelerator","The Alterego","The Animator","The Bladedancer","The Blue Laboratory","The Bug Knight","The Construct","The Cursed","The Disciple","The Hayseed","The Hierophant","The Mystic","The Necromancer","The Runesmith","The Servant 0.9.4","The Vixen","The Wild Card","TheSwordswoman","TheVacant","Transform Curses"],"gold_per_floor":[111,111,122,142,38,95,95,95,118,118,147,167,167,192,192,308,308,331,44,44,69,93,93,93,121,121,63,63,63,63,85,85,186,186,206,226,293,334,80,113,136,162,217,67,106,33,48,76,76,88,88,88,2,41,117],"floor_reached":56,"playtime":5700,"items_purged":["theWildCard:BasicDefend","theWildCard:BasicDefend","theWildCard:BasicDefend+1","theWildCard:BasicStrike","theWildCard:BasicStrike","theWildCard:BasicStrike+1","theWildCard:CallToAdventure","theWildCard:BasicStrike+1","Injury","theWildCard:MaskChange","theWildCard:MaskChange","theWildCard:Caesar+1","theWildCard:Arsene","theWildCard:IdentityTheft+1","theWildCard:PowerOfTheArcana+1","theWildCard:PowerOfTheArcana+1","theWildCard:ArcanaArtistry+1","theWildCard:ArcanaArtistry+1","TheCursedMod:CircleOfFlame+1"],"score":1554,"play_id":"de516f0b-1462-4b8e-b564-e3086e4b6e91","local_time":"20210104005315","is_ascension_mode":false,"campfire_choices":[{"floor":8,"key":"RECALL"},{"data":"theWildCard:TheArcanaUnleashed","floor":10,"key":"SMITH"},{"data":"theWildCard:ArcaneArts","floor":15,"key":"SMITH"},{"data":"theWildCard:ArcaneArts","floor":23,"key":"SMITH"},{"data":"theWildCard:FinalHour","floor":28,"key":"SMITH"},{"data":"theWildCard:Lucifer","floor":32,"key":"SMITH"},{"floor":49,"key":"REST"},{"floor":52,"key":"REST"}],"circlet_count":0,"master_deck":["theWildCard:TheArcanaUnleashed+1","theWildCard:StingingStrike+1","theWildCard:ArcaneArts+1","theWildCard:StingingStrike+1","theWildCard:SeveringSlash+1","theWildCard:MagicalMight+1","theWildCard:Loki+1","theWildCard:ArcaneArts+1","theWildCard:Lucifer+1","theWildCard:FinalHour+1","theWildCard:TheUniverse+1","theWildCard:ChangingDestiny+1","alterego_mod:Tantrum+1","theWildCard:ArcaneArts+1","Pot Of Greed+1","Pot Of Greed+1"],"relics":["theWildCard:VelvetContract","DaveBox","Transparent","NeowsBlessing","DSteel32","SynthV:TestCard","Replay:Bandana","hubris:CrystalStatue","DemoMod:GlassGuonStoneRelic","relicPack:AllForOne","Juzu Bracelet","Tiny Chest","Potion Belt","xbg","Ice Cream","Orichalcum","Vajra","Molten Egg 2","Bottled Tornado","DemoMod:OrangeGuonStone","beaked:SacredDeck","CatCart","infinitespire:Golems Mask","Gremlin Horn","Grinning Jar","Civilization","hubris:EmptyBottle","Unceasing Top","Quantum Egg","relicPack:InfinityGauntlet","Bag of Marbles"],"acts_visited":["Exordium","TheCity","TheBeyond","TheEnding"],"potions_floor_usage":[50,50,50,50,55,55,55,55],"damage_taken":[{"damage":6,"enemies":"2 Louse","floor":1,"turns":1},{"damage":6,"enemies":"Cultist","floor":3,"turns":1},{"damage":6,"enemies":"Small Slimes","floor":4,"turns":1},{"damage":25,"enemies":"Gremlin Nob","floor":6,"turns":3},{"damage":6,"enemies":"Blue Slaver","floor":11,"turns":1},{"damage":8,"enemies":"Large Slime","floor":12,"turns":1},{"damage":8,"enemies":"Red Slaver","floor":14,"turns":1},{"damage":27,"enemies":"The Guardian","floor":16,"turns":2},{"damage":6,"enemies":"Chosen","floor":18,"turns":1},{"damage":6,"enemies":"3 Byrds","floor":21,"turns":1},{"damage":6,"enemies":"Cultist and Chosen","floor":22,"turns":1},{"damage":12,"enemies":"Shelled Parasite and Fungi","floor":25,"turns":2},{"damage":6,"enemies":"Snake Plant","floor":31,"turns":1},{"damage":6,"enemies":"Champ","floor":33,"turns":1},{"damage":6,"enemies":"Orb Walker","floor":35,"turns":1},{"damage":9,"enemies":"3 Shapes","floor":36,"turns":1},{"damage":18,"enemies":"Orin","floor":37,"turns":2},{"damage":12,"enemies":"Writhing Mass","floor":38,"turns":2},{"damage":6,"enemies":"Giant Head","floor":40,"turns":1},{"damage":6,"enemies":"Writhing Mass","floor":41,"turns":1},{"damage":6,"enemies":"Jaw Worm Horde","floor":42,"turns":1},{"damage":12,"enemies":"Spire Growth","floor":43,"turns":2},{"damage":12,"enemies":"Spire Growth","floor":45,"turns":2},{"damage":6,"enemies":"Spire Growth","floor":47,"turns":1},{"damage":15,"enemies":"4 Shapes","floor":48,"turns":1},{"damage":7,"enemies":"hubris:GrandSnecko","floor":50,"turns":1},{"damage":8,"enemies":"Shield and Spear","floor":54,"turns":1},{"damage":37,"enemies":"The Heart","floor":55,"turns":3}],"seed_played":"-3568019519105534606","potions_obtained":[{"floor":1,"key":"DistilledChaos"},{"floor":3,"key":"DemoMod:LeadSkinPotion"},{"floor":11,"key":"BlessingOfTheForge"},{"floor":12,"key":"Languid Potion"},{"floor":18,"key":"blueLaboratory:ExaltedPotion"},{"floor":31,"key":"blueLaboratory:BottledHope"},{"floor":48,"key":"Fire Potion"}],"is_trial":false,"path_per_floor":["M","?","M","M","$","E","?","R","T","R","M","M","?","M","R","B",null,"M","$","?","M","M","R","?","M","T","$","R","M","T","M","R","B",null,"M","M","?","MIM","$","E","M","M","MIM","$","MIM","$","M","M","R","B",null,"R","$","E","B",null],"character_chosen":"THE_WILD_CARD","items_purchased":["theWildCard:PowerOfTheArcana","theWildCard:StingingStrike","Replay:Bandana","theWildCard:IdentityTheft","theWildCard:MagicalMight","Orichalcum","Vajra","Molten Egg 2","theWildCard:FinalHour","theWildCard:TheUniverse","Gremlin Horn","hubris:EmptyBottle","Fire Potion","Energy Potion","Adrenaline Potion","Quantum Egg","Swift Potion","DistilledChaos","relicPack:InfinityGauntlet"],"campfire_rested":2,"item_purchase_floors":[5,5,5,5,19,19,19,27,27,27,39,44,46,46,46,53,53,53,53],"current_hp_per_floor":[60,60,60,60,60,60,60,60,60,60,60,60,65,65,65,65,65,65,65,59,65,65,65,65,65,65,65,65,59,59,65,65,65,65,65,65,65,65,65,65,65,65,65,65,66,66,68,74,74,81,81,81,81,90,100],"gold":117,"neow_bonus":"THREE_ENEMY_KILL","is_daily":false,"chose_seed":false,"campfire_upgraded":5,"win_rate":0.0,"timestamp":1609739595,"path_taken":["M","?","?","?","$","E","?","R","T","R","M","M","?","M","R","BOSS","M","$","?","M","M","R","?","M","T","$","R","M","?","M","R","BOSS","M","M","?","?","$","E","M","M","MIM","?","?","$","M","M","R","BOSS","R","$","E","BOSS"],"items_purchased_type":["Card","Card","Relic","Card","Card","Relic","Relic","Relic","Card","Card","Relic","Relic","Potion","Potion","Potion","Relic","Potion","Potion","Relic"],"build_version":"2020-12-22","purchased_purges":19,"victory":true,"max_hp_per_floor":[60,60,60,60,60,60,60,60,60,60,60,60,65,65,65,65,65,65,65,65,65,65,65,65,65,65,65,65,65,65,65,65,65,65,65,65,65,65,65,65,65,65,65,65,66,66,68,74,74,81,81,81,81,90,100],"card_choices":[{"not_picked":["theWildCard:SeveringSlash","theWildCard:Unburden"],"picked":"theWildCard:MaskChange","floor":1},{"not_picked":["theWildCard:CryOfAgony","theWildCard:Sakuya","theWildCard:Polydeuces","theWildCard:ArchaicAssault"],"picked":"theWildCard:MaskChange","floor":3},{"not_picked":["theWildCard:EnergizedStroke","theWildCard:PaleRider","theWildCard:Attunement","theWildCard:ArchaicAssault"],"picked":"theWildCard:TheArcanaUnleashed","floor":4},{"not_picked":["theWildCard:Proficiency","theWildCard:Caesar","theWildCard:MagicMettle","theWildCard:MaskChange"],"picked":"theWildCard:ArcaneArts","floor":6},{"not_picked":["theWildCard:Salvation","theWildCard:EnergizedStroke","theWildCard:ArcaneArts","theWildCard:Scathach"],"picked":"theWildCard:ArcanaArtistry","floor":11},{"not_picked":["theWildCard:ArcanaArtistry","theWildCard:Loki","theWildCard:SeveringSlash","theWildCard:LadyLuck"],"picked":"theWildCard:PowerOfTheArcana","floor":12},{"not_picked":["theWildCard:SeveringSlash","theWildCard:PaleRider","theWildCard:MaskChange","theWildCard:Patience"],"picked":"theWildCard:StingingStrike","floor":14},{"not_picked":["theWildCard:Desolation","theWildCard:Ruination","theWildCard:Overwhelm","theWildCard:Deicide"],"picked":"theWildCard:Caesar","floor":16},{"not_picked":["theWildCard:ShieldOfMany","theWildCard:EnergizedStroke","theWildCard:Abstinence","theWildCard:MaskChange"],"picked":"theWildCard:SeveringSlash","floor":18},{"not_picked":["theWildCard:SeveringSlash","theWildCard:Unburden","theWildCard:Proficiency+1","theWildCard:Patience+1"],"picked":"theWildCard:Loki+1","floor":21},{"not_picked":["theWildCard:BladeOfGenerations","theWildCard:Polydeuces","theWildCard:Safeguard+1","theWildCard:IdentityTheft"],"picked":"theWildCard:ArcaneArts","floor":22},{"not_picked":["theWildCard:Proficiency","theWildCard:ArcaneArts","theWildCard:SacrificialStroke","theWildCard:PaleRider"],"picked":"theWildCard:Lucifer","floor":25},{"not_picked":["theWildCard:Loki","theWildCard:SeveringSlash+1","theWildCard:PaleRider","theWildCard:Proficiency","theWildCard:UnderLockAndKey+1"],"picked":"SKIP","floor":31},{"not_picked":["theWildCard:Lucifer","theWildCard:Caesar","theWildCard:Desolation+1","theWildCard:Amaterasu"],"picked":"theWildCard:ChangingDestiny","floor":33},{"not_picked":["theWildCard:PaleRider+1","theWildCard:BladeOfGenerations+1","theWildCard:Unburden+1","theWildCard:EnergizedStroke+1"],"picked":"theWildCard:ArcaneArts+1","floor":35},{"not_picked":["theWildCard:ArcanaArtistry+1","theWildCard:SeveringSlash+1","theWildCard:ArcaneArts+1","theWildCard:Sakuya","theWildCard:SacrificialStroke+1"],"picked":"SKIP","floor":36},{"not_picked":["theWildCard:ArcaneArts+1","theWildCard:CryOfAgony+1","theWildCard:SeveringSlash+1","theWildCard:Unburden+1"],"picked":"theWildCard:ArcanaArtistry","floor":37},{"not_picked":["theWildCard:Michael","theWildCard:Alice+1","theWildCard:Providence+1","theWildCard:Lucifer","theWildCard:StalwartBlade+1"],"picked":"SKIP","floor":40},{"not_picked":["theWildCard:EnergizedStroke+1","theWildCard:Metatron","theWildCard:ArcaneArts","theWildCard:MagicMettle","theWildCard:Abstinence+1"],"picked":"SKIP","floor":41},{"not_picked":["theWildCard:UnderLockAndKey+1","theWildCard:MagicMettle+1","theWildCard:Unburden+1","theWildCard:ArcaneArts+1","theWildCard:ArcanaArtistry+1"],"picked":"SKIP","floor":42},{"not_picked":["theWildCard:Michael+1","theWildCard:PaleRider","theWildCard:Metatron","theWildCard:MaskChange+1","theWildCard:CryOfAgony+1"],"picked":"SKIP","floor":47},{"not_picked":["theWildCard:Proficiency+1","theWildCard:MagicMettle+1","theWildCard:PaleRider+1","theWildCard:Polydeuces","theWildCard:Alice+1"],"picked":"SKIP","floor":48},{"not_picked":["theWildCard:Metatron","theWildCard:MaskChange+1","theWildCard:Michael","theWildCard:StingingStrike+1","theWildCard:StalwartBlade+1"],"picked":"SKIP","floor":54}],"player_experience":366777,"relics_obtained":[{"floor":1,"key":"SynthV:TestCard"},{"floor":6,"key":"hubris:CrystalStatue"},{"floor":26,"key":"relicPack:NeonSign"},{"floor":30,"key":"DemoMod:OrangeGuonStone"},{"floor":37,"key":"CatCart"},{"floor":38,"key":"infinitespire:Golems Mask"},{"floor":40,"key":"Grinning Jar"},{"floor":43,"key":"Civilization"},{"floor":45,"key":"Unceasing Top"},{"floor":54,"key":"Bag of Marbles"}],"event_choices":[{"cards_removed":["theWildCard:BasicDefend"],"damage_healed":0,"gold_gain":0,"player_choice":"Purged","damage_taken":0,"max_hp_gain":0,"max_hp_loss":0,"event_name":"Purifier","floor":2,"gold_loss":0},{"damage_healed":0,"gold_gain":0,"player_choice":"Donut","damage_taken":0,"max_hp_gain":5,"max_hp_loss":0,"event_name":"Big Fish","floor":13,"gold_loss":0},{"damage_healed":0,"gold_gain":0,"player_choice":"Damaged","damage_taken":6,"max_hp_gain":0,"max_hp_loss":0,"event_name":"Wheel of Change","floor":20,"gold_loss":0},{"cards_removed":["theWildCard:Loki"],"damage_healed":0,"gold_gain":0,"player_choice":"Take \u0026 Give","damage_taken":0,"max_hp_gain":0,"max_hp_loss":0,"event_name":"betterNote:BetterNote","floor":24,"gold_loss":0,"cards_obtained":["TheCursedMod:CircleOfFlame"]},{"damage_healed":0,"gold_gain":0,"player_choice":"Fight","damage_taken":0,"max_hp_gain":0,"max_hp_loss":0,"event_name":"OrinTheCat","floor":37,"gold_loss":0}],"is_beta":false,"boss_relics":[{"not_picked":["Calling Bell","Snecko Eye"],"picked":"xbg"},{"not_picked":["hubris:TerracottaHorce","jesterMod:MachoBrace"],"picked":"beaked:SacredDeck"}],"items_purged_floors":[5,5,5,5,5,5,5,5,19,27,27,27,27,27,39,39,39,39,39],"is_endless":false,"potions_floor_spawned":[1,3,11,12,18,31,36,37,41,47,48],"ascension_level":0}}