{"host":"cv77zuuuekizn3ic","time":1609773136,"event":{"mods":["AchievementEnabler","BaseMod","Marisa£®ÏF”Í°°ƒß¿Ì…≥£©","Minty Spire (QoL Compilation)","StSLib","Waifu the Spire","everything is the same but u backflip on backflip","slay the spire mod where everything is the same but ironclad has a cowboy hat"],"gold_per_floor":[113,124,199,213,225,225,237,266,266,266,277,297,36,54,54,54,54],"floor_reached":16,"playtime":632,"items_purged":["Strike_B"],"score":154,"play_id":"a3e47cfa-ee8e-47ab-89e2-b85946598e1a","local_time":"20210104231216","is_ascension_mode":true,"campfire_choices":[{"data":"Steam Power","floor":6.0,"key":"SMITH"},{"data":"Sunder","floor":10.0,"key":"SMITH"},{"data":"Recycle","floor":15,"key":"SMITH"}],"circlet_count":0,"master_deck":["AscendersBane","Strike_B","Strike_B","Strike_B","Defend_B","Defend_B","Defend_B","Defend_B","Zap","Dualcast","Steam Power+1","Turbo","Loop","Echo Form","Sunder+1","Cold Snap","Parasite","Recycle+1","Streamline","Self Repair","Hologram"],"relics":["Cursed Key","Odd Mushroom","OrangePellets"],"acts_visited":["Exordium"],"potions_floor_usage":[],"damage_taken":[{"damage":0.0,"enemies":"Cultist","floor":1.0,"turns":3.0},{"damage":9.0,"enemies":"Jaw Worm","floor":2.0,"turns":3.0},{"damage":5.0,"enemies":"Small Slimes","floor":4.0,"turns":3.0},{"damage":11.0,"enemies":"Looter","floor":5.0,"turns":4.0},{"damage":1.0,"enemies":"Large Slime","floor":7.0,"turns":5.0},{"damage":17.0,"enemies":"The Mushroom Lair","floor":8.0,"turns":5.0},{"damage":1.0,"enemies":"Exordium Wildlife","floor":11.0,"turns":3.0},{"damage":11.0,"enemies":"3 Louse","floor":12.0,"turns":4.0},{"damage":13,"enemies":"Blue Slaver","floor":14,"turns":2},{"damage":38,"enemies":"Slime Boss","floor":16,"turns":3}],"seed_played":"-4255205664343066134","potions_obtained":[{"floor":1.0,"key":"DuplicationPotion"},{"floor":5.0,"key":"Weak Potion"},{"floor":11.0,"key":"FairyPotion"},{"floor":12.0,"key":"SmokeBomb"}],"is_trial":false,"path_per_floor":["M","M","?","M","M","R","M","?","T","R","M","M","$","M","R","B"],"character_chosen":"DEFECT","items_purchased":["Self Repair","OrangePellets"],"campfire_rested":0,"item_purchase_floors":[13,13],"current_hp_per_floor":[68,59,48,43,32,32,31,14,14,14,13,2,2,29,29,0,0],"gold":54,"neow_bonus":"BOSS_RELIC","is_daily":false,"chose_seed":false,"campfire_upgraded":3,"win_rate":0.0,"timestamp":1609773136,"path_taken":["M","M","?","M","M","R","M","?","T","R","M","M","$","M","R","BOSS"],"items_purchased_type":["Card","Relic"],"build_version":"2020-12-22","purchased_purges":1,"victory":false,"max_hp_per_floor":[75,75,75,75,75,75,75,75,75,75,75,75,75,75,75,75,75],"card_choices":[{"not_picked":["Hologram","Ball Lightning"],"picked":"Steam Power","floor":1.0},{"not_picked":["Sweeping Beam","Stack"],"picked":"Turbo","floor":2.0},{"not_picked":["Gash","Leap"],"picked":"Loop","floor":4.0},{"not_picked":["Chaos","Turbo"],"picked":"Echo Form","floor":5.0},{"not_picked":["FTL","Turbo"],"picked":"Sunder","floor":7.0},{"not_picked":["Static Discharge","Steam"],"picked":"Cold Snap","floor":8.0},{"not_picked":["Ball Lightning","Conserve Battery"],"picked":"Recycle","floor":11.0},{"not_picked":["Gash","Rebound"],"picked":"Streamline","floor":12.0},{"not_picked":["Darkness","Lockon"],"picked":"Hologram","floor":14}],"player_experience":726787,"relics_obtained":[{"floor":8.0,"key":"Odd Mushroom"}],"event_choices":[{"damage_healed":0.0,"max_hp_gain":0.0,"max_hp_loss":0.0,"gold_gain":75.0,"event_name":"World of Goop","player_choice":"Gather Gold","floor":3.0,"gold_loss":0.0,"damage_taken":11.0},{"damage_healed":0.0,"max_hp_gain":0.0,"max_hp_loss":0.0,"gold_gain":0.0,"event_name":"Mushrooms","player_choice":"Fought Mushrooms","floor":8.0,"gold_loss":0.0,"damage_taken":0.0}],"is_beta":false,"boss_relics":[],"items_purged_floors":[13],"is_endless":false,"potions_floor_spawned":[1,5,11,12],"killed_by":"Slime Boss","ascension_level":12}}