{"host":"2cg6xoexl1he7zus","time":1609755280,"event":{"mods":["AchievementEnabler","BaseMod","Colored Map","Minty Spire (QoL Compilation)","Quick Restart","StSLib","SuperFastMode","everything is the same but u backflip on backflip"],"gold_per_floor":[115,115,129,142,155,155,155,166,166,191,191,216,69,79,79,182,182,196,196,196,24,24,51,51,65,65,85,85,103,103,132,132,235,235,249,249,268,220,235,235,270,288,288,288,319,330,330,380,380,380,380,380,65,91,91],"floor_reached":56,"playtime":2141,"items_purged":["Strike_B","Reprogram"],"score":1893,"play_id":"72b9b5c3-97b4-4c6d-889e-ed5a54166a09","local_time":"20210104191440","is_ascension_mode":true,"campfire_choices":[{"data":"Dualcast","floor":6.0,"key":"SMITH"},{"data":"Zap","floor":11.0,"key":"SMITH"},{"data":"Coolheaded","floor":15.0,"key":"SMITH"},{"data":"Biased Cognition","floor":24.0,"key":"SMITH"},{"data":"Defragment","floor":28.0,"key":"SMITH"},{"floor":30.0,"key":"REST"},{"data":"Capacitor","floor":32.0,"key":"SMITH"},{"floor":40.0,"key":"DIG"},{"floor":44.0,"key":"RECALL"},{"floor":49,"key":"REST"},{"floor":52,"key":"DIG"}],"circlet_count":0,"master_deck":["AscendersBane","Strike_B","Defend_B","Defend_B","Defend_B","Zap+1","Dualcast+1","Streamline","FTL","Coolheaded+1","Ball Lightning","Fusion","Sunder","Tempest","Capacitor+1","Biased Cognition+1","Steam","Glacier","Defragment+1","Ball Lightning","Consume+1","Echo Form","Hologram+1","Capacitor"],"relics":["Cracked Core","Lantern","Matryoshka","Cables","Letter Opener","Nuclear Battery","Bag of Preparation","FossilizedHelix","Dream Catcher","Shuriken","StoneCalendar","Shovel","Fusion Hammer","Mummified Hand","Mango","DataDisk","Thread and Needle","Pantograph","Bottled Tornado","Gambling Chip"],"acts_visited":["Exordium","TheCity","TheBeyond","TheEnding"],"potions_floor_usage":[50,55,55],"damage_taken":[{"damage":6.0,"enemies":"Cultist","floor":1.0,"turns":3.0},{"damage":0.0,"enemies":"2 Louse","floor":3.0,"turns":2.0},{"damage":0.0,"enemies":"Jaw Worm","floor":4.0,"turns":3.0},{"damage":0.0,"enemies":"Exordium Wildlife","floor":5.0,"turns":2.0},{"damage":9.0,"enemies":"Lots of Slimes","floor":8.0,"turns":3.0},{"damage":0.0,"enemies":"Lagavulin","floor":10.0,"turns":5.0},{"damage":4.0,"enemies":"Gremlin Nob","floor":12.0,"turns":3.0},{"damage":0.0,"enemies":"Large Slime","floor":14.0,"turns":3.0},{"damage":37.0,"enemies":"Hexaghost","floor":16.0,"turns":9.0},{"damage":1.0,"enemies":"Chosen","floor":18.0,"turns":3.0},{"damage":5.0,"enemies":"Book of Stabbing","floor":23.0,"turns":4.0},{"damage":0.0,"enemies":"2 Thieves","floor":25.0,"turns":3.0},{"damage":0.0,"enemies":"Sentry and Sphere","floor":27.0,"turns":4.0},{"damage":0.0,"enemies":"3 Cultists","floor":29.0,"turns":3.0},{"damage":21.0,"enemies":"Slavers","floor":31.0,"turns":3.0},{"damage":23.0,"enemies":"Collector","floor":33.0,"turns":8.0},{"damage":0.0,"enemies":"3 Shapes","floor":35.0,"turns":2.0},{"damage":15.0,"enemies":"3 Darklings","floor":37.0,"turns":4.0},{"damage":0.0,"enemies":"Maw","floor":39.0,"turns":5.0},{"damage":7.0,"enemies":"Nemesis","floor":41.0,"turns":7.0},{"damage":0.0,"enemies":"Spire Growth","floor":42.0,"turns":3.0},{"damage":0.0,"enemies":"Giant Head","floor":45.0,"turns":7.0},{"damage":0.0,"enemies":"4 Shapes","floor":46.0,"turns":4.0},{"damage":0.0,"enemies":"Mind Bloom Boss Battle","floor":48.0,"turns":5.0},{"damage":16,"enemies":"Awakened One","floor":50,"turns":9},{"damage":42,"enemies":"Shield and Spear","floor":54,"turns":7},{"damage":30,"enemies":"The Heart","floor":55,"turns":7}],"seed_played":"-7225142815126191928","potions_obtained":[{"floor":3.0,"key":"PowerPotion"},{"floor":4.0,"key":"FearPotion"},{"floor":10.0,"key":"LiquidMemories"},{"floor":18.0,"key":"Fire Potion"},{"floor":25.0,"key":"AttackPotion"},{"floor":33.0,"key":"FocusPotion"},{"floor":48.0,"key":"LiquidMemories"}],"is_trial":false,"path_per_floor":["M","?","M","M","M","R","?","M","T","E","R","E","$","M","R","B",null,"M","?","?","$","T","E","R","M","T","M","R","M","R","E","R","B",null,"M","?","M","$","M","R","E","M","T","R","E","M","?","?","R","B",null,"R","$","E","B",null],"character_chosen":"DEFECT","items_purchased":["Tempest","Glacier","Explosive Potion","Bottled Tornado","LiquidMemories"],"campfire_rested":2,"item_purchase_floors":[13,21,38,53,53],"current_hp_per_floor":[62,67,67,67,67,67,67,58,58,58,58,54,54,54,54,17,64,63,48,48,48,48,43,43,43,43,43,43,43,68,47,47,24,70,70,70,55,55,55,55,62,62,62,62,62,62,62,62,90,74,89,89,89,47,42],"gold":91,"neow_bonus":"RANDOM_COMMON_RELIC","is_daily":false,"chose_seed":false,"campfire_upgraded":6,"win_rate":0.0,"timestamp":1609755280,"path_taken":["M","?","M","M","M","R","?","M","T","E","R","E","$","M","R","BOSS","M","?","?","$","?","E","R","M","T","?","R","?","R","E","R","BOSS","M","?","M","$","M","R","E","M","T","R","E","M","?","?","R","BOSS","R","$","E","BOSS"],"items_purchased_type":["Card","Card","Potion","Relic","Potion"],"build_version":"2020-12-22","purchased_purges":2,"victory":true,"max_hp_per_floor":[75,80,80,80,80,80,80,80,80,80,80,80,80,80,80,80,80,80,85,85,85,85,85,85,85,85,85,85,85,85,85,85,85,85,85,85,85,85,85,85,99,99,99,99,99,99,94,94,94,94,94,94,94,94,94],"card_choices":[{"not_picked":["Steam Power","Double Energy"],"picked":"Streamline","floor":1.0},{"not_picked":["Stack","Barrage"],"picked":"FTL","floor":3.0},{"not_picked":["Darkness","Gash"],"picked":"Coolheaded","floor":4.0},{"not_picked":["Reprogram","Steam"],"picked":"Ball Lightning","floor":5.0},{"not_picked":["Rebound","Conserve Battery"],"picked":"Sunder","floor":8.0},{"not_picked":["Stack","Steam Power","Machine Learning"],"picked":"SKIP","floor":10.0},{"not_picked":["Coolheaded","Heatsinks","Double Energy"],"picked":"SKIP","floor":12.0},{"not_picked":["Redo","Melter"],"picked":"Capacitor","floor":14.0},{"not_picked":["Thunder Strike","Buffer"],"picked":"Biased Cognition","floor":16.0},{"not_picked":["Redo","Steam Power","Sunder+1"],"picked":"SKIP","floor":18.0},{"not_picked":["Glacier","Auto Shields","Streamline"],"picked":"SKIP","floor":23.0},{"not_picked":["Turbo","Barrage","Redo+1"],"picked":"SKIP","floor":25.0},{"not_picked":["Conserve Battery","Beam Cell+1"],"picked":"Defragment","floor":27.0},{"not_picked":["Rainbow","Glacier","Leap"],"picked":"SKIP","floor":29.0},{"not_picked":["Storm","Cold Snap"],"picked":"Ball Lightning","floor":30.0},{"not_picked":["Chill","Melter"],"picked":"Consume+1","floor":31.0},{"not_picked":["Amplify","Reboot"],"picked":"Echo Form","floor":33.0},{"not_picked":["Chaos","Chill"],"picked":"Hologram+1","floor":35.0},{"not_picked":["Heatsinks","Compile Driver","Steam Power"],"picked":"SKIP","floor":37.0},{"not_picked":["Storm+1","Conserve Battery","Turbo"],"picked":"SKIP","floor":39.0},{"not_picked":["Heatsinks","Compile Driver","Leap"],"picked":"SKIP","floor":41.0},{"not_picked":["Auto Shields","Sweeping Beam","Steam"],"picked":"SKIP","floor":42.0},{"not_picked":["Machine Learning","Stack","Go for the Eyes"],"picked":"SKIP","floor":45.0},{"not_picked":["Steam","Doom and Gloom"],"picked":"Capacitor","floor":46.0},{"not_picked":["Tempest+1","Lockon+1","Fusion"],"picked":"SKIP","floor":54}],"player_experience":257900,"relics_obtained":[{"floor":9.0,"key":"Matryoshka"},{"floor":10.0,"key":"Cables"},{"floor":12.0,"key":"Letter Opener"},{"floor":22.0,"key":"Bag of Preparation"},{"floor":22.0,"key":"FossilizedHelix"},{"floor":23.0,"key":"Dream Catcher"},{"floor":26.0,"key":"Shuriken"},{"floor":26.0,"key":"StoneCalendar"},{"floor":31.0,"key":"Shovel"},{"floor":40.0,"key":"Mummified Hand"},{"floor":41.0,"key":"Mango"},{"floor":45.0,"key":"DataDisk"},{"floor":48.0,"key":"Thread and Needle"},{"floor":52,"key":"Pantograph"},{"floor":54,"key":"Gambling Chip"}],"event_choices":[{"damage_healed":0.0,"max_hp_gain":5.0,"max_hp_loss":0.0,"gold_gain":0.0,"event_name":"Big Fish","player_choice":"Donut","floor":2.0,"gold_loss":0.0,"damage_taken":0.0},{"damage_healed":0.0,"max_hp_gain":0.0,"max_hp_loss":0.0,"gold_gain":0.0,"cards_transformed":["Strike_B"],"event_name":"Living Wall","player_choice":"Change","floor":7.0,"gold_loss":0.0,"damage_taken":0.0,"cards_obtained":["Fusion"]},{"damage_healed":0.0,"max_hp_gain":5.0,"max_hp_loss":0.0,"gold_gain":0.0,"event_name":"Forgotten Altar","player_choice":"Shed Blood","floor":19.0,"gold_loss":0.0,"damage_taken":20.0},{"damage_healed":0.0,"max_hp_gain":0.0,"max_hp_loss":0.0,"gold_gain":0.0,"cards_transformed":["Defend_B","Strike_B"],"event_name":"Drug Dealer","player_choice":"Became Test Subject","floor":20.0,"gold_loss":0.0,"damage_taken":0.0,"cards_obtained":["Reprogram","Steam"]},{"damage_healed":0.0,"max_hp_gain":0.0,"max_hp_loss":0.0,"gold_gain":0.0,"event_name":"Mysterious Sphere","player_choice":"Ignored","floor":36.0,"gold_loss":0.0,"damage_taken":0.0},{"damage_healed":0.0,"max_hp_gain":0.0,"max_hp_loss":5.0,"gold_gain":0.0,"event_name":"Winding Halls","player_choice":"Max HP","floor":47.0,"gold_loss":0.0,"damage_taken":0.0},{"damage_healed":0.0,"max_hp_gain":0.0,"max_hp_loss":0.0,"gold_gain":0.0,"event_name":"MindBloom","player_choice":"Fight","floor":48.0,"gold_loss":0.0,"damage_taken":0.0}],"is_beta":false,"boss_relics":[{"not_picked":["Cursed Key","Runic Pyramid"],"picked":"Nuclear Battery"},{"not_picked":["Calling Bell","Snecko Eye"],"picked":"Fusion Hammer"}],"items_purged_floors":[13,21],"is_endless":false,"potions_floor_spawned":[3,4,8,10,18,25,33,39,41,45,46,48,54],"ascension_level":12}}