{"host":"8anlmvy5ylhozj27","time":1609800933,"event":{"mods":["2.2 Compatiblity","Act Like it!","Aspiration","BaseMod","Best Route Mod","Better Match","Better Note","Better Skull","Better Third Choice","BetterRewards","Block Reminder","Colored Map","Colored Powertips","Conspire","Duelist Mod","Energized Spire","GifTheSpireLib","Gold Saver","Halation","Hermit","Highlight Path","Hubris","Infinite Spire","Ironclad Rager","Minty Spire (QoL Compilation)","Permanent Neow","Quick Restart","Rare Cards Sparkle","Replay The Spire","Spicy Shops","StSLib","Stuff the Spire","The Bladedancer","The Blue Laboratory","The Disciple","The Exalted","The Necromancer","The Sage","Transform Curses","Wandering Minibosses","vexMod"],"gold_per_floor":[843,33,33,51,51,51,84,104,154,154,154,154,286,306,306,409,409,425,437,437,448,448,448,448],"floor_reached":23,"playtime":707,"items_purged":["Defend_R"],"score":174,"play_id":"c675d93f-d9c2-4e60-9f0a-83478b2ba724","local_time":"20210104235533","is_ascension_mode":false,"campfire_choices":[{"data":"ICR:Frenzy","floor":6,"key":"SMITH"},{"data":"ReplayTheSpireMod:Stacked","floor":15,"key":"SMITH"}],"circlet_count":0,"master_deck":["Strike_R","Strike_R","Strike_R","Strike_R","Strike_R","Defend_R","Defend_R","Bash","Perfected Strike","ICR:Frenzy+1","Twin Strike","ICR:VitalStrike","Demon Form+1","ReplayTheSpireMod:Stacked+1","Cleave","Feed","Shrug It Off","Thunderclap+1","infinitespire:UltimateForm","Perfected Strike","Havoc"],"relics":["Burning Blood","vexMod:TimeEaterHat","halation:LettersToHer","vexMod:RedPlottingStone","Pen Nib","hubris:FunFungus","conspire:Dentures","StuffTheSpire:TintedRock","conspire:Flyswatter","halation:SmartPhone"],"acts_visited":["Exordium","TheCity"],"potions_floor_usage":[21,21,21],"damage_taken":[{"damage":6,"enemies":"Jaw Worm","floor":1,"turns":3},{"damage":6,"enemies":"Cultist","floor":4,"turns":3},{"damage":36,"enemies":"Lagavulin","floor":7,"turns":5},{"damage":0,"enemies":"2 Louse","floor":8,"turns":1},{"damage":11,"enemies":"Gremlin Nob","floor":13,"turns":3},{"damage":11,"enemies":"Exordium Wildlife","floor":14,"turns":4},{"damage":29,"enemies":"The Guardian","floor":16,"turns":7},{"damage":0,"enemies":"Spheric Guardian","floor":18,"turns":3},{"damage":27,"enemies":"3 Byrds","floor":19,"turns":5},{"damage":16,"enemies":"Cultist and Chosen","floor":21,"turns":4},{"damage":27,"enemies":"Gremlin Leader","floor":23,"turns":1}],"seed_played":"6428459146551103372","potions_obtained":[{"floor":4,"key":"ColorlessPotion"},{"floor":13,"key":"AttackPotion"},{"floor":18,"key":"blueLaboratory:BottleOfRum"}],"is_trial":true,"path_per_floor":["M","$","WH","M","?","R","E","M","T","WH","WH","WH","E","M","R","B",null,"M","M","AVR","M","WH","E"],"character_chosen":"IRONCLAD","items_purchased":["vexMod:TimeEaterHat","halation:LettersToHer","vexMod:RedPlottingStone","ICR:Frenzy","Pen Nib","hubris:FunFungus"],"campfire_rested":0,"item_purchase_floors":[2,2,2,2,2,2],"current_hp_per_floor":[80,80,72,72,72,72,43,49,49,49,49,49,44,39,39,18,96,87,57,48,36,27,0,0],"gold":448,"neow_bonus":"THREE_CARDS","is_daily":false,"chose_seed":false,"campfire_upgraded":2,"win_rate":0.0,"timestamp":1609800933,"path_taken":["M","$","WH","M","?","R","E","M","T","WH","WH","WH","E","M","R","BOSS","M","M","AVR","M","WH","E"],"items_purchased_type":["Relic","Relic","Relic","Card","Relic","Relic"],"build_version":"2020-12-22","purchased_purges":1,"victory":false,"max_hp_per_floor":[80,80,96,96,96,96,96,96,96,96,96,96,96,96,96,96,96,96,96,96,99,99,99,99],"card_choices":[{"not_picked":["True Grit","Metallicize"],"picked":"Perfected Strike","floor":1},{"not_picked":["StuffTheSpire:Incineration","StuffTheSpire:RockThrow"],"picked":"Twin Strike","floor":4},{"not_picked":["ReplayTheSpireMod:Corrosion Curse","Rampage"],"picked":"ICR:VitalStrike","floor":7},{"not_picked":["Warcry","Evolve","ReplayTheSpireMod:Corrosion Curse"],"picked":"SKIP","floor":8},{"not_picked":["Rampage","Flex"],"picked":"ReplayTheSpireMod:Stacked","floor":13},{"not_picked":["Iron Wave","Sever Soul"],"picked":"Cleave","floor":14},{"not_picked":["Brutality","Demon Form"],"picked":"Feed","floor":16},{"not_picked":["True Grit","StuffTheSpire:BloodClot+1"],"picked":"Shrug It Off","floor":18},{"not_picked":["StuffTheSpire:Incineration+1","Searing Blow+1"],"picked":"Thunderclap+1","floor":19},{"not_picked":["StuffTheSpire:Resist","Iron Wave"],"picked":"Perfected Strike","floor":21},{"not_picked":["ReplayTheSpireMod:Strike From Hell","Run Through"],"picked":"Havoc","floor":22}],"player_experience":126997,"relics_obtained":[{"floor":7,"key":"conspire:Dentures"},{"floor":9,"key":"halation:LettersToHer"},{"floor":9,"key":"StuffTheSpire:TintedRock"},{"floor":13,"key":"conspire:Flyswatter"}],"event_choices":[{"cards_removed":["Injury"],"damage_healed":0,"gold_gain":0,"player_choice":"Purged","damage_taken":0,"max_hp_gain":0,"max_hp_loss":0,"event_name":"Purifier","floor":5,"gold_loss":0}],"is_beta":false,"boss_relics":[{"not_picked":["halation:PlatinumPhoenix","ReplayTheSpireMod:SealedPack"],"picked":"halation:SmartPhone"}],"items_purged_floors":[20],"is_endless":false,"potions_floor_spawned":[4,13,18],"killed_by":"Gremlin Leader","ascension_level":0}}