{"host":"gsmj583br51y3r1c","time":1609788596,"event":{"mods":["AchievementEnabler","BaseMod","Better Note","Colored Map","Dio Mod","Downfall","Hermit","Highlight Path","Hubris","Infinite Spire","Marisa????????","Minty Spire (QoL Compilation)","Permanent Neow","Quick Restart","StSLib","The Bug Knight","The Cursed","The Disciple","The Elementalist","The Marked","The Mystic","The Runesmith","The Servant 0.9.4","Unceasing Turn Reminder","everything is the same but u backflip on backflip"],"gold_per_floor":[117,43,43,68,68,112,112,30,30,30,30,44,44,44,44,174,174,194,194,194,194,194,64,91,106,106,106,56,66,100,115,115,214,214,227,227,227,227],"floor_reached":37,"playtime":3833,"items_purged":["hermit:Strike_Hermit","hermit:Defend_Hermit","hermit:Strike_Hermit"],"score":401,"play_id":"63214f70-b874-469c-be51-7bd7183967c3","local_time":"20210104212956","is_ascension_mode":false,"campfire_choices":[{"floor":7,"key":"RECALL"},{"data":"hermit:Dive","floor":13,"key":"SMITH"},{"data":"hermit:Determination","floor":15,"key":"SMITH"},{"data":"hermit:Dive","floor":32,"key":"SMITH"}],"circlet_count":0,"master_deck":["hermit:Strike_Hermit","hermit:Strike_Hermit","hermit:Defend_Hermit","hermit:Defend_Hermit","hermit:Defend_Hermit","hermit:Snapshot","hermit:Covet","hermit:Determination+1","hermit:Deadeye","Injury","hermit:Enervate","hermit:GhostlyPresence","hermit:GoldenBullet","hermit:Dive+1","hermit:RoundhouseKick","hermit:Reprieve","hermit:Virtue","hermit:Ricochet+1","hermit:Dive+1","hermit:Brawl","hermit:Misfire","hermit:ShadowCloak","hermit:Quickdraw","hermit:RoundhouseKick","hermit:Quickdraw+1","Wraith"],"relics":["hermit:Momento","TungstenRod","Bloody Idol","hubris:Towel","PreservedInsect","Darkstone Periapt","Smiling Mask","hubris:Icosahedron","Sozu","hubris:FunFungus","Shuriken","Matryoshka","infinitespire:ShieldingShard","SlaversCollar"],"acts_visited":["Exordium","TheCity","TheBeyond"],"potions_floor_usage":[16],"damage_taken":[{"damage":8,"enemies":"Jaw Worm","floor":1,"turns":5},{"damage":0,"enemies":"2 Louse","floor":4,"turns":2},{"damage":15,"enemies":"3 Sentries","floor":6,"turns":9},{"damage":9,"enemies":"Small Slimes","floor":12,"turns":5},{"damage":31,"enemies":"The Guardian","floor":16,"turns":12},{"damage":28,"enemies":"Shell Parasite","floor":18,"turns":7},{"damage":9,"enemies":"Nightmare","floor":24,"turns":8},{"damage":9,"enemies":"2 Thieves","floor":25,"turns":3},{"damage":20,"enemies":"Snecko","floor":29,"turns":6},{"damage":19,"enemies":"Book of Stabbing","floor":30,"turns":5},{"damage":14,"enemies":"Snake Plant","floor":31,"turns":4},{"damage":10,"enemies":"Champ","floor":33,"turns":12},{"damage":5,"enemies":"3 Darklings","floor":35,"turns":7},{"damage":26,"enemies":"infinitespire:Three Voidlings","floor":37,"turns":5},{"damage":93,"enemies":"Nightmare_Alpha","floor":37,"turns":12}],"seed_played":"-6104593164196475323","potions_obtained":[{"floor":1,"key":"SpeedPotion"}],"is_trial":false,"path_per_floor":["M","$","?","M","?","E","R","$","T","?","$","M","R","?","R","B",null,"M","?","?","AVR","?","$","NM","M","T","?","$","M","E","M","R","B",null,"M","?","?"],"character_chosen":"HERMIT","items_purchased":["hermit:Deadeye","hermit:GoldenBullet","hermit:Virtue"],"campfire_rested":0,"item_purchase_floors":[2,8,23],"current_hp_per_floor":[60,60,60,60,60,45,45,45,45,43,43,34,34,34,34,3,68,40,40,40,40,40,40,44,49,49,49,49,38,38,68,68,68,68,68,74,0,0],"gold":227,"neow_bonus":"ONE_RARE_RELIC","is_daily":false,"chose_seed":false,"campfire_upgraded":3,"win_rate":0.0,"timestamp":1609788596,"path_taken":["M","$","?","M","?","E","R","$","T","?","?","M","R","?","R","BOSS","M","?","?","AVR","?","$","NM","M","T","?","?","?","E","M","R","BOSS","M","?","?"],"items_purchased_type":["Card","Card","Card"],"build_version":"2020-12-22","purchased_purges":3,"victory":false,"max_hp_per_floor":[68,68,68,68,68,68,68,68,68,68,68,68,68,68,68,68,68,68,68,68,68,68,68,68,68,68,68,68,68,68,68,68,68,68,68,74,74,74],"card_choices":[{"not_picked":["hermit:CalledShot","hermit:WideOpen"],"picked":"hermit:Determination","floor":1},{"not_picked":["hermit:BodyArmor","hermit:SprayPray"],"picked":"hermit:Enervate","floor":4},{"not_picked":["hermit:OverwhelmingPower","hermit:Misfire"],"picked":"hermit:GhostlyPresence","floor":6},{"not_picked":["hermit:Headshot","hermit:Malice"],"picked":"hermit:Dive","floor":12},{"not_picked":["hermit:Gambit","hermit:Roughhouse"],"picked":"hermit:RoundhouseKick","floor":16},{"not_picked":["hermit:Misfire","hermit:Manifest"],"picked":"hermit:Reprieve","floor":18},{"not_picked":["hermit:Glare","hermit:NoHoldsBarred"],"picked":"hermit:Ricochet+1","floor":24},{"not_picked":["hermit:TakeAim","hermit:HoleUp"],"picked":"hermit:Dive","floor":25},{"not_picked":["hermit:Virtue","hermit:HoleUp"],"picked":"hermit:Misfire","floor":29},{"not_picked":["hermit:Desperado","hermit:BodyArmor"],"picked":"hermit:ShadowCloak","floor":30},{"not_picked":["hermit:BodyArmor","hermit:Roulette"],"picked":"hermit:Quickdraw","floor":31},{"not_picked":["hermit:Reprieve","hermit:EternalForm"],"picked":"hermit:RoundhouseKick","floor":33},{"not_picked":["hermit:LuckOfTheDraw+1","hermit:CalledShot+1"],"picked":"hermit:Quickdraw+1","floor":35}],"player_experience":321474,"relics_obtained":[{"floor":6,"key":"PreservedInsect"},{"floor":9,"key":"Darkstone Periapt"},{"floor":24,"key":"Shuriken"},{"floor":26,"key":"Matryoshka"},{"floor":30,"key":"infinitespire:ShieldingShard"}],"event_choices":[{"damage_healed":0,"gold_gain":0,"player_choice":"Take Wound","damage_taken":0,"relics_obtained":["Golden Idol"],"max_hp_gain":0,"max_hp_loss":0,"event_name":"Golden Idol","floor":3,"gold_loss":0,"cards_obtained":["Injury"]},{"damage_healed":0,"gold_gain":0,"player_choice":"Success","damage_taken":3,"relics_obtained":["Smiling Mask"],"max_hp_gain":0,"max_hp_loss":0,"event_name":"Scrap Ooze","floor":10,"gold_loss":0},{"damage_healed":0,"gold_gain":0,"player_choice":"Ignored","damage_taken":0,"max_hp_gain":0,"max_hp_loss":0,"event_name":"betterNote:BetterNote","floor":19,"gold_loss":0,"cards_obtained":["AsteroidBelt"]},{"damage_healed":0,"gold_gain":0,"player_choice":"Gave Idol","damage_taken":0,"relics_obtained":["Bloody Idol"],"max_hp_gain":0,"max_hp_loss":0,"event_name":"Forgotten Altar","floor":22,"relics_lost":["Golden Idol"],"gold_loss":0},{"damage_healed":0,"gold_gain":0,"player_choice":"Read","damage_taken":0,"max_hp_gain":0,"max_hp_loss":0,"event_name":"The Library","floor":27,"gold_loss":0,"cards_obtained":["hermit:Brawl"]},{"damage_healed":0,"gold_gain":0,"player_choice":"Ignored","damage_taken":0,"max_hp_gain":0,"max_hp_loss":0,"event_name":"OrinTheCat","floor":36,"gold_loss":0}],"is_beta":false,"boss_relics":[{"not_picked":["Ectoplasm","Empty Cage"],"picked":"Sozu"},{"not_picked":["hubris:CrackedHourglass","Runic Dome"],"picked":"SlaversCollar"}],"items_purged_floors":[21,23,28],"is_endless":true,"potions_floor_spawned":[1,24,25,31],"killed_by":"Nightmare_Alpha","ascension_level":0}}