{"host":"79xc9gyszz0y96gi","time":1609797419,"event":{"mods":["BaseMod","Better Altar","Better Match","Better Sensory Stone","Better Skull","Better Third Choice","Better Vampires","BetterRewards","Block Reminder","Colored Powertips","Displayed Cursed Tome","Dota2Spire","Downfall","Energized Spire","GifTheSpireLib","Googly Eyes","Infinite Spire","Minty Spire (QoL Compilation)","Quick Restart","Rare Cards Sparkle","Replay The Spire","Retaliation","Shop Mod","StSLib","Stuff the Spire"],"gold_per_floor":[110,126,138,138,138,138,167,181,204,236,250,378,388,244,244,349,349,361,190,208,208,208,108,123,123,259,259],"floor_reached":26,"playtime":1948,"items_purged":[],"score":348,"play_id":"67b5ebeb-91bd-495d-bcc7-b0718a0d6395","local_time":"20210104165659","is_ascension_mode":false,"campfire_choices":[{"data":"Bash","floor":6,"key":"SMITH"},{"data":"Berserk","floor":15,"key":"SMITH"},{"data":"ReplayUltimateDefense","floor":25,"key":"SMITH"}],"circlet_count":0,"master_deck":["Strike_R","Strike_R","Strike_R","Strike_R","Strike_R+1","Defend_R","Defend_R","Defend_R+1","Defend_R+1","Bash+1","Flex","Spot Weakness","Searing Blow+1","Berserk+1","Shrug It Off","Reaper","Heavy Blade","Life Link","DDmod:RapidStrikeAttack","ReplayUltimateDefense+1","Power Through","DDmod:SpikedSkill"],"relics":["Burning Blood","Dota2Spire:EchoSabre","StuffTheSpire:MayFlowers","Simple Rune","PreservedInsect","Dota2Spire:PhaseBoots","StuffTheSpire:TintedRock","Blue Candle","Whetstone","Ooze Armor","Dota2Spire:BladeMail"],"acts_visited":["Exordium","TheCity"],"potions_floor_usage":[16,16,23,23],"damage_taken":[{"damage":0,"enemies":"Cultist","floor":1,"turns":3},{"damage":0,"enemies":"2 Louse","floor":2,"turns":2},{"damage":0,"enemies":"Small Slimes","floor":3,"turns":3},{"damage":1,"enemies":"Replay:BlueRogue","floor":7,"turns":5},{"damage":12,"enemies":"Blue Slaver","floor":8,"turns":2},{"damage":14,"enemies":"Gremlin Nob","floor":10,"turns":3},{"damage":6,"enemies":"Exordium Wildlife","floor":11,"turns":5},{"damage":7,"enemies":"Lagavulin","floor":12,"turns":6},{"damage":0,"enemies":"2 Fungi Beasts","floor":13,"turns":3},{"damage":28,"enemies":"Fading Forest","floor":16,"turns":11},{"damage":2,"enemies":"Chosen","floor":18,"turns":3},{"damage":8,"enemies":"Spheric Guardian","floor":20,"turns":4},{"damage":6,"enemies":"3 Cultists","floor":24,"turns":5},{"damage":23,"enemies":"Book of Stabbing","floor":26,"turns":4}],"seed_played":"5651013660350605684","potions_obtained":[{"floor":7,"key":"hexamod:EctoCoolerPotion"},{"floor":8,"key":"BlessingOfTheForge"},{"floor":13,"key":"BloodPotion"},{"floor":16,"key":"Dota2Spire:HealingSalve"},{"floor":18,"key":"Weak Potion"},{"floor":26,"key":"HeartOfIron"}],"is_trial":false,"path_per_floor":["M","M","M","?","?","R","E","M","T","E","M","E","M","$","R","B",null,"M","$","M","PTL","PTL","$","M","R","E"],"character_chosen":"IRONCLAD","items_purchased":["Dota2Spire:EchoSabre","Simple Rune","Whetstone","ReplayUltimateDefense","Fruit Juice"],"campfire_rested":0,"item_purchase_floors":[0,0,14,19,23],"current_hp_per_floor":[56,62,68,68,68,68,73,67,67,59,64,70,80,80,80,78,80,80,80,78,78,78,85,85,85,68,68],"gold":259,"neow_bonus":"","is_daily":false,"chose_seed":false,"campfire_upgraded":3,"win_rate":0.0,"timestamp":1609797419,"path_taken":["M","M","M","?","?","R","E","?","T","E","M","E","M","$","R","BOSS","M","?","M","PTL","PTL","$","M","R","E"],"items_purchased_type":["Relic","Relic","Relic","Card","Potion"],"build_version":"2020-12-22","purchased_purges":0,"victory":false,"max_hp_per_floor":[80,80,80,80,80,80,80,80,80,80,80,80,80,80,80,80,80,80,80,80,80,80,85,85,85,85,85],"card_choices":[{"not_picked":["DDmod:CallousedSkill","Havoc"],"picked":"Flex","floor":1},{"not_picked":["Body Slam","ReplayTheSpireMod:Strike From Hell"],"picked":"Spot Weakness","floor":2},{"not_picked":["Flex","Massacre"],"picked":"Searing Blow","floor":3},{"not_picked":["Searing Blow","Rampage"],"picked":"Berserk","floor":7},{"not_picked":["DDmod:SpikedSkill","Warcry"],"picked":"Shrug It Off","floor":8},{"not_picked":["Wild Strike","Shrug It Off"],"picked":"Reaper","floor":10},{"not_picked":["Flex","Replay:Undeath\u0027s Touch"],"picked":"Heavy Blade","floor":11},{"not_picked":["Massacre","Havoc","Clothesline"],"picked":"SKIP","floor":12},{"not_picked":["Anger","DDmod:ScaleUpSkill"],"picked":"Life Link","floor":13},{"not_picked":["DDmod:EasePowerCard","Clothesline"],"picked":"DDmod:RapidStrikeAttack","floor":18},{"not_picked":["Feel No Pain","DDmod:RapidStrikeAttack","Entrench"],"picked":"SKIP","floor":20},{"not_picked":["Flame Barrier","DDmod:PokeAttack"],"picked":"Power Through","floor":24},{"not_picked":["Body Slam","StuffTheSpire:Slingshot+1"],"picked":"DDmod:SpikedSkill","floor":26}],"player_experience":524632,"relics_obtained":[{"floor":7,"key":"PreservedInsect"},{"floor":9,"key":"Dota2Spire:PhaseBoots"},{"floor":10,"key":"StuffTheSpire:TintedRock"},{"floor":12,"key":"Blue Candle"},{"floor":26,"key":"Dota2Spire:BladeMail"}],"event_choices":[{"damage_healed":0,"gold_gain":0,"player_choice":"Ignored","damage_taken":0,"max_hp_gain":0,"max_hp_loss":0,"event_name":"Transmorgrifier","floor":5,"gold_loss":0}],"is_beta":false,"boss_relics":[{"not_picked":["energizedSpire:OgreHead","Abe\u0027s Treasure"],"picked":"Ooze Armor"}],"items_purged_floors":[],"is_endless":false,"potions_floor_spawned":[3,7,8,13,16,18,26],"killed_by":"Book of Stabbing","ascension_level":0}}