{"host":"31s8hzukbhz1k6i6","time":1609726424,"event":{"mods":["AchievementEnabler","BaseMod","Bestiary","Colored Map","Filter the Spire","Minty Spire (QoL Compilation)","Relic Stats","ojb\u0027s Info Mod"],"gold_per_floor":[110,110,130,130,77,77,106,118,130,142,164,190,232,258,270,353,365,348,370,382,319,77,77,27,54,54,72,107,125,153,253,253,327,327,344,344,362,132,53,86,86,113,113,145,157,209,209,228,228,228,228,228,228,10,37,37],"floor_reached":57,"playtime":3579,"items_purged":["Strike_B","Defend_B","Defend_B","Defend_B"],"score":3087,"play_id":"dcde1415-7d9c-4dd6-b421-d0493984c378","local_time":"20210103181344","is_ascension_mode":true,"campfire_choices":[{"data":"Zap","floor":6.0,"key":"SMITH"},{"data":"Coolheaded","floor":10.0,"key":"SMITH"},{"data":"Reinforced Body","floor":15.0,"key":"SMITH"},{"data":"Biased Cognition","floor":23.0,"key":"SMITH"},{"data":"Capacitor","floor":32.0,"key":"SMITH"},{"data":"Seek","floor":41.0,"key":"SMITH"},{"floor":47,"key":"DIG"},{"floor":49,"key":"RECALL"},{"floor":53,"key":"DIG"}],"circlet_count":0,"master_deck":["AscendersBane","Zap+1","Dualcast","Core Surge+1","Lockon+1","Consume+1","Conserve Battery+1","Coolheaded+1","Coolheaded","Capacitor+1","Compile Driver","Reinforced Body+1","Biased Cognition+1","Double Energy+1","Go for the Eyes","Doom and Gloom","Storm+1","Go for the Eyes+1","Glacier+1","Capacitor+1","Seek+1","CurseOfTheBell","Cold Snap","Coolheaded+1","Storm","Static Discharge+1","Capacitor+1","Defragment"],"relics":["Astrolabe","MawBank","Meat on the Bone","Pantograph","Runic Dome","Membership Card","Regal Pillow","MealTicket","Gremlin Horn","Girya","Calipers","Shuriken","Calling Bell","PreservedInsect","Mummified Hand","Gambling Chip","Orrery","War Paint","ClockworkSouvenir","WingedGreaves","Eternal Feather","Anchor","Shovel","White Beast Statue","Blue Candle","HornCleat","Boot"],"acts_visited":["Exordium","TheCity","TheBeyond","TheEnding"],"potions_floor_usage":[46,56,56],"damage_taken":[{"damage":6.0,"enemies":"2 Louse","floor":1.0,"turns":3.0},{"damage":7.0,"enemies":"Jaw Worm","floor":3.0,"turns":3.0},{"damage":18.0,"enemies":"3 Sentries","floor":7.0,"turns":13.0},{"damage":0.0,"enemies":"Cultist","floor":11.0,"turns":4.0},{"damage":22.0,"enemies":"Exordium Thugs","floor":12.0,"turns":5.0},{"damage":0.0,"enemies":"Lagavulin","floor":13.0,"turns":6.0},{"damage":17.0,"enemies":"Exordium Wildlife","floor":14.0,"turns":5.0},{"damage":31.0,"enemies":"Slime Boss","floor":16.0,"turns":18.0},{"damage":10.0,"enemies":"2 Thieves","floor":18.0,"turns":4.0},{"damage":0.0,"enemies":"Chosen","floor":19.0,"turns":5.0},{"damage":33.0,"enemies":"Book of Stabbing","floor":25.0,"turns":6.0},{"damage":14.0,"enemies":"Snake Plant","floor":27.0,"turns":5.0},{"damage":0.0,"enemies":"Gremlin Leader","floor":28.0,"turns":4.0},{"damage":0.0,"enemies":"Chosen and Byrds","floor":29.0,"turns":5.0},{"damage":37.0,"enemies":"Slavers","floor":30.0,"turns":7.0},{"damage":29.0,"enemies":"Colosseum Slavers","floor":31.0,"turns":4.0},{"damage":9.0,"enemies":"Colosseum Nobs","floor":31.0,"turns":4.0},{"damage":4.0,"enemies":"Automaton","floor":33.0,"turns":9.0},{"damage":12.0,"enemies":"3 Shapes","floor":35.0,"turns":7.0},{"damage":4.0,"enemies":"Orb Walker","floor":37.0,"turns":3.0},{"damage":2.0,"enemies":"Giant Head","floor":40.0,"turns":5.0},{"damage":39.0,"enemies":"Reptomancer","floor":42.0,"turns":4.0},{"damage":0.0,"enemies":"Giant Head","floor":44.0,"turns":5.0},{"damage":23.0,"enemies":"3 Darklings","floor":45.0,"turns":3.0},{"damage":13,"enemies":"2 Orb Walkers","floor":46,"turns":2},{"damage":7,"enemies":"4 Shapes","floor":48,"turns":4},{"damage":0,"enemies":"Donu and Deca","floor":50,"turns":9},{"damage":2,"enemies":"Awakened One","floor":51,"turns":22},{"damage":46,"enemies":"Shield and Spear","floor":55,"turns":6},{"damage":33,"enemies":"The Heart","floor":56,"turns":10}],"seed_played":"-8810462480611721679","potions_obtained":[{"floor":1.0,"key":"FairyPotion"},{"floor":7.0,"key":"SneckoOil"},{"floor":12.0,"key":"Fruit Juice"},{"floor":16.0,"key":"Block Potion"},{"floor":27.0,"key":"AttackPotion"},{"floor":28.0,"key":"EssenceOfSteel"},{"floor":33.0,"key":"AttackPotion"},{"floor":37.0,"key":"Dexterity Potion"},{"floor":42.0,"key":"Block Potion"},{"floor":45.0,"key":"Swift Potion"},{"floor":48,"key":"LiquidBronze"}],"is_trial":false,"path_per_floor":["M","?","M","?","$","R","E","?","T","R","M","M","E","M","R","B",null,"M","M","$","?","$","R","$","E","T","M","E","M","E","?","R","B",null,"M","?","M","$","$","E","R","E","T","E","M","?","R","M","R","B","B",null,"R","$","E","B",null],"character_chosen":"DEFECT","items_purchased":["Coolheaded","Membership Card","Doom and Gloom","Orrery","War Paint","ClockworkSouvenir","HornCleat"],"campfire_rested":0,"item_purchase_floors":[5,22,22,38,38,39,54],"current_hp_per_floor":[58,58,51,56,56,56,38,38,38,38,50,40,40,35,35,46,72,62,62,62,62,62,62,62,41,41,39,51,51,26,39,39,60,76,64,64,60,75,81,79,79,52,52,52,41,40,55,48,63,81,79,81,81,81,47,51],"gold":37,"neow_bonus":"BOSS_RELIC","is_daily":false,"chose_seed":false,"campfire_upgraded":6,"win_rate":0.0,"timestamp":1609726424,"path_taken":["M","?","M","?","?","R","E","?","T","R","M","M","E","M","R","BOSS","M","M","?","?","$","R","?","E","T","M","E","M","E","?","R","BOSS","M","?","M","?","$","E","R","E","T","E","?","?","R","M","R","BOSS","BOSS","R","$","E","BOSS"],"items_purchased_type":["Card","Relic","Card","Relic","Relic","Relic","Relic"],"build_version":"2020-12-22","purchased_purges":4,"victory":true,"max_hp_per_floor":[71,71,71,76,76,76,76,76,76,76,76,76,76,76,76,81,81,81,81,81,81,81,81,81,81,81,81,81,81,81,81,81,81,81,81,81,81,81,81,81,81,81,81,81,81,81,81,81,81,81,81,81,81,81,81,81],"relic_stats":{"Regal Pillow":0,"Gremlin Horn":[25,25],"counters":[30,190],"Astrolabe":["Core Surge","Lockon","Consume"],"Blue Candle":[2],"Eternal Feather":30,"PreservedInsect":398,"War Paint":["Conserve Battery","Glacier"],"MawBank":180,"Boot":[7],"Shovel":2,"Shuriken":[17],"Mummified Hand":[64],"Pantograph":93,"Gambling Chip":[25],"MealTicket":21,"obtain_stats":[{"Regal Pillow":25,"Calipers":31,"Gremlin Horn":28,"Boot":55,"ClockworkSouvenir":39,"Shovel":46,"HornCleat":54,"Mummified Hand":34,"Pantograph":13,"Gambling Chip":34,"MealTicket":26,"WingedGreaves":40,"Cracked Core":0,"Girya":30,"Astrolabe":0,"Blue Candle":53,"Eternal Feather":42,"PreservedInsect":34,"War Paint":38,"MawBank":7,"White Beast Statue":47,"Calling Bell":34,"Runic Dome":17,"Anchor":44,"Shuriken":31,"Orrery":38,"Membership Card":22,"Meat on the Bone":9},{"Regal Pillow":11,"Calipers":17,"Gremlin Horn":13,"Boot":29,"ClockworkSouvenir":20,"Shovel":25,"HornCleat":28,"Mummified Hand":18,"Pantograph":6,"Gambling Chip":18,"MealTicket":11,"WingedGreaves":21,"Cracked Core":0,"Girya":15,"Astrolabe":0,"Blue Candle":28,"Eternal Feather":22,"PreservedInsect":18,"War Paint":20,"MawBank":3,"White Beast Statue":25,"Calling Bell":18,"Runic Dome":8,"Anchor":23,"Shuriken":17,"Orrery":20,"Membership Card":10,"Meat on the Bone":3},{"Regal Pillow":72,"Calipers":101,"Gremlin Horn":81,"Boot":180,"ClockworkSouvenir":120,"Shovel":139,"HornCleat":174,"Mummified Hand":110,"Pantograph":34,"Gambling Chip":110,"MealTicket":72,"WingedGreaves":125,"Cracked Core":0,"Girya":93,"Astrolabe":0,"Blue Candle":174,"Eternal Feather":129,"PreservedInsect":110,"War Paint":120,"MawBank":19,"White Beast Statue":139,"Calling Bell":110,"Runic Dome":57,"Anchor":134,"Shuriken":101,"Orrery":120,"Membership Card":66,"Meat on the Bone":19}],"Meat on the Bone":180},"card_choices":[{"not_picked":["Recycle","Turbo"],"picked":"Conserve Battery","floor":1.0},{"not_picked":["Steam","Stack"],"picked":"Coolheaded","floor":3.0},{"not_picked":["Sweeping Beam","Consume"],"picked":"Capacitor","floor":7.0},{"not_picked":["Leap","Go for the Eyes","Reprogram"],"picked":"SKIP","floor":11.0},{"not_picked":["Auto Shields","Chill"],"picked":"Compile Driver","floor":12.0},{"not_picked":["Stack","Streamline"],"picked":"Reinforced Body","floor":13.0},{"not_picked":["Stack","Steam","Sunder"],"picked":"SKIP","floor":14.0},{"not_picked":["All For One","Thunder Strike"],"picked":"Biased Cognition","floor":16.0},{"not_picked":["Leap","Auto Shields"],"picked":"Double Energy+1","floor":18.0},{"not_picked":["Compile Driver","Turbo"],"picked":"Go for the Eyes","floor":19.0},{"not_picked":["Auto Shields","White Noise"],"picked":"Storm+1","floor":25.0},{"not_picked":["Reprogram","Turbo"],"picked":"Go for the Eyes+1","floor":27.0},{"not_picked":["Hello World","Beam Cell","Doom and Gloom+1"],"picked":"SKIP","floor":28.0},{"not_picked":["Consume","Capacitor"],"picked":"Glacier","floor":29.0},{"not_picked":["Coolheaded","Turbo"],"picked":"Capacitor","floor":30.0},{"not_picked":["Reboot","Hyperbeam"],"picked":"Seek","floor":33.0},{"not_picked":["Undo","Ball Lightning","Auto Shields"],"picked":"SKIP","floor":35.0},{"not_picked":["Sweeping Beam","Steam Power"],"picked":"Cold Snap","floor":37.0},{"not_picked":["Redo","Barrage+1"],"picked":"Coolheaded+1","floor":38.0},{"not_picked":["Go for the Eyes","Barrage"],"picked":"Storm","floor":38.0},{"not_picked":["Fusion+1","Hyperbeam","Beam Cell"],"picked":"SKIP","floor":40.0},{"not_picked":["Sweeping Beam+1","Lockon"],"picked":"Static Discharge+1","floor":42.0},{"not_picked":["Coolheaded","Reboot","Turbo"],"picked":"SKIP","floor":44.0},{"not_picked":["Go for the Eyes","Leap"],"picked":"Capacitor+1","floor":45.0},{"not_picked":["Coolheaded","Static Discharge","Meteor Strike"],"picked":"SKIP","floor":48},{"not_picked":["Steam+1","Cold Snap"],"picked":"Defragment","floor":55}],"player_experience":144416,"relics_obtained":[{"floor":7.0,"key":"MawBank"},{"floor":9.0,"key":"Meat on the Bone"},{"floor":13.0,"key":"Pantograph"},{"floor":25.0,"key":"Regal Pillow"},{"floor":26.0,"key":"MealTicket"},{"floor":28.0,"key":"Gremlin Horn"},{"floor":30.0,"key":"Girya"},{"floor":31.0,"key":"Calipers"},{"floor":31.0,"key":"Shuriken"},{"floor":34.0,"key":"PreservedInsect"},{"floor":34.0,"key":"Mummified Hand"},{"floor":34.0,"key":"Gambling Chip"},{"floor":40.0,"key":"WingedGreaves"},{"floor":42.0,"key":"Eternal Feather"},{"floor":44.0,"key":"Anchor"},{"floor":46,"key":"Shovel"},{"floor":47,"key":"White Beast Statue"},{"floor":53,"key":"Blue Candle"},{"floor":55,"key":"Boot"}],"event_choices":[{"damage_healed":0.0,"max_hp_gain":0.0,"max_hp_loss":0.0,"gold_gain":0.0,"event_name":"Liars Game","player_choice":"Ignored","floor":2.0,"gold_loss":0.0,"damage_taken":0.0},{"damage_healed":0.0,"max_hp_gain":5.0,"max_hp_loss":0.0,"gold_gain":0.0,"event_name":"Big Fish","player_choice":"Donut","floor":4.0,"gold_loss":0.0,"damage_taken":0.0},{"damage_healed":0.0,"max_hp_gain":0.0,"max_hp_loss":0.0,"gold_gain":0.0,"event_name":"Upgrade Shrine","player_choice":"Upgraded","floor":8.0,"gold_loss":0.0,"damage_taken":0.0,"cards_upgraded":["Capacitor"]},{"cards_removed":["Strike_B"],"damage_healed":0.0,"max_hp_gain":0.0,"max_hp_loss":0.0,"gold_gain":0.0,"event_name":"Beggar","player_choice":"Gave Gold","floor":21.0,"gold_loss":75.0,"damage_taken":0.0},{"damage_healed":0.0,"max_hp_gain":0.0,"max_hp_loss":0.0,"gold_gain":0.0,"event_name":"Colosseum","player_choice":"Fight","floor":31.0,"gold_loss":0.0,"damage_taken":0.0},{"damage_healed":0.0,"max_hp_gain":0.0,"max_hp_loss":0.0,"gold_gain":0.0,"event_name":"Colosseum","player_choice":"Fought Nobs","floor":31.0,"gold_loss":0.0,"damage_taken":0.0},{"damage_healed":0.0,"max_hp_gain":0.0,"max_hp_loss":0.0,"gold_gain":0.0,"event_name":"SecretPortal","player_choice":"Ignored","floor":36.0,"gold_loss":0.0,"damage_taken":0.0},{"damage_healed":0,"gold_gain":0,"player_choice":"Fight","damage_taken":0,"max_hp_gain":0,"max_hp_loss":0,"event_name":"Mysterious Sphere","floor":46,"gold_loss":0}],"is_beta":false,"boss_relics":[{"not_picked":["Fusion Hammer","Nuclear Battery"],"picked":"Runic Dome"},{"not_picked":["Empty Cage","Snecko Eye"],"picked":"Calling Bell"}],"items_purged_floors":[22,24,38,54],"is_endless":false,"potions_floor_spawned":[1,7,12,16,25,27,28,33,37,42,45,48,55],"ascension_level":20}}