{"host":"Qube","time":1609803931,"event":{"mods":["AchievementEnabler","BaseMod","Colored Map","Colored Powertips","Minty Spire (QoL Compilation)","Quick Restart","Random Character Button","StSLib"],"gold_per_floor":[110,120,120,120,141,141,176,196,196,216,216,216,235,270,270,363,363,382,382,417,417,436,436,476,476,476,510,510,537,552,572,572,670,670,691,913,1246,1271,1288,1288,1323,1323,1323,720,747,747,780,227,227,227],"floor_reached":51,"playtime":2485,"items_purged":["BowlingBash"],"score":1423,"play_id":"716e0ad5-f87b-4e73-9789-dfe270b0f753","local_time":"20210104154531","is_ascension_mode":true,"campfire_choices":[{"floor":6.0,"key":"REST"},{"floor":11.0,"key":"REST"},{"floor":15.0,"key":"REST"},{"floor":23.0,"key":"REST"},{"floor":25.0,"key":"REST"},{"data":"ConjureBlade","floor":28.0,"key":"SMITH"},{"data":"Protect","floor":32,"key":"SMITH"},{"data":"BattleHymn","floor":40,"key":"SMITH"},{"floor":42,"key":"REST"},{"data":"Worship","floor":46,"key":"SMITH"},{"data":"Devotion","floor":49,"key":"SMITH"}],"circlet_count":0,"master_deck":["AscendersBane","Eruption","Vigilance+1","Conclude","FlurryOfBlows","FlurryOfBlows","Protect+1","Halt","Consecrate","ConjureBlade+1","Wallop+1","FlurryOfBlows","Prostrate+1","Devotion+1","Worship+1","BattleHymn+1","CutThroughFate"],"relics":["PureWater","NeowsBlessing","Kunai","TeardropLocket","Matryoshka","Pandora\u0027s Box","Enchiridion","Red Mask","Nunchaku","Strawberry","Du-Vu Doll","Regal Pillow","Tiny Chest","Omamori","Cursed Key","Thread and Needle","White Beast Statue","Blue Candle","Torii","Anchor","Boot","Ice Cream","Bird Faced Urn","Membership Card"],"acts_visited":["Exordium","TheCity","TheBeyond"],"potions_floor_usage":[33,41,47,50,50],"damage_taken":[{"damage":0.0,"enemies":"2 Louse","floor":1.0,"turns":2.0},{"damage":0.0,"enemies":"Small Slimes","floor":2.0,"turns":1.0},{"damage":0.0,"enemies":"Jaw Worm","floor":5.0,"turns":1.0},{"damage":23.0,"enemies":"3 Sentries","floor":7.0,"turns":8.0},{"damage":0.0,"enemies":"3 Louse","floor":8.0,"turns":1.0},{"damage":0.0,"enemies":"Blue Slaver","floor":10.0,"turns":4.0},{"damage":0.0,"enemies":"Large Slime","floor":13.0,"turns":4.0},{"damage":35.0,"enemies":"Lagavulin","floor":14.0,"turns":6.0},{"damage":19.0,"enemies":"Slime Boss","floor":16.0,"turns":7.0},{"damage":7.0,"enemies":"2 Thieves","floor":18.0,"turns":4.0},{"damage":0.0,"enemies":"Masked Bandits","floor":20.0,"turns":3.0},{"damage":4.0,"enemies":"Shell Parasite","floor":22.0,"turns":3.0},{"damage":20.0,"enemies":"Book of Stabbing","floor":24.0,"turns":3.0},{"damage":0.0,"enemies":"Gremlin Leader","floor":27.0,"turns":4.0},{"damage":0.0,"enemies":"3 Cultists","floor":30.0,"turns":2.0},{"damage":4.0,"enemies":"Chosen and Byrds","floor":31.0,"turns":4.0},{"damage":5,"enemies":"Automaton","floor":33,"turns":7},{"damage":0,"enemies":"Orb Walker","floor":35,"turns":2},{"damage":0,"enemies":"Mind Bloom Boss Battle","floor":38,"turns":3},{"damage":0,"enemies":"3 Shapes","floor":39,"turns":2},{"damage":28,"enemies":"Nemesis","floor":41,"turns":7},{"damage":0,"enemies":"Giant Head","floor":47,"turns":4},{"damage":29,"enemies":"Time Eater","floor":50,"turns":10}],"seed_played":"6583820038002419804","potions_obtained":[{"floor":5.0,"key":"SpeedPotion"},{"floor":10.0,"key":"PowerPotion"},{"floor":22.0,"key":"BlessingOfTheForge"},{"floor":24.0,"key":"Explosive Potion"},{"floor":31.0,"key":"Ambrosia"},{"floor":35,"key":"BottledMiracle"},{"floor":38,"key":"Block Potion"},{"floor":47,"key":"Regen Potion"}],"is_trial":false,"path_per_floor":["M","M","?","?","M","R","E","M","T","M","R","?","M","E","R","B",null,"M","?","?","?","M","R","E","R","T","E","R","T","M","M","R","B",null,"M","?","?","?","M","R","E","R","T","$","T","R","E","$","R","B",null],"character_chosen":"WATCHER","items_purchased":["Torii","Anchor","CutThroughFate","BlessingOfTheForge","Bird Faced Urn","Membership Card"],"campfire_rested":6,"item_purchase_floors":[44,44,44,44,48,48],"current_hp_per_floor":[61,61,61,38,38,58,35,35,35,35,55,60,60,25,46,27,62,55,34,34,34,30,51,31,52,59,59,59,59,59,55,55,50,73,73,73,73,73,73,73,45,80,80,80,80,80,80,80,80,66],"gold":227,"neow_bonus":"THREE_ENEMY_KILL","is_daily":false,"chose_seed":false,"campfire_upgraded":5,"win_rate":0.0,"timestamp":1609803931,"path_taken":["M","M","?","?","?","R","E","M","T","M","R","?","M","E","R","BOSS","M","?","?","?","?","R","E","R","T","E","R","?","M","M","R","BOSS","M","?","?","?","M","R","E","R","T","$","?","R","E","$","R","BOSS"],"items_purchased_type":["Relic","Relic","Card","Potion","Relic","Relic"],"build_version":"2020-12-18","purchased_purges":1,"victory":true,"max_hp_per_floor":[68,68,68,68,68,68,68,68,68,68,68,73,73,73,73,73,73,73,73,73,73,73,73,73,73,80,80,80,80,80,80,80,80,80,80,80,80,80,80,80,80,80,80,80,80,80,80,80,80,80],"card_choices":[{"not_picked":["Prostrate","EmptyBody"],"picked":"Conclude","floor":1.0},{"not_picked":["Study","ThirdEye"],"picked":"FlurryOfBlows","floor":2.0},{"not_picked":["Worship","FollowUp"],"picked":"FlurryOfBlows","floor":5.0},{"not_picked":["Conclude","Worship"],"picked":"Protect","floor":7.0},{"not_picked":["WaveOfTheHand","EmptyFist"],"picked":"BowlingBash","floor":8.0},{"not_picked":["ThirdEye","Tantrum"],"picked":"Halt","floor":10.0},{"not_picked":["FlyingSleeves","WindmillStrike"],"picked":"Consecrate","floor":13.0},{"not_picked":["Weave","ClearTheMind"],"picked":"SandsOfTime","floor":14.0},{"not_picked":["Ragnarok","MasterReality"],"picked":"ConjureBlade","floor":16.0},{"not_picked":["CutThroughFate","Crescendo"],"picked":"Wallop+1","floor":18.0},{"not_picked":["EmptyBody","Brilliance"],"picked":"FlurryOfBlows","floor":22.0},{"not_picked":["MentalFortress+1","ThirdEye","Adaptation"],"picked":"SKIP","floor":24.0},{"not_picked":["BowlingBash","FollowUp"],"picked":"Prostrate+1","floor":27.0},{"not_picked":["JustLucky","WreathOfFlame","Evaluate"],"picked":"SKIP","floor":30.0},{"not_picked":["LikeWater","ThirdEye+1","WheelKick"],"picked":"SKIP","floor":31.0},{"not_picked":["Establishment","ConjureBlade"],"picked":"Devotion","floor":33},{"not_picked":["BowlingBash","JustLucky","Collect"],"picked":"SKIP","floor":35},{"not_picked":["JustLucky","CrushJoints"],"picked":"Worship","floor":38},{"not_picked":["FollowUp","Wallop"],"picked":"BattleHymn","floor":39},{"not_picked":["MentalFortress+1","SashWhip+1","ForeignInfluence"],"picked":"SKIP","floor":41},{"not_picked":["Wireheading","Alpha","CarveReality"],"picked":"SKIP","floor":47}],"player_experience":757141,"relics_obtained":[{"floor":7.0,"key":"Kunai"},{"floor":9.0,"key":"TeardropLocket"},{"floor":14.0,"key":"Matryoshka"},{"floor":19.0,"key":"Enchiridion"},{"floor":20.0,"key":"Red Mask"},{"floor":24.0,"key":"Nunchaku"},{"floor":26.0,"key":"Strawberry"},{"floor":26.0,"key":"Du-Vu Doll"},{"floor":27.0,"key":"Regal Pillow"},{"floor":29.0,"key":"Tiny Chest"},{"floor":29.0,"key":"Omamori"},{"floor":38,"key":"Thread and Needle"},{"floor":41,"key":"White Beast Statue"},{"floor":43,"key":"Blue Candle"},{"floor":45,"key":"Boot"},{"floor":47,"key":"Ice Cream"}],"event_choices":[{"damage_healed":0.0,"max_hp_gain":0.0,"max_hp_loss":0.0,"gold_gain":0.0,"event_name":"Living Wall","player_choice":"Grow","floor":3.0,"gold_loss":0.0,"damage_taken":0.0,"cards_upgraded":["Vigilance"]},{"damage_healed":0.0,"max_hp_gain":0.0,"max_hp_loss":0.0,"gold_gain":0.0,"event_name":"Golden Idol","player_choice":"Take Damage","floor":4.0,"gold_loss":0.0,"damage_taken":23.0,"relics_obtained":["Golden Idol"]},{"damage_healed":0.0,"max_hp_gain":5.0,"max_hp_loss":0.0,"gold_gain":0.0,"event_name":"Big Fish","player_choice":"Donut","floor":12.0,"gold_loss":0.0,"damage_taken":0.0},{"damage_healed":0.0,"max_hp_gain":0.0,"max_hp_loss":0.0,"gold_gain":0.0,"event_name":"Cursed Tome","player_choice":"Obtained Book","floor":19.0,"gold_loss":0.0,"damage_taken":21.0},{"damage_healed":0.0,"max_hp_gain":0.0,"max_hp_loss":0.0,"gold_gain":0.0,"event_name":"Masked Bandits","player_choice":"Fought Bandits","floor":20.0,"gold_loss":0.0,"damage_taken":0.0},{"cards_removed":["SandsOfTime"],"damage_healed":0.0,"max_hp_gain":0.0,"max_hp_loss":0.0,"gold_gain":0.0,"event_name":"Back to Basics","player_choice":"Elegance","floor":21.0,"gold_loss":0.0,"damage_taken":0.0},{"damage_healed":0,"gold_gain":222,"player_choice":"Wore Mask","damage_taken":0,"max_hp_gain":0,"max_hp_loss":0,"event_name":"Tomb of Lord Red Mask","floor":36,"gold_loss":0},{"damage_healed":0,"gold_gain":333,"player_choice":"Gave Idol","damage_taken":0,"max_hp_gain":0,"max_hp_loss":0,"event_name":"The Moai Head","floor":37,"relics_lost":["Golden Idol"],"gold_loss":0},{"damage_healed":0,"gold_gain":0,"player_choice":"Fight","damage_taken":0,"max_hp_gain":0,"max_hp_loss":0,"event_name":"MindBloom","floor":38,"gold_loss":0}],"is_beta":true,"boss_relics":[{"not_picked":["Astrolabe","Ectoplasm"],"picked":"Pandora\u0027s Box"},{"not_picked":["Runic Dome","Coffee Dripper"],"picked":"Cursed Key"}],"items_purged_floors":[48],"is_endless":false,"potions_floor_spawned":[5,10,22,24,31,35,38,47],"ascension_level":16}}