{"host":"oqhjdqr9xcmboomw","time":1609727371,"event":{"mods":["2.2 Compatiblity","AchievementEnabler","Act Like it!","Aspiration","BaseMod","Beaked The Cultist","Better Third Choice","Conjunction","Conspire","Disable Question Mark Monsters","Downfall","Elementarium","Energized Spire","GifTheSpireLib","Halation","Hallownest","Hermit","Hubris","Infinite Spire","Jorbs\u0027s Wanderer Trilogy","Mimic Mod","Minty Spire (QoL Compilation)","Random Character Button","Rare Cards Sparkle","Replay The Spire","Spicy Shops","Spikes Relics","StSLib","Stuff the Spire","The Blackbeard","The Blue Laboratory","The Cursed","The Disciple","The Gatherer","The Hierophant","The Judge","The Mystic","The Saiyan","The Wild Card","Unceasing Turn Reminder","Wandering Minibosses","vexMod"],"gold_per_floor":[99,156,173,173,184,184,220,236,252,263,282,41,59,44,55,55,55,55],"floor_reached":16,"playtime":737,"items_purged":["champ:Strike"],"score":96,"play_id":"d1182ab3-7d02-4a1d-821e-f6e064131671","local_time":"20210103212931","is_ascension_mode":false,"campfire_choices":[{"data":"champ:Taunt","floor":1,"key":"SMITH"},{"data":"champ:GladiatorStyle","floor":6,"key":"SMITH"}],"circlet_count":0,"master_deck":["champ:Strike","champ:Strike","champ:Strike","champ:Defend","champ:Defend","champ:Defend","champ:Defend","champ:Execute","champ:Taunt+1","champ:GladiatorStyle+1","champ:FanOfKnives","champ:Haymaker","champ:CrookedStrike","champ:ShieldWall","champ:BringItOn","champ:LastStand","champ:BringItOn","conspire:Banana","champ:FlashCut","champ:AdrenalArmor"],"relics":["infinitespire:Cupcake","Pen Nib","Bronze Scales"],"acts_visited":["Exordium"],"potions_floor_usage":[7,7,11,16],"damage_taken":[{"damage":59,"enemies":"Lagavulin Event","floor":2,"turns":8},{"damage":5,"enemies":"Small Slimes","floor":3,"turns":3},{"damage":5,"enemies":"2 Louse","floor":5,"turns":3},{"damage":3,"enemies":"Jaw Worm","floor":7,"turns":4},{"damage":6,"enemies":"Jaw Worm","floor":8,"turns":3},{"damage":11,"enemies":"Exordium Wildlife","floor":9,"turns":2},{"damage":0,"enemies":"2 Fungi Beasts","floor":10,"turns":2},{"damage":18,"enemies":"Exordium Thugs","floor":11,"turns":4},{"damage":8,"enemies":"downfall:FleeingMerchant","floor":12,"turns":4},{"damage":1,"enemies":"Exordium Wildlife","floor":13,"turns":3},{"damage":18,"enemies":"downfall:FleeingMerchant","floor":14,"turns":4},{"damage":0,"enemies":"Blue Slaver","floor":15,"turns":2},{"damage":20,"enemies":"downfall:Ironclad","floor":16,"turns":2}],"seed_played":"-5238309451862409901","potions_obtained":[{"floor":3,"key":"Block Potion"},{"floor":5,"key":"Fire Potion"},{"floor":9,"key":"blueLaboratory:TrueEctoplasm"},{"floor":10,"key":"blueLaboratory:Moonshine"},{"floor":13,"key":"blueLaboratory:BottledHope"}],"is_trial":false,"path_per_floor":["R","?","M","?","M","R","MIM","M","M","M","M","$","M","$","M","B"],"character_chosen":"THE_CHAMP","items_purchased":["champ:BringItOn","conspire:Banana"],"campfire_rested":0,"item_purchase_floors":[12,12],"current_hp_per_floor":[90,46,46,46,46,46,46,43,37,37,19,19,19,4,4,0,0,0],"gold":55,"neow_bonus":"BOSS_RELIC","is_daily":false,"chose_seed":false,"campfire_upgraded":2,"win_rate":0.0,"timestamp":1609727371,"path_taken":["R","?","M","?","M","R","MIM","M","M","M","M","?","?","$","M","BOSS"],"items_purchased_type":["Card","Card"],"build_version":"2020-12-22","purchased_purges":1,"victory":false,"max_hp_per_floor":[90,90,90,90,90,90,90,90,90,90,90,90,91,91,91,92,92,92],"card_choices":[{"not_picked":["champ:DefensiveShout","champ:BladeFlurry"],"picked":"champ:GladiatorStyle","floor":2},{"not_picked":["champ:GladiatorStyle","champ:RisingSlash"],"picked":"champ:FanOfKnives","floor":3},{"not_picked":["champ:GladiatorsShout","champ:CrookedStrike"],"picked":"champ:Haymaker","floor":5},{"not_picked":["champ:DefensiveShout","champ:AdrenalArmor"],"picked":"champ:CrookedStrike","floor":8},{"not_picked":["champ:Haymaker","champ:BerserkersShout"],"picked":"champ:ShieldWall","floor":9},{"not_picked":["champ:Haymaker","champ:BringItOn","champ:FocusedGladiator"],"picked":"SKIP","floor":10},{"not_picked":["champ:HeartStrike","champ:FocusedDefense"],"picked":"champ:BringItOn","floor":11},{"not_picked":["champ:CrookedStrike","champ:PerfectedStrike"],"picked":"champ:LastStand","floor":12},{"not_picked":["champ:FanOfKnives","champ:TornadoPunch"],"picked":"champ:FlashCut","floor":13},{"not_picked":["champ:BerserkersShout","champ:Circumvent","champ:RapidStrikes"],"picked":"SKIP","floor":14},{"not_picked":["champ:Shatter","champ:FlashCut"],"picked":"champ:AdrenalArmor","floor":15}],"player_experience":1071881,"relics_obtained":[{"floor":2,"key":"Pen Nib"},{"floor":7,"key":"Bronze Scales"}],"event_choices":[],"is_beta":false,"boss_relics":[],"items_purged_floors":[12],"is_endless":false,"potions_floor_spawned":[3,5,9,10,13],"killed_by":"downfall:Ironclad","ascension_level":0}}