{"host":"qj91dvco5uhu9oti","time":1609757896,"event":{"mods":["BaseMod","Colored Map","Keyboard Shortcuts","Minty Spire (QoL Compilation)","Permanent Neow","Relic Stats","StSLib","SuperFastMode","everything is the same but u backflip on backflip"],"gold_per_floor":[216,216,24,35,35,61,61,14,39,65,18,18,45,55,55,155,155,155,155],"floor_reached":18,"playtime":394,"items_purged":["Strike_G"],"score":176,"play_id":"fe1a91e9-21b8-40d3-8a75-de72a3d4497d","local_time":"20210104195816","is_ascension_mode":false,"campfire_choices":[{"data":"Blade Dance","floor":7.0,"key":"SMITH"},{"data":"Concentrate","floor":15.0,"key":"SMITH"}],"circlet_count":0,"master_deck":["Survivor","Neutralize","Blade Dance+1","Noxious Fumes+1","Cloak And Dagger","Reflex","Prepared","PiercingWail","Cloak And Dagger","Concentrate+1","Doppelganger","Concentrate","Dodge and Roll","Bouncing Flask","Infinite Blades","Dodge and Roll","Well Laid Plans","Adrenaline","Tactician"],"relics":["Ring of the Snake","Vajra","Regal Pillow","Whetstone","HornCleat","Prayer Wheel","Pandora\u0027s Box"],"acts_visited":["Exordium","TheCity"],"potions_floor_usage":[16],"damage_taken":[{"damage":2.0,"enemies":"Small Slimes","floor":1.0,"turns":4.0},{"damage":0.0,"enemies":"Cultist","floor":4.0,"turns":3.0},{"damage":24.0,"enemies":"Gremlin Nob","floor":6.0,"turns":4.0},{"damage":5.0,"enemies":"3 Sentries","floor":10.0,"turns":7.0},{"damage":6.0,"enemies":"Lagavulin","floor":13.0,"turns":4.0},{"damage":0.0,"enemies":"Jaw Worm","floor":14.0,"turns":2.0},{"damage":18,"enemies":"Slime Boss","floor":16,"turns":9},{"damage":0,"enemies":"Chosen","floor":18,"turns":4}],"seed_played":"-1065590377719084967","potions_obtained":[{"floor":4.0,"key":"CunningPotion"},{"floor":6.0,"key":"PowerPotion"},{"floor":10.0,"key":"Strength Potion"}],"is_trial":false,"path_per_floor":["M","?","$","M","$","E","R","$","T","E","$","?","E","M","R","B",null,"M"],"character_chosen":"THE_SILENT","items_purchased":["Blade Dance","Noxious Fumes","Prepared","PiercingWail"],"campfire_rested":0,"item_purchase_floors":[3,3,8,11],"current_hp_per_floor":[68,68,68,68,68,44,44,44,44,39,39,39,33,33,33,15,70,70,70],"gold":155,"neow_bonus":"HUNDRED_GOLD","is_daily":false,"chose_seed":false,"campfire_upgraded":2,"win_rate":0.0,"timestamp":1609757896,"path_taken":["M","?","$","M","$","E","R","?","T","E","$","?","E","M","R","BOSS","M"],"items_purchased_type":["Card","Card","Card","Card"],"build_version":"2020-12-22","purchased_purges":1,"victory":false,"max_hp_per_floor":[70,70,70,70,70,70,70,70,70,70,70,70,70,70,70,70,70,70,70],"relic_stats":{"Regal Pillow":0,"counters":[8,37],"Prayer Wheel":1,"Pandora\u0027s Box":["Doppelganger","Concentrate","Dodge and Roll","Bouncing Flask","Infinite Blades","Dodge and Roll","Well Laid Plans","Adrenaline","Tactician"],"Whetstone":["Strike_G","Strike_G"],"obtain_stats":[{"Regal Pillow":6,"HornCleat":10,"Vajra":2,"Prayer Wheel":13,"Pandora\u0027s Box":17,"Whetstone":9,"Ring of the Snake":0},{"Regal Pillow":3,"HornCleat":4,"Vajra":1,"Prayer Wheel":5,"Pandora\u0027s Box":7,"Whetstone":3,"Ring of the Snake":0},{"Regal Pillow":11,"HornCleat":18,"Vajra":4,"Prayer Wheel":22,"Pandora\u0027s Box":33,"Whetstone":11,"Ring of the Snake":0}],"Ring of the Snake":[16]},"card_choices":[{"not_picked":["Flying Knee","Poisoned Stab"],"picked":"Underhanded Strike","floor":1.0},{"not_picked":["Backstab","Dodge and Roll"],"picked":"Cloak And Dagger","floor":4.0},{"not_picked":["Malaise","Underhanded Strike"],"picked":"Reflex","floor":6.0},{"not_picked":["Slice","Deflect","Quick Slash"],"picked":"SKIP","floor":10.0},{"not_picked":["Dagger Spray","Night Terror"],"picked":"Cloak And Dagger","floor":13.0},{"not_picked":["Reflex","Noxious Fumes"],"picked":"Concentrate","floor":14.0},{"not_picked":["Endless Agony","Underhanded Strike","Dagger Throw"],"picked":"SKIP","floor":14.0}],"player_experience":341412,"relics_obtained":[{"floor":6.0,"key":"Regal Pillow"},{"floor":9.0,"key":"Whetstone"},{"floor":10.0,"key":"HornCleat"},{"floor":13.0,"key":"Prayer Wheel"}],"event_choices":[{"cards_removed":["Underhanded Strike"],"damage_healed":0.0,"max_hp_gain":0.0,"max_hp_loss":0.0,"gold_gain":0.0,"event_name":"WeMeetAgain","player_choice":"Gave Card","floor":2.0,"gold_loss":0.0,"damage_taken":0.0,"relics_obtained":["Vajra"]},{"damage_healed":0.0,"max_hp_gain":0.0,"max_hp_loss":0.0,"gold_gain":0.0,"event_name":"Upgrade Shrine","player_choice":"Upgraded","floor":12.0,"gold_loss":0.0,"damage_taken":0.0,"cards_upgraded":["Noxious Fumes"]}],"is_beta":false,"boss_relics":[{"not_picked":["Snecko Eye","Calling Bell"],"picked":"Pandora\u0027s Box"}],"items_purged_floors":[3],"is_endless":false,"potions_floor_spawned":[4,6,10],"killed_by":"Chosen","ascension_level":0}}