{"host":"6gnv7me3tk2udb7q","time":1609774406,"event":{"mods":["BaseMod","Bestiary","Colored Map","Minty Spire (QoL Compilation)"],"gold_per_floor":[115,65,240,13,24,24,24,49,49,49,68,68,78,108,108,181,181,197,207,207,59,78,78,78],"floor_reached":23,"playtime":998,"items_purged":["Doubt"],"score":328,"play_id":"70a77f32-403b-4a9b-aad5-1851edf73147","local_time":"20210104103326","is_ascension_mode":true,"campfire_choices":[{"data":"Iron Wave","floor":6,"key":"SMITH"},{"data":"Disarm","floor":12,"key":"SMITH"},{"floor":15,"key":"REST"}],"circlet_count":0,"master_deck":["AscendersBane","Strike_R","Strike_R","Strike_R","Strike_R","Strike_R","Defend_R","Defend_R","Defend_R","Bash+1","Heavy Blade+1","Iron Wave+1","Rupture","PanicButton","Disarm+1","Inflame","Spot Weakness","Limit Break","Battle Trance","Ghostly Armor","Shame","Limit Break"],"relics":["Burning Blood","Singing Bowl","Pantograph","Sundial","Black Star","StoneCalendar","DollysMirror"],"acts_visited":["Exordium","TheCity"],"potions_floor_usage":[14,16,22,22,23],"damage_taken":[{"damage":1,"enemies":"Cultist","floor":1,"turns":4},{"damage":7,"enemies":"Small Slimes","floor":5,"turns":3},{"damage":40,"enemies":"Lagavulin","floor":8,"turns":7},{"damage":3,"enemies":"2 Louse","floor":11,"turns":2},{"damage":13,"enemies":"Blue Slaver","floor":13,"turns":5},{"damage":20,"enemies":"Gremlin Nob","floor":14,"turns":5},{"damage":16,"enemies":"Slime Boss","floor":16,"turns":9},{"damage":35,"enemies":"Chosen","floor":18,"turns":6},{"damage":28,"enemies":"Spheric Guardian","floor":19,"turns":4},{"damage":6,"enemies":"Snake Plant","floor":22,"turns":5},{"damage":41,"enemies":"Slavers","floor":23,"turns":3}],"seed_played":"-960676752609203564","potions_obtained":[{"floor":1,"key":"GamblersBrew"},{"floor":8,"key":"Regen Potion"},{"floor":10,"key":"SteroidPotion"},{"floor":16,"key":"Fruit Juice"},{"floor":18,"key":"SkillPotion"},{"floor":22,"key":"BlessingOfTheForge"}],"is_trial":false,"path_per_floor":["M","?","?","$","M","R","?","E","T","?","M","R","M","E","R","B",null,"M","M","?","$","M","E"],"character_chosen":"IRONCLAD","items_purchased":["Rupture","PanicButton","DollysMirror"],"campfire_rested":1,"item_purchase_floors":[4,4,21],"current_hp_per_floor":[77,77,77,77,76,76,60,26,26,26,31,31,24,26,51,66,80,51,29,29,29,36,0,0],"gold":78,"neow_bonus":"THREE_CARDS","is_daily":false,"chose_seed":false,"campfire_upgraded":2,"win_rate":0.0,"timestamp":1609774406,"path_taken":["M","?","?","$","M","R","?","E","T","?","M","R","M","E","R","BOSS","M","?","?","$","M","E"],"items_purchased_type":["Card","Card","Relic"],"build_version":"2020-12-22","purchased_purges":1,"victory":false,"max_hp_per_floor":[80,80,80,80,80,80,80,80,80,80,82,82,82,84,84,84,84,84,84,84,84,91,91,91],"card_choices":[{"not_picked":["Burning Pact","Anger"],"picked":"Heavy Blade","floor":0},{"not_picked":["Bloodletting","Armaments"],"picked":"Iron Wave","floor":1},{"not_picked":["Anger","Pommel Strike"],"picked":"Disarm","floor":5},{"not_picked":["Twin Strike","Armaments"],"picked":"Inflame","floor":8},{"not_picked":["Clash","Body Slam","Wild Strike"],"picked":"Singing Bowl","floor":11},{"not_picked":["Pommel Strike","Power Through"],"picked":"Spot Weakness","floor":13},{"not_picked":["Blood for Blood","Exhume","Second Wind"],"picked":"Singing Bowl","floor":14},{"not_picked":["Offering","Double Tap"],"picked":"Limit Break","floor":16},{"not_picked":["Carnage","Body Slam"],"picked":"Battle Trance","floor":18},{"not_picked":["Fire Breathing","Warcry+1"],"picked":"Ghostly Armor","floor":19},{"not_picked":["Cleave","True Grit","Rupture"],"picked":"Singing Bowl","floor":22}],"player_experience":574680,"relics_obtained":[{"floor":8,"key":"Singing Bowl"},{"floor":9,"key":"Pantograph"},{"floor":14,"key":"Sundial"}],"event_choices":[{"cards_removed":["Defend_R"],"damage_healed":0,"gold_gain":0,"player_choice":"Card Removal","damage_taken":0,"max_hp_gain":0,"max_hp_loss":0,"event_name":"The Cleric","floor":2,"gold_loss":50},{"damage_healed":0,"gold_gain":175,"player_choice":"AGREE","damage_taken":0,"max_hp_gain":0,"max_hp_loss":0,"event_name":"Liars Game","floor":3,"gold_loss":0,"cards_obtained":["Doubt"]},{"damage_healed":0,"gold_gain":0,"player_choice":"Entered Light","damage_taken":16,"max_hp_gain":0,"max_hp_loss":0,"event_name":"Shining Light","floor":7,"gold_loss":0,"cards_upgraded":["Bash","Heavy Blade"]},{"damage_healed":0,"gold_gain":0,"player_choice":"Got Potions","damage_taken":0,"max_hp_gain":0,"max_hp_loss":0,"event_name":"Lab","floor":10,"gold_loss":0},{"damage_healed":0,"gold_gain":0,"player_choice":"Stole Relic","damage_taken":0,"relics_obtained":["StoneCalendar"],"max_hp_gain":0,"max_hp_loss":0,"event_name":"Addict","floor":20,"gold_loss":0,"cards_obtained":["Shame"]}],"is_beta":false,"boss_relics":[{"not_picked":["Mark of Pain","Velvet Choker"],"picked":"Black Star"}],"items_purged_floors":[4],"is_endless":false,"potions_floor_spawned":[1,8,16,18,22],"killed_by":"Slavers","ascension_level":13}}