{"host":"qm4rv4rkpk76sbxu","time":1609770835,"event":{"mods":["BaseMod","Bestiary","Block Reminder","Filter the Spire","Keyboard Shortcuts","Minty Spire (QoL Compilation)","MonsterHotkey","Potion Indicator Mod","Quick Restart","Relic Stats","Slay-I","StSLib","ojb\u0027s Better Paths Mod"],"gold_per_floor":[126,135,135,144,169,169,183,183,210,210,246,8,51,0,0,88,115,138,150,150,166,192,229,229,15,15,55,55,97,117,139,139,223,223,250,274,301,326,346,389,400,437,437,437,29,68,68,130,130,130,130,130],"floor_reached":51,"playtime":2470,"items_purged":["Pain"],"score":1581,"play_id":"7fca8019-d78c-4ba4-9955-beaa3932e278","local_time":"20210104153355","is_ascension_mode":true,"campfire_choices":[{"data":"Dagger Spray","floor":6.0,"key":"SMITH"},{"data":"Neutralize","floor":8.0,"key":"SMITH"},{"data":"Backstab","floor":10.0,"key":"SMITH"},{"data":"Terror","floor":15.0,"key":"SMITH"},{"data":"Blade Dance","floor":24.0,"key":"SMITH"},{"data":"Poisoned Stab","floor":28.0,"key":"SMITH"},{"data":"Blur","floor":32.0,"key":"SMITH"},{"data":"Doppelganger","floor":44.0,"key":"SMITH"},{"floor":47.0,"key":"REST"},{"floor":49.0,"key":"RECALL"}],"circlet_count":0,"master_deck":["AscendersBane","Strike_G","Strike_G","Defend_G","Defend_G","Defend_G","Defend_G","Survivor","Neutralize+1","Dagger Spray+1","Backstab+1","Terror+1","Poisoned Stab+1","Corpse Explosion","Deflect+1","Terror+1","A Thousand Cuts+1","Blade Dance+1","Die Die Die","Poisoned Stab+1","Backflip","Footwork+1","Dash+1","Footwork+1","Blur+1","After Image+1","Dodge and Roll+1","Crippling Poison+1","Panacea","Sadistic Nature+1","Trip","Slice+1","Flying Knee+1","Escape Plan","Doppelganger+1","Leg Sweep","Burst","Finisher+1"],"relics":["Ring of the Snake","CeramicFish","Vajra","WarpedTongs","Nunchaku","Centennial Puzzle","Oddly Smooth Stone","Mango","Strawberry","Astrolabe","Question Card","Lee\u0027s Waffle","Bag of Marbles","Happy Flower","Frozen Egg 2","Cursed Key","Omamori","Potion Belt","Shuriken","Letter Opener","Ginger"],"acts_visited":["Exordium","TheCity","TheBeyond"],"potions_floor_usage":[],"damage_taken":[{"damage":3.0,"enemies":"2 Louse","floor":1.0,"turns":6.0},{"damage":2.0,"enemies":"Jaw Worm","floor":5.0,"turns":4.0},{"damage":4.0,"enemies":"Cultist","floor":7.0,"turns":2.0},{"damage":16.0,"enemies":"Lagavulin","floor":11.0,"turns":7.0},{"damage":8.0,"enemies":"Gremlin Nob","floor":13.0,"turns":3.0},{"damage":31.0,"enemies":"Slime Boss","floor":16.0,"turns":8.0},{"damage":14.0,"enemies":"2 Thieves","floor":18.0,"turns":2.0},{"damage":3.0,"enemies":"Chosen","floor":19.0,"turns":3.0},{"damage":6.0,"enemies":"Shelled Parasite and Fungi","floor":21.0,"turns":2.0},{"damage":3.0,"enemies":"Chosen and Byrds","floor":22.0,"turns":5.0},{"damage":21.0,"enemies":"Book of Stabbing","floor":23.0,"turns":4.0},{"damage":4.0,"enemies":"Slavers","floor":27.0,"turns":2.0},{"damage":14.0,"enemies":"Book of Stabbing","floor":29.0,"turns":4.0},{"damage":0.0,"enemies":"Cultist and Chosen","floor":30.0,"turns":3.0},{"damage":0.0,"enemies":"Snake Plant","floor":31.0,"turns":3.0},{"damage":67.0,"enemies":"Collector","floor":33.0,"turns":7.0},{"damage":4.0,"enemies":"3 Shapes","floor":35.0,"turns":3.0},{"damage":0.0,"enemies":"3 Darklings","floor":36.0,"turns":4.0},{"damage":0.0,"enemies":"Maw","floor":38.0,"turns":8.0},{"damage":5.0,"enemies":"4 Shapes","floor":39.0,"turns":3.0},{"damage":14.0,"enemies":"Reptomancer","floor":40.0,"turns":6.0},{"damage":0.0,"enemies":"Sphere and 2 Shapes","floor":41.0,"turns":4.0},{"damage":23.0,"enemies":"Nemesis","floor":42.0,"turns":7.0},{"damage":13.0,"enemies":"Giant Head","floor":46.0,"turns":7.0},{"damage":8.0,"enemies":"2 Orb Walkers","floor":48.0,"turns":6.0},{"damage":23.0,"enemies":"Awakened One","floor":50.0,"turns":13.0},{"damage":4,"enemies":"Donu and Deca","floor":51,"turns":1}],"seed_played":"1418767511834337242","potions_obtained":[{"floor":1.0,"key":"ColorlessPotion"},{"floor":5.0,"key":"PowerPotion"},{"floor":7.0,"key":"Regen Potion"},{"floor":18.0,"key":"SteroidPotion"},{"floor":21.0,"key":"DuplicationPotion"},{"floor":22.0,"key":"AttackPotion"},{"floor":29.0,"key":"SteroidPotion"},{"floor":31.0,"key":"SteroidPotion"},{"floor":36.0,"key":"SpeedPotion"},{"floor":41.0,"key":"SmokeBomb"},{"floor":42.0,"key":"Explosive Potion"},{"floor":48.0,"key":"LiquidMemories"}],"is_trial":false,"path_per_floor":["M","?","?","?","M","R","M","R","T","R","E","$","E","?","R","B",null,"M","M","?","M","M","E","R","$","T","E","R","E","M","M","R","B",null,"M","M","?","M","M","E","M","E","T","R","$","E","R","?","R","B","B"],"character_chosen":"THE_SILENT","items_purchased":["Oddly Smooth Stone","Lee\u0027s Waffle","Backflip","Shuriken","PowerPotion","Leg Sweep"],"campfire_rested":1,"item_purchase_floors":[12,25,25,45,45,45],"current_hp_per_floor":[56,56,56,56,54,54,50,50,50,50,34,34,40,47,47,16,69,55,52,52,46,57,36,36,94,94,90,90,76,76,76,76,9,73,69,69,59,59,54,40,40,17,17,17,17,4,32,24,24,1,0,0],"gold":130,"neow_bonus":"RANDOM_COMMON_RELIC","is_daily":false,"chose_seed":false,"campfire_upgraded":8,"win_rate":0.0,"timestamp":1609770835,"path_taken":["M","?","?","?","M","R","?","R","T","R","E","?","E","?","R","BOSS","M","?","?","?","M","E","R","$","T","E","R","E","M","M","R","BOSS","M","M","?","M","M","E","M","E","T","R","$","E","R","?","R","BOSS","BOSS"],"items_purchased_type":["Relic","Relic","Card","Relic","Potion","Card"],"build_version":"2020-12-22","purchased_purges":1,"victory":false,"max_hp_per_floor":[66,66,66,66,66,66,66,66,66,66,66,66,80,87,87,87,87,87,87,87,87,87,87,87,94,94,94,94,94,94,94,94,94,94,94,94,94,94,94,94,94,94,94,94,94,94,94,94,94,94,94,94],"relic_stats":{"Lee\u0027s Waffle":58,"Happy Flower":[26],"counters":[27,127],"CeramicFish":279,"Astrolabe":["Deflect","Terror","A Thousand Cuts"],"Letter Opener":[90],"Ginger":[0],"Question Card":17,"Cursed Key":1,"WarpedTongs":[117],"Nunchaku":[27],"Centennial Puzzle":[51],"Shuriken":[14],"obtain_stats":[{"Potion Belt":42,"Lee\u0027s Waffle":25,"Happy Flower":27,"CeramicFish":0,"Astrolabe":17,"Vajra":2,"Oddly Smooth Stone":12,"Mango":13,"Omamori":40,"Letter Opener":46,"Ginger":48,"Frozen Egg 2":29,"Question Card":23,"Cursed Key":34,"WarpedTongs":4,"Nunchaku":9,"Centennial Puzzle":11,"Shuriken":45,"Strawberry":14,"Bag of Marbles":26,"Ring of the Snake":0},{"Potion Belt":23,"Lee\u0027s Waffle":11,"Happy Flower":12,"CeramicFish":0,"Astrolabe":6,"Vajra":1,"Oddly Smooth Stone":4,"Mango":5,"Omamori":21,"Letter Opener":24,"Ginger":25,"Frozen Egg 2":13,"Question Card":11,"Cursed Key":16,"WarpedTongs":1,"Nunchaku":3,"Centennial Puzzle":4,"Shuriken":23,"Strawberry":5,"Bag of Marbles":11,"Ring of the Snake":0},{"Potion Belt":100,"Lee\u0027s Waffle":46,"Happy Flower":48,"CeramicFish":0,"Astrolabe":30,"Vajra":6,"Oddly Smooth Stone":19,"Mango":22,"Omamori":89,"Letter Opener":107,"Ginger":113,"Frozen Egg 2":52,"Question Card":46,"Cursed Key":65,"WarpedTongs":6,"Nunchaku":12,"Centennial Puzzle":19,"Shuriken":100,"Strawberry":22,"Bag of Marbles":46,"Ring of the Snake":0}],"Ring of the Snake":[54]},"card_choices":[{"not_picked":["Caltrops","Finisher"],"picked":"Dagger Spray","floor":1.0},{"not_picked":["Dagger Spray","Deflect"],"picked":"Backstab","floor":5.0},{"not_picked":["Distraction","Accuracy","PiercingWail"],"picked":"SKIP","floor":7.0},{"not_picked":["Blade Dance","Outmaneuver"],"picked":"Terror","floor":11.0},{"not_picked":["Eviscerate","PiercingWail"],"picked":"Poisoned Stab","floor":13.0},{"not_picked":["Doppelganger","Tools of the Trade"],"picked":"Corpse Explosion","floor":16.0},{"not_picked":["Concentrate+1","Accuracy"],"picked":"Blade Dance","floor":18.0},{"not_picked":["Terror","Poisoned Stab","Quick Slash"],"picked":"SKIP","floor":19.0},{"not_picked":["Terror","Riddle With Holes+1","Crippling Poison"],"picked":"SKIP","floor":21.0},{"not_picked":["Terror","Riddle With Holes+1","Crippling Poison"],"picked":"SKIP","floor":21.0},{"not_picked":["Skewer","Quick Slash"],"picked":"Die Die Die","floor":22.0},{"not_picked":["Eviscerate","Setup+1"],"picked":"Poisoned Stab+1","floor":23.0},{"not_picked":["Acrobatics+1","Terror","Dagger Spray"],"picked":"Footwork+1","floor":27.0},{"not_picked":["Dagger Throw","Tactician","Heel Hook"],"picked":"Dash+1","floor":29.0},{"not_picked":["Heel Hook","Acrobatics","PiercingWail"],"picked":"Footwork+1","floor":30.0},{"not_picked":["Doppelganger","Cloak And Dagger+1","Setup"],"picked":"Blur","floor":31.0},{"not_picked":["Burst","Corpse Explosion","Glass Knife"],"picked":"After Image+1","floor":33.0},{"not_picked":["Infinite Blades+1","Skewer+1","Quick Slash"],"picked":"Dodge and Roll+1","floor":35.0},{"not_picked":["All Out Attack","Terror","Blade Dance"],"picked":"Crippling Poison+1","floor":36.0},{"not_picked":["Magnetism+1","Mind Blast","Master of Strategy"],"picked":"Panacea","floor":37.0},{"not_picked":["Chrysalis","Secret Technique","Madness"],"picked":"Sadistic Nature+1","floor":37.0},{"not_picked":["Good Instincts","Chrysalis","HandOfGreed"],"picked":"Trip","floor":37.0},{"not_picked":["Well Laid Plans+1","Deflect","Finisher"],"picked":"Slice+1","floor":38.0},{"not_picked":["Deadly Poison","Blade Dance+1","Noxious Fumes+1"],"picked":"Flying Knee+1","floor":39.0},{"not_picked":["Deflect","Slice","PiercingWail"],"picked":"Escape Plan","floor":40.0},{"not_picked":["Deflect","Underhanded Strike+1","Setup","Deadly Poison"],"picked":"SKIP","floor":41.0},{"not_picked":["PiercingWail","Finisher","Setup"],"picked":"Doppelganger","floor":42.0},{"not_picked":["Heel Hook","Dagger Spray","Terror"],"picked":"Burst","floor":46.0},{"not_picked":["Choke+1","Dash","Outmaneuver+1"],"picked":"Finisher+1","floor":48.0}],"player_experience":1208266,"relics_obtained":[{"floor":9.0,"key":"Nunchaku"},{"floor":11.0,"key":"Centennial Puzzle"},{"floor":13.0,"key":"Mango"},{"floor":23.0,"key":"Question Card"},{"floor":26.0,"key":"Bag of Marbles"},{"floor":27.0,"key":"Happy Flower"},{"floor":29.0,"key":"Frozen Egg 2"},{"floor":40.0,"key":"Omamori"},{"floor":42.0,"key":"Potion Belt"},{"floor":46.0,"key":"Letter Opener"},{"floor":48.0,"key":"Ginger"}],"event_choices":[{"damage_healed":0.0,"max_hp_gain":0.0,"max_hp_loss":0.0,"gold_gain":0.0,"event_name":"Big Fish","player_choice":"Box","floor":2.0,"gold_loss":0.0,"damage_taken":0.0,"relics_obtained":["Vajra"],"cards_obtained":["Regret"]},{"cards_removed":["Regret"],"damage_healed":0.0,"max_hp_gain":0.0,"max_hp_loss":0.0,"gold_gain":0.0,"event_name":"Living Wall","player_choice":"Forget","floor":3.0,"gold_loss":0.0,"damage_taken":0.0},{"damage_healed":0.0,"max_hp_gain":0.0,"max_hp_loss":0.0,"gold_gain":0.0,"event_name":"Accursed Blacksmith","player_choice":"Rummage","floor":4.0,"gold_loss":0.0,"damage_taken":0.0,"relics_obtained":["WarpedTongs"],"cards_obtained":["Pain"]},{"damage_healed":0.0,"max_hp_gain":0.0,"max_hp_loss":0.0,"gold_gain":0.0,"event_name":"WeMeetAgain","player_choice":"Paid Gold","floor":14.0,"gold_loss":51.0,"damage_taken":0.0,"relics_obtained":["Strawberry"]},{"cards_removed":["Strike_G"],"damage_healed":0.0,"max_hp_gain":0.0,"max_hp_loss":0.0,"gold_gain":0.0,"event_name":"Wheel of Change","player_choice":"Card Removal","floor":20.0,"gold_loss":0.0,"damage_taken":0.0},{"damage_healed":0.0,"max_hp_gain":0.0,"max_hp_loss":0.0,"gold_gain":0.0,"event_name":"SensoryStone","player_choice":"Memory 3","floor":37.0,"gold_loss":0.0,"damage_taken":10.0},{"damage_healed":0.0,"max_hp_gain":0.0,"max_hp_loss":0.0,"gold_gain":0.0,"event_name":"Mysterious Sphere","player_choice":"Fight","floor":48.0,"gold_loss":0.0,"damage_taken":0.0}],"is_beta":false,"boss_relics":[{"not_picked":["Velvet Choker","Empty Cage"],"picked":"Astrolabe"},{"not_picked":["Coffee Dripper","Calling Bell"],"picked":"Cursed Key"}],"items_purged_floors":[12],"is_endless":false,"potions_floor_spawned":[1,5,7,18,21,22,29,31,36,41,42,48],"killed_by":"Donu and Deca","ascension_level":20}}