{"host":"59wnhi65kiwmnpg4","time":1609761392,"event":{"mods":["2.2 Compatiblity","AchievementEnabler","Act Like it!","BaseMod","BetterRewards","Challenge The Spire","Colored Map","Disable Question Mark Monsters","Hallownest","Minty Spire (QoL Compilation)","Relic Stats","StSLib"],"gold_per_floor":[109,191,466,479,173,206,239,251,277,277,298,331,366,379,379,455,455,467,46,46,46,63,88,113,141,167,195,230,272,313,353,353,435,435,463,472,195,229,252,288,328,355,406,68,95,95,95,137,137,137,137],"floor_reached":52,"playtime":3402,"items_purged":["Defend_R","Regret","Strike_R"],"score":3533,"play_id":"774042a7-659d-49d3-8b42-88312e77076c","local_time":"20210104115632","daily_mods":["Heirloom","Flight","DeadlyEvents","Elite Swarm"],"is_ascension_mode":true,"campfire_choices":[{"data":"Corruption","floor":10,"key":"SMITH"},{"data":"Inflame","floor":15,"key":"SMITH"},{"data":"Strike_R","floor":32,"key":"PURGE"},{"data":"Strike_R","floor":46,"key":"PURGE"},{"data":"Strike_R","floor":47,"key":"PURGE"},{"data":"Strike_R","floor":49,"key":"PURGE"}],"circlet_count":0,"master_deck":["AscendersBane","Defend_R","Defend_R","Defend_R","Bash","Warcry","Fire Breathing","Inflame+1","Limit Break","Immolate","Corruption+1","Inflame","Headbutt+1","Limit Break","Juggernaut","Inflame","Reaper","Burning Pact","Offering+1","Barricade","Brutality","Impervious","Offering","Feed","Fiend Fire","Feed","Reaper","Warcry","Bash+1","Shockwave","Offering+1","Offering","Offering","Limit Break","Exhume"],"relics":["Burning Blood","Dead Branch","Mummified Hand","Art of War","Anchor","Orichalcum","Odd Mushroom","Pear","Gremlin Horn","Fusion Hammer","Centennial Puzzle","OrangePellets","Nilry\u0027s Codex","PreservedInsect","Nunchaku","Peace Pipe","Happy Flower","Du-Vu Doll","CeramicFish","Potion Belt","Mercury Hourglass","MealTicket","Black Star","Thread and Needle","Blue Candle","Red Skull","Bag of Marbles","Whetstone","Lizard Tail","TungstenRod","Vajra","War Paint","Strawberry","Bag of Preparation","Sling","Bronze Scales","Bottled Tornado","Ancient Tea Set","Lantern"],"acts_visited":["Exordium","TheCity","TheBeyond"],"potions_floor_usage":[6,12,16,18,50,50,50,51],"damage_taken":[{"damage":2.0,"enemies":"Cultist","floor":1.0,"turns":4.0},{"damage":4.0,"enemies":"Jaw Worm","floor":4.0,"turns":4.0},{"damage":43,"enemies":"Gremlin Nob","floor":6,"turns":4},{"damage":32,"enemies":"Lagavulin","floor":7,"turns":6},{"damage":0,"enemies":"Small Slimes","floor":8,"turns":2},{"damage":0,"enemies":"The Mushroom Lair","floor":11,"turns":2},{"damage":3,"enemies":"3 Sentries","floor":12,"turns":3},{"damage":7,"enemies":"Gremlin Nob","floor":13,"turns":3},{"damage":0,"enemies":"Red Slaver","floor":14,"turns":2},{"damage":25,"enemies":"Hexaghost","floor":16,"turns":5},{"damage":7,"enemies":"Spheric Guardian","floor":18,"turns":3},{"damage":3,"enemies":"3 Byrds","floor":22,"turns":2},{"damage":32,"enemies":"Book of Stabbing","floor":23,"turns":4},{"damage":6,"enemies":"Slavers","floor":24,"turns":1},{"damage":30,"enemies":"Book of Stabbing","floor":25,"turns":3},{"damage":17,"enemies":"Slavers","floor":27,"turns":2},{"damage":16,"enemies":"Book of Stabbing","floor":28,"turns":3},{"damage":6,"enemies":"Slavers","floor":29,"turns":2},{"damage":7,"enemies":"Book of Stabbing","floor":30,"turns":2},{"damage":6,"enemies":"Slavers","floor":31,"turns":1},{"damage":20,"enemies":"Champ","floor":33,"turns":2},{"damage":6,"enemies":"Orb Walker","floor":35,"turns":1},{"damage":12,"enemies":"Giant Head","floor":38,"turns":1},{"damage":12,"enemies":"Reptomancer","floor":40,"turns":1},{"damage":12,"enemies":"Nemesis","floor":41,"turns":1},{"damage":10,"enemies":"Giant Head","floor":42,"turns":1},{"damage":0,"enemies":"Reptomancer","floor":45,"turns":1},{"damage":0,"enemies":"Nemesis","floor":48,"turns":1},{"damage":12,"enemies":"Awakened One","floor":50,"turns":2},{"damage":17,"enemies":"Donu and Deca","floor":51,"turns":1}],"seed_played":"754767354996393926","potions_obtained":[{"floor":6,"key":"FearPotion"},{"floor":7,"key":"Explosive Potion"},{"floor":11,"key":"Fire Potion"},{"floor":12,"key":"BloodPotion"},{"floor":22,"key":"FairyPotion"},{"floor":27,"key":"SteroidPotion"},{"floor":30,"key":"EntropicBrew"},{"floor":33,"key":"SteroidPotion"},{"floor":38,"key":"CultistPotion"}],"is_trial":true,"path_per_floor":["M","T","?","M","$","E","E","M","T","R","?","E","E","M","R","B",null,"M","$","?","$","M","E","E","E","T","E","E","E","E","E","R","B",null,"M","?","$","E","T","E","E","E","T","$","E","R","R","E","R","B","B",null],"character_chosen":"IRONCLAD","items_purchased":["Inflame","Limit Break","Strength Potion","Centennial Puzzle","OrangePellets","Shockwave","Offering","Bag of Preparation","Sling"],"campfire_rested":0,"item_purchase_floors":[5,5,5,19,19,37,37,44,44],"current_hp_per_floor":[72,72,72,74,74,37,11,17,17,17,23,36,35,41,41,39,74,73,73,52,52,73,83,83,59,59,55,55,55,54,57,57,73,84,84,84,88,82,82,88,91,87,94,98,98,98,98,98,98,92,84],"gold":137,"neow_bonus":"","is_daily":false,"chose_seed":false,"campfire_upgraded":2,"win_rate":0.0,"timestamp":1609761392,"path_taken":["M","?","?","?","$","E","E","M","T","R","?","?","E","M","R","BOSS","M","$","?","?","?","E","E","E","T","E","E","E","E","E","R","BOSS","M","?","$","?","?","E","E","E","T","$","E","R","R","E","R","BOSS","BOSS"],"items_purchased_type":["Card","Card","Potion","Relic","Relic","Card","Card","Relic","Relic"],"build_version":"2020-12-22","purchased_purges":3,"victory":true,"max_hp_per_floor":[75,75,75,75,75,75,75,75,75,75,75,85,85,85,85,85,85,85,85,85,85,85,85,85,85,85,85,85,85,85,88,88,88,88,88,88,88,88,88,88,91,91,98,98,98,98,98,98,98,98,101],"relic_stats":{"Gremlin Horn":[17,18],"CeramicFish":117,"Bag of Preparation":[8],"Whetstone":["Headbutt","Bash"],"Burning Blood":162,"Centennial Puzzle":[51],"Nunchaku":[8],"Lizard Tail":0,"Mummified Hand":[155],"MealTicket":8,"Happy Flower":[7],"counters":[30,70],"Dead Branch":[287],"Blue Candle":[0],"PreservedInsect":770,"Orichalcum":[42],"War Paint":["Offering","Offering"],"Mercury Hourglass":[63],"Peace Pipe":4,"OrangePellets":[8],"Bronze Scales":[0],"Art of War":[2],"Black Star":6,"obtain_stats":[{"Lantern":48,"Gremlin Horn":13,"Nilry\u0027s Codex":20,"CeramicFish":28,"Vajra":42,"Bag of Preparation":44,"Whetstone":40,"Bottled Tornado":45,"Sling":44,"Ancient Tea Set":48,"Burning Blood":0,"Centennial Puzzle":19,"Nunchaku":24,"Lizard Tail":41,"Mummified Hand":2,"Strawberry":43,"MealTicket":31,"Fusion Hammer":17,"Red Skull":39,"Potion Belt":29,"Pear":12,"Happy Flower":26,"Dead Branch":0,"Blue Candle":38,"Thread and Needle":38,"PreservedInsect":23,"Orichalcum":9,"Odd Mushroom":11,"War Paint":42,"Mercury Hourglass":30,"Peace Pipe":25,"Du-Vu Doll":27,"OrangePellets":19,"Anchor":7,"Bronze Scales":45,"Art of War":6,"Black Star":34,"Bag of Marbles":40,"TungstenRod":41},{"Lantern":28,"Gremlin Horn":8,"Nilry\u0027s Codex":11,"CeramicFish":17,"Vajra":26,"Bag of Preparation":26,"Whetstone":24,"Bottled Tornado":27,"Sling":26,"Ancient Tea Set":28,"Burning Blood":0,"Centennial Puzzle":11,"Nunchaku":14,"Lizard Tail":25,"Mummified Hand":1,"Strawberry":26,"MealTicket":20,"Fusion Hammer":10,"Red Skull":23,"Potion Belt":18,"Pear":7,"Happy Flower":15,"Dead Branch":0,"Blue Candle":23,"Thread and Needle":23,"PreservedInsect":13,"Orichalcum":5,"Odd Mushroom":6,"War Paint":26,"Mercury Hourglass":19,"Peace Pipe":15,"Du-Vu Doll":16,"OrangePellets":11,"Anchor":4,"Bronze Scales":27,"Art of War":3,"Black Star":21,"Bag of Marbles":24,"TungstenRod":25},{"Lantern":67,"Gremlin Horn":28,"Nilry\u0027s Codex":38,"CeramicFish":53,"Vajra":65,"Bag of Preparation":65,"Whetstone":63,"Bottled Tornado":66,"Sling":65,"Ancient Tea Set":67,"Burning Blood":0,"Centennial Puzzle":38,"Nunchaku":45,"Lizard Tail":64,"Mummified Hand":4,"Strawberry":65,"MealTicket":58,"Fusion Hammer":35,"Red Skull":62,"Potion Belt":55,"Pear":25,"Happy Flower":48,"Dead Branch":0,"Blue Candle":62,"Thread and Needle":62,"PreservedInsect":44,"Orichalcum":20,"Odd Mushroom":22,"War Paint":65,"Mercury Hourglass":57,"Peace Pipe":48,"Du-Vu Doll":50,"OrangePellets":38,"Anchor":18,"Bronze Scales":66,"Art of War":12,"Black Star":60,"Bag of Marbles":63,"TungstenRod":64}],"TungstenRod":9},"card_choices":[{"not_picked":["Heavy Blade","Dual Wield"],"picked":"Warcry","floor":1.0},{"not_picked":["Pommel Strike","Searing Blow"],"picked":"Fire Breathing","floor":4.0},{"not_picked":["Impervious","Juggernaut"],"picked":"Immolate","floor":6},{"not_picked":["Impervious","Limit Break"],"picked":"Corruption","floor":7},{"not_picked":["Armaments","Bloodletting"],"picked":"Inflame","floor":8},{"not_picked":["Havoc","Heavy Blade"],"picked":"Headbutt","floor":11},{"not_picked":["Corruption","Fiend Fire"],"picked":"Limit Break","floor":12},{"not_picked":["Corruption","Limit Break"],"picked":"Juggernaut","floor":13},{"not_picked":["Intimidate","Clothesline"],"picked":"Inflame","floor":14},{"not_picked":["Brutality","Double Tap"],"picked":"Reaper","floor":16},{"not_picked":["Clash","Twin Strike","Combust"],"picked":"SKIP","floor":18},{"not_picked":["Thunderclap","Body Slam"],"picked":"Burning Pact","floor":22},{"not_picked":["Feed","Brutality"],"picked":"Offering","floor":23},{"not_picked":["Bludgeon","Reaper"],"picked":"Barricade","floor":24},{"not_picked":["Double Tap","Juggernaut"],"picked":"Brutality","floor":25},{"not_picked":["Berserk","Limit Break"],"picked":"Impervious","floor":27},{"not_picked":["Berserk","Barricade"],"picked":"Offering","floor":28},{"not_picked":["Double Tap","Impervious"],"picked":"Feed","floor":29},{"not_picked":["Corruption","Double Tap"],"picked":"Fiend Fire","floor":30},{"not_picked":["Fiend Fire","Double Tap"],"picked":"Feed","floor":31},{"not_picked":["Corruption","Limit Break"],"picked":"Reaper","floor":33},{"not_picked":["Dual Wield","Second Wind"],"picked":"Warcry","floor":35},{"not_picked":["Reaper","Bludgeon"],"picked":"Offering","floor":38},{"not_picked":["Exhume","Immolate"],"picked":"Offering","floor":40},{"not_picked":["Juggernaut","Reaper"],"picked":"Limit Break","floor":41},{"not_picked":["Corruption","Juggernaut","Fiend Fire"],"picked":"SKIP","floor":42},{"not_picked":["Limit Break","Demon Form","Reaper"],"picked":"SKIP","floor":45},{"not_picked":["Brutality","Fiend Fire"],"picked":"Exhume","floor":48}],"player_experience":806932,"relics_obtained":[{"floor":2.0,"key":"Mummified Hand"},{"floor":6,"key":"Art of War"},{"floor":7,"key":"Anchor"},{"floor":9,"key":"Orichalcum"},{"floor":11,"key":"Odd Mushroom"},{"floor":12,"key":"Pear"},{"floor":13,"key":"Gremlin Horn"},{"floor":20,"key":"Nilry\u0027s Codex"},{"floor":23,"key":"PreservedInsect"},{"floor":24,"key":"Nunchaku"},{"floor":25,"key":"Peace Pipe"},{"floor":26,"key":"Happy Flower"},{"floor":27,"key":"Du-Vu Doll"},{"floor":28,"key":"CeramicFish"},{"floor":29,"key":"Potion Belt"},{"floor":30,"key":"Mercury Hourglass"},{"floor":31,"key":"MealTicket"},{"floor":38,"key":"Thread and Needle"},{"floor":38,"key":"Blue Candle"},{"floor":39,"key":"Red Skull"},{"floor":40,"key":"Bag of Marbles"},{"floor":40,"key":"Whetstone"},{"floor":41,"key":"Lizard Tail"},{"floor":41,"key":"TungstenRod"},{"floor":42,"key":"Vajra"},{"floor":42,"key":"War Paint"},{"floor":43,"key":"Strawberry"},{"floor":45,"key":"Bronze Scales"},{"floor":45,"key":"Bottled Tornado"},{"floor":48,"key":"Ancient Tea Set"},{"floor":48,"key":"Lantern"}],"event_choices":[{"damage_healed":0.0,"max_hp_gain":0.0,"max_hp_loss":0.0,"gold_gain":275.0,"event_name":"Golden Shrine","player_choice":"Desecrate","floor":3.0,"gold_loss":0.0,"damage_taken":0.0,"cards_obtained":["Regret"]},{"damage_healed":0,"gold_gain":0,"player_choice":"Fought Mushrooms","damage_taken":0,"max_hp_gain":0,"max_hp_loss":0,"event_name":"Mushrooms","floor":11,"gold_loss":0},{"damage_healed":0,"gold_gain":0,"player_choice":"Obtained Book","damage_taken":21,"max_hp_gain":0,"max_hp_loss":0,"event_name":"Cursed Tome","floor":20,"gold_loss":0},{"damage_healed":0,"gold_gain":0,"player_choice":"1 cards matched","damage_taken":0,"max_hp_gain":0,"max_hp_loss":0,"event_name":"Match and Keep!","floor":36,"gold_loss":0,"cards_obtained":["Bash"]}],"is_beta":false,"boss_relics":[{"not_picked":["Black Blood","Busted Crown"],"picked":"Fusion Hammer"},{"not_picked":["Snecko Eye","Cursed Key"],"picked":"Black Star"}],"items_purged_floors":[5,19,37],"is_endless":false,"potions_floor_spawned":[6,7,11,12,13,22,27,28,30,33,38,40,42],"ascension_level":20}}