{"host":"xz7n3qy1zq36rzpg","time":1609747390,"event":{"mods":["BaseMod","Colored Map","Colored Powertips","Highlight Path","Minty Spire (QoL Compilation)","Quick Restart","Shop Mod"],"gold_per_floor":[144,15,15,15,60,60,150,195,195,195,240,285,330,420,420,720,720,765,240,285,255,174,174,174],"floor_reached":23,"playtime":1065,"items_purged":["Strike_B","Strike_R"],"score":201,"play_id":"12dea657-7a48-451d-8435-43e8775e9466","local_time":"20210104090310","daily_mods":["Chimera","Diverse","Midas"],"is_ascension_mode":false,"campfire_choices":[{"floor":6,"key":"REST"},{"floor":10,"key":"REST"},{"floor":15,"key":"REST"}],"circlet_count":0,"master_deck":["Bash","Survivor","Zap","Eruption+1","Strike_G","Defend_R","Defend_G","Defend_P+1","Halt","EmptyFist","Genetic Algorithm","Redo","CutThroughFate","Rage+1","CutThroughFate","Choke","Double Tap+1","Coolheaded+1","Footwork","ClearTheMind+1","Cleave","Unload"],"relics":["Cracked Core","Happy Flower","Toxic Egg 2","Thread and Needle","Inserter","Membership Card","Ice Cream","Blood Vial"],"acts_visited":["Exordium","TheCity"],"potions_floor_usage":[13,16,16,20,23,23,23],"damage_taken":[{"damage":0,"enemies":"Cultist","floor":1,"turns":3},{"damage":2,"enemies":"Small Slimes","floor":5,"turns":2},{"damage":36,"enemies":"Gremlin Nob","floor":7,"turns":5},{"damage":10,"enemies":"2 Louse","floor":8,"turns":3},{"damage":0,"enemies":"2 Fungi Beasts","floor":11,"turns":2},{"damage":0,"enemies":"Blue Slaver","floor":12,"turns":3},{"damage":0,"enemies":"Red Slaver","floor":13,"turns":1},{"damage":32,"enemies":"Lagavulin","floor":14,"turns":7},{"damage":13,"enemies":"The Guardian","floor":16,"turns":9},{"damage":22,"enemies":"Spheric Guardian","floor":18,"turns":6},{"damage":22,"enemies":"2 Thieves","floor":20,"turns":4},{"damage":43,"enemies":"Slavers","floor":23,"turns":3}],"seed_played":"-6631355389535803282","potions_obtained":[{"floor":7,"key":"BlessingOfTheForge"},{"floor":8,"key":"Energy Potion"},{"floor":11,"key":"Energy Potion"},{"floor":14,"key":"FocusPotion"},{"floor":20,"key":"AttackPotion"},{"floor":21,"key":"PowerPotion"},{"floor":21,"key":"PowerPotion"}],"is_trial":false,"path_per_floor":["M","$","?","?","M","R","E","M","T","R","M","M","M","E","R","B",null,"M","$","M","?","$","E"],"character_chosen":"DEFECT","items_purchased":["EmptyFist","Footwork","ClearTheMind+1","Membership Card","Ice Cream","Blood Vial","Unload"],"campfire_rested":3,"item_purchase_floors":[2,19,19,19,19,19,22],"current_hp_per_floor":[75,75,60,65,63,80,44,34,34,58,58,58,58,26,50,37,80,58,58,38,38,38,0,0],"gold":174,"neow_bonus":"","is_daily":true,"chose_seed":false,"campfire_upgraded":0,"win_rate":0.0,"timestamp":1609747390,"path_taken":["M","$","?","?","M","R","E","M","T","R","M","M","M","E","R","BOSS","M","$","M","?","$","E"],"items_purchased_type":["Card","Card","Card","Relic","Relic","Relic","Card"],"build_version":"2020-12-22","purchased_purges":2,"victory":false,"max_hp_per_floor":[75,75,75,80,80,80,80,80,80,80,80,80,80,80,80,80,80,80,80,80,80,80,80,80],"card_choices":[{"not_picked":["EmptyFist","Feel No Pain"],"picked":"Halt","floor":1},{"not_picked":["Second Wind","Halt"],"picked":"Genetic Algorithm","floor":5},{"not_picked":["Outmaneuver","Accuracy","Prepared"],"picked":"SKIP","floor":7},{"not_picked":["Evaluate","Skim"],"picked":"Redo","floor":8},{"not_picked":["Cleave","True Grit+1"],"picked":"CutThroughFate","floor":11},{"not_picked":["Poisoned Stab","Go for the Eyes"],"picked":"Rage+1","floor":12},{"not_picked":["Prepared+1","Sunder"],"picked":"CutThroughFate","floor":13},{"not_picked":["FlurryOfBlows","Multi-Cast+1"],"picked":"Choke","floor":14},{"not_picked":["All For One","LessonLearned"],"picked":"Double Tap+1","floor":16},{"not_picked":["Rupture","Metallicize"],"picked":"Coolheaded+1","floor":18},{"not_picked":["Pray+1","Sweeping Beam"],"picked":"Cleave","floor":20}],"player_experience":300495,"relics_obtained":[{"floor":7,"key":"Happy Flower"},{"floor":9,"key":"Toxic Egg 2"},{"floor":14,"key":"Thread and Needle"}],"event_choices":[{"damage_healed":0,"gold_gain":0,"player_choice":"Entered Light","damage_taken":15,"max_hp_gain":0,"max_hp_loss":0,"event_name":"Shining Light","floor":3,"gold_loss":0,"cards_upgraded":["Eruption","Defend_P"]},{"damage_healed":0,"gold_gain":0,"player_choice":"Donut","damage_taken":0,"max_hp_gain":5,"max_hp_loss":0,"event_name":"Big Fish","floor":4,"gold_loss":0},{"damage_healed":0,"gold_gain":0,"player_choice":"Bought 2 Potions","damage_taken":0,"max_hp_gain":0,"max_hp_loss":0,"event_name":"The Woman in Blue","floor":21,"gold_loss":0}],"is_beta":false,"boss_relics":[{"not_picked":["Black Star","Cursed Key"],"picked":"Inserter"}],"items_purged_floors":[2,19],"is_endless":false,"potions_floor_spawned":[7,8,11,14,20],"killed_by":"Slavers","ascension_level":0}}