{"host":"uy3vg6glkp8m6iit","time":1609769680,"event":{"mods":["AchievementEnabler","BaseMod","Colored Map","DeckTracker","Highlight Path","Keyboard Shortcuts","Minty Spire (QoL Compilation)","Quick Restart","Random Character Button","Rare Cards Sparkle","Relic Stats","StSLib","SuperFastMode","everything is the same but u backflip on backflip"],"gold_per_floor":[19,19,33,33,43,57,57,74,127,158,177,177,191,252,252,354,354,338,349,359,359,359,359,386,336,385,43,61,21,49,67,67,164,164,177,193,70,82,32,57,69,69,94,122,122,155,167,179,191,203,215,227,5,40,40,40],"floor_reached":55,"playtime":2358,"items_purged":["Strike_G","Strike_G","Defend_G","Strike_G"],"score":1285,"play_id":"99db0ea9-ff75-4719-b685-730d33900cdc","local_time":"20210104231440","is_ascension_mode":true,"campfire_choices":[{"data":"Bouncing Flask","floor":7.0,"key":"SMITH"},{"data":"Leg Sweep","floor":12.0,"key":"SMITH"},{"data":"Catalyst","floor":15.0,"key":"SMITH"},{"floor":23.0,"key":"RECALL"},{"floor":32.0,"key":"DIG"},{"floor":42.0,"key":"DIG"},{"floor":45.0,"key":"DIG"},{"floor":49.0,"key":"DIG"},{"floor":52,"key":"REST"}],"circlet_count":0,"master_deck":["AscendersBane","Strike_G","Defend_G","Defend_G","Defend_G","Defend_G","Survivor","Neutralize","Dagger Throw","Reflex","Bouncing Flask+1","Escape Plan","Acrobatics","Backflip","Leg Sweep+1","Catalyst+1","Wraith Form v2","Grand Finale","Well Laid Plans","Calculated Gamble","Adrenaline","Tactician","After Image","Expertise","Well Laid Plans","Acrobatics+1","Purity"],"relics":["Ring of the Snake","MealTicket","Gremlin Horn","Smiling Mask","Fusion Hammer","PreservedInsect","Potion Belt","Shovel","Strawberry","Oddly Smooth Stone","Black Star","Juzu Bracelet","Toy Ornithopter","Pen Nib","Blood Vial","Anchor","Mercury Hourglass","Akabeko","MawBank","Paper Crane","Art of War","Bronze Scales","Pear"],"acts_visited":["Exordium","TheCity","TheBeyond","TheEnding"],"potions_floor_usage":[55],"damage_taken":[{"damage":0.0,"enemies":"Cultist","floor":1.0,"turns":4.0},{"damage":0.0,"enemies":"2 Louse","floor":3.0,"turns":3.0},{"damage":7.0,"enemies":"Small Slimes","floor":5.0,"turns":3.0},{"damage":7.0,"enemies":"Exordium Thugs","floor":6.0,"turns":7.0},{"damage":3.0,"enemies":"Blue Slaver","floor":8.0,"turns":7.0},{"damage":16.0,"enemies":"Gremlin Nob","floor":10.0,"turns":4.0},{"damage":0.0,"enemies":"2 Fungi Beasts","floor":11.0,"turns":6.0},{"damage":0.0,"enemies":"Red Slaver","floor":13.0,"turns":4.0},{"damage":22.0,"enemies":"Lagavulin Event","floor":14.0,"turns":7.0},{"damage":21.0,"enemies":"The Guardian","floor":16.0,"turns":8.0},{"damage":6.0,"enemies":"2 Thieves","floor":18.0,"turns":4.0},{"damage":0.0,"enemies":"Shell Parasite","floor":19.0,"turns":5.0},{"damage":0.0,"enemies":"Cultist and Chosen","floor":20.0,"turns":3.0},{"damage":5.0,"enemies":"Book of Stabbing","floor":24.0,"turns":5.0},{"damage":6.0,"enemies":"Shelled Parasite and Fungi","floor":28.0,"turns":5.0},{"damage":19.0,"enemies":"Slavers","floor":30.0,"turns":4.0},{"damage":0.0,"enemies":"Snecko","floor":31.0,"turns":4.0},{"damage":54.0,"enemies":"Champ","floor":33.0,"turns":15.0},{"damage":2.0,"enemies":"3 Darklings","floor":35.0,"turns":5.0},{"damage":0.0,"enemies":"Orb Walker","floor":36.0,"turns":5.0},{"damage":3.0,"enemies":"Spire Growth","floor":38.0,"turns":4.0},{"damage":0.0,"enemies":"Reptomancer","floor":40.0,"turns":2.0},{"damage":0.0,"enemies":"4 Shapes","floor":41.0,"turns":5.0},{"damage":16.0,"enemies":"Nemesis","floor":44.0,"turns":7.0},{"damage":11.0,"enemies":"Giant Head","floor":46.0,"turns":6.0},{"damage":40.0,"enemies":"Time Eater","floor":50.0,"turns":13.0},{"damage":41,"enemies":"Shield and Spear","floor":54,"turns":4},{"damage":136,"enemies":"The Heart","floor":55,"turns":5}],"seed_played":"68372044280053993","potions_obtained":[{"floor":5.0,"key":"Explosive Potion"},{"floor":6.0,"key":"ColorlessPotion"},{"floor":8.0,"key":"BlessingOfTheForge"},{"floor":10.0,"key":"Block Potion"},{"floor":18.0,"key":"Block Potion"},{"floor":19.0,"key":"PowerPotion"},{"floor":28.0,"key":"Dexterity Potion"},{"floor":29.0,"key":"LiquidBronze"},{"floor":29.0,"key":"FairyPotion"},{"floor":29.0,"key":"Regen Potion"},{"floor":30.0,"key":"FearPotion"},{"floor":36.0,"key":"Fruit Juice"},{"floor":38.0,"key":"SpeedPotion"},{"floor":40.0,"key":"AttackPotion"},{"floor":44.0,"key":"SteroidPotion"}],"is_trial":false,"path_per_floor":["M","?","M","?","M","M","R","M","T","E","M","R","M","?","R","B",null,"M","M","M","?","?","R","E","$","T","$","M","?","E","M","R","B",null,"M","M","$","M","$","E","M","R","T","E","R","E","T","?","R","B",null,"R","$","E","B"],"character_chosen":"THE_SILENT","items_purchased":["Shovel","Well Laid Plans","Purity","Bronze Scales"],"campfire_rested":1,"item_purchase_floors":[27,37,53,53],"current_hp_per_floor":[77,77,77,77,70,63,63,60,60,44,44,44,44,22,22,1,63,57,57,57,57,57,57,52,67,67,82,76,76,64,64,64,10,71,69,69,84,81,91,96,96,96,96,85,85,76,76,76,76,38,82,96,96,65,0,0],"gold":40,"neow_bonus":"TWENTY_PERCENT_HP_BONUS","is_daily":false,"chose_seed":false,"campfire_upgraded":3,"win_rate":0.0,"timestamp":1609769680,"path_taken":["M","?","M","?","M","M","R","M","T","E","M","R","M","?","R","BOSS","M","M","M","?","?","R","E","$","T","$","M","?","E","M","R","BOSS","M","M","$","M","$","E","M","R","T","E","R","E","?","?","R","BOSS","R","$","E","BOSS"],"items_purchased_type":["Relic","Card","Card","Relic"],"build_version":"2020-12-22","purchased_purges":4,"victory":false,"max_hp_per_floor":[84,84,84,84,84,84,84,84,84,84,84,84,84,84,84,84,84,84,84,84,84,84,84,84,84,84,84,84,84,91,91,91,91,91,91,91,91,91,91,96,96,96,96,96,96,96,96,96,96,96,96,96,96,106,106,106],"relic_stats":{"Gremlin Horn":[13,14],"counters":[28,154],"PreservedInsect":361,"Pen Nib":[4],"Juzu Bracelet":0,"Smiling Mask":250,"MawBank":84,"Mercury Hourglass":[69],"Blood Vial":6,"Shovel":4,"Bronze Scales":[63],"MealTicket":55,"Black Star":4,"Art of War":[8],"obtain_stats":[{"Potion Belt":26,"Pear":54,"Gremlin Horn":10,"Oddly Smooth Stone":32,"PreservedInsect":24,"Pen Nib":42,"Juzu Bracelet":40,"Paper Crane":47,"Smiling Mask":14,"MawBank":46,"Akabeko":46,"Mercury Hourglass":45,"Blood Vial":44,"Anchor":44,"Shovel":27,"Strawberry":30,"Bronze Scales":53,"MealTicket":9,"Fusion Hammer":17,"Black Star":34,"Art of War":49,"Toy Ornithopter":40,"Ring of the Snake":0},{"Potion Belt":14,"Pear":27,"Gremlin Horn":6,"Oddly Smooth Stone":17,"PreservedInsect":14,"Pen Nib":23,"Juzu Bracelet":22,"Paper Crane":25,"Smiling Mask":9,"MawBank":25,"Akabeko":25,"Mercury Hourglass":24,"Blood Vial":24,"Anchor":24,"Shovel":14,"Strawberry":16,"Bronze Scales":26,"MealTicket":5,"Fusion Hammer":10,"Black Star":18,"Art of War":25,"Toy Ornithopter":22,"Ring of the Snake":0},{"Potion Belt":70,"Pear":149,"Gremlin Horn":28,"Oddly Smooth Stone":83,"PreservedInsect":70,"Pen Nib":119,"Juzu Bracelet":114,"Paper Crane":132,"Smiling Mask":45,"MawBank":132,"Akabeko":132,"Mercury Hourglass":126,"Blood Vial":126,"Anchor":126,"Shovel":70,"Strawberry":79,"Bronze Scales":145,"MealTicket":24,"Fusion Hammer":53,"Black Star":98,"Art of War":132,"Toy Ornithopter":114,"Ring of the Snake":0}],"Toy Ornithopter":10,"Ring of the Snake":[56]},"card_choices":[{"not_picked":["Flechettes","Caltrops"],"picked":"Dagger Throw","floor":1.0},{"not_picked":["Flechettes","Dagger Throw"],"picked":"Bouncing Flask","floor":3.0},{"not_picked":["Finisher","Poisoned Stab"],"picked":"Escape Plan","floor":5.0},{"not_picked":["Setup","Accuracy"],"picked":"Acrobatics","floor":6.0},{"not_picked":["Poisoned Stab","Terror"],"picked":"Backflip","floor":8.0},{"not_picked":["Calculated Gamble","Deflect"],"picked":"Leg Sweep","floor":10.0},{"not_picked":["Backflip","Blade Dance","Masterful Stab"],"picked":"SKIP","floor":11.0},{"not_picked":["Leg Sweep","Expertise"],"picked":"Catalyst","floor":13.0},{"not_picked":["Accuracy","Deflect"],"picked":"Wraith Form v2","floor":14.0},{"not_picked":["Storm of Steel","Doppelganger"],"picked":"Grand Finale","floor":16.0},{"not_picked":["Prepared","Dodge and Roll","Setup+1"],"picked":"SKIP","floor":18.0},{"not_picked":["Poisoned Stab","Deflect+1","Bane"],"picked":"SKIP","floor":19.0},{"not_picked":["Poisoned Stab","Deflect+1","Bane"],"picked":"SKIP","floor":19.0},{"not_picked":["Outmaneuver","Distraction","Deflect"],"picked":"SKIP","floor":20.0},{"not_picked":["Skewer","Setup"],"picked":"Calculated Gamble","floor":24.0},{"not_picked":["Noxious Fumes","Outmaneuver","Endless Agony"],"picked":"SKIP","floor":28.0},{"not_picked":["Dagger Throw","Dodge and Roll"],"picked":"Adrenaline","floor":30.0},{"not_picked":["Prepared+1","Dodge and Roll"],"picked":"Tactician","floor":31.0},{"not_picked":["Wraith Form v2","A Thousand Cuts"],"picked":"After Image","floor":33.0},{"not_picked":["Deflect","Dodge and Roll","Catalyst+1"],"picked":"SKIP","floor":35.0},{"not_picked":["Noxious Fumes+1","Blade Dance+1"],"picked":"Expertise","floor":36.0},{"not_picked":["Finisher+1","Deadly Poison+1","Backflip+1"],"picked":"SKIP","floor":38.0},{"not_picked":["Prepared","Flying Knee+1","Dagger Throw"],"picked":"SKIP","floor":40.0},{"not_picked":["Night Terror","Heel Hook"],"picked":"Acrobatics+1","floor":41.0},{"not_picked":["Heel Hook","Dodge and Roll+1","Underhanded Strike"],"picked":"SKIP","floor":44.0},{"not_picked":["Noxious Fumes","Sucker Punch+1","Outmaneuver+1"],"picked":"SKIP","floor":46.0},{"not_picked":["Finisher","Blade Dance","Leg Sweep"],"picked":"SKIP","floor":54}],"player_experience":1460549,"relics_obtained":[{"floor":9.0,"key":"MealTicket"},{"floor":10.0,"key":"Gremlin Horn"},{"floor":14.0,"key":"Smiling Mask"},{"floor":24.0,"key":"PreservedInsect"},{"floor":26.0,"key":"Potion Belt"},{"floor":30.0,"key":"Strawberry"},{"floor":32.0,"key":"Oddly Smooth Stone"},{"floor":40.0,"key":"Juzu Bracelet"},{"floor":40.0,"key":"Toy Ornithopter"},{"floor":42.0,"key":"Pen Nib"},{"floor":44.0,"key":"Blood Vial"},{"floor":44.0,"key":"Anchor"},{"floor":45.0,"key":"Mercury Hourglass"},{"floor":46.0,"key":"Akabeko"},{"floor":46.0,"key":"MawBank"},{"floor":47.0,"key":"Paper Crane"},{"floor":49.0,"key":"Art of War"},{"floor":54,"key":"Pear"}],"event_choices":[{"damage_healed":0.0,"max_hp_gain":0.0,"max_hp_loss":0.0,"gold_gain":0.0,"cards_transformed":["Strike_G"],"event_name":"Living Wall","player_choice":"Change","floor":2.0,"gold_loss":0.0,"damage_taken":0.0,"cards_obtained":["Reflex"]},{"damage_healed":0.0,"max_hp_gain":0.0,"max_hp_loss":0.0,"gold_gain":0.0,"event_name":"Liars Game","player_choice":"Ignored","floor":4.0,"gold_loss":0.0,"damage_taken":0.0},{"damage_healed":0.0,"max_hp_gain":0.0,"max_hp_loss":0.0,"gold_gain":30.0,"event_name":"Dead Adventurer","player_choice":"Searched \u00272\u0027 times","floor":14.0,"gold_loss":0.0,"damage_taken":0.0},{"damage_healed":0.0,"max_hp_gain":0.0,"max_hp_loss":0.0,"gold_gain":0.0,"event_name":"The Library","player_choice":"Read","floor":21.0,"gold_loss":0.0,"damage_taken":0.0,"cards_obtained":["Well Laid Plans"]},{"damage_healed":0.0,"max_hp_gain":0.0,"max_hp_loss":0.0,"gold_gain":0.0,"event_name":"The Mausoleum","player_choice":"Ignored","floor":22.0,"gold_loss":0.0,"damage_taken":0.0},{"damage_healed":0.0,"max_hp_gain":0.0,"max_hp_loss":0.0,"gold_gain":0.0,"event_name":"The Woman in Blue","player_choice":"Bought 3 Potions","floor":29.0,"gold_loss":0.0,"damage_taken":0.0},{"damage_healed":0.0,"max_hp_gain":0.0,"max_hp_loss":0.0,"gold_gain":0.0,"event_name":"Tomb of Lord Red Mask","player_choice":"Ignored","floor":48.0,"gold_loss":0.0,"damage_taken":0.0}],"is_beta":false,"boss_relics":[{"not_picked":["Busted Crown","Ectoplasm"],"picked":"Fusion Hammer"},{"not_picked":["HoveringKite","WristBlade"],"picked":"Black Star"}],"items_purged_floors":[25,27,37,39],"is_endless":false,"potions_floor_spawned":[5,6,8,10,18,19,28,30,31,36,38,40,44],"killed_by":"The Heart","ascension_level":11}}