{"host":"v4tuy5ykrbdcm9o9","time":1609791053,"event":{"mods":["BaseMod","Duelist Mod","Minty Spire (QoL Compilation)","Replay The Spire","StSLib"],"gold_per_floor":[119,129,3,3,3,28,48,78,124,139,173,190,202,221,221,320,320,338,354,368,381,391,391,417,417,466,479,479,479],"floor_reached":28,"playtime":2755,"items_purged":["theDuelist:ArchfiendZombieSkull"],"score":389,"play_id":"75a763ee-5cf5-4fa3-99c0-b8b850fc3e64","local_time":"20210104151053","is_ascension_mode":true,"campfire_choices":[{"floor":15.0,"key":"REST"},{"floor":23,"key":"REST"},{"data":"Flex","floor":25,"key":"SMITH"}],"circlet_count":0,"master_deck":["Strike_R","Strike_R","Strike_R","Strike_R","Strike_R","Defend_R","Defend_R","Defend_R","Defend_R","theDuelist:ZombieCorpse","Fire Breathing","Shrug It Off","Armaments","Looming Evil","Survivor","Neutralize","Life Link","Twin Strike","Iron Wave","Clash","Feed","Flex","Twin Strike","Flex+1","Brutality","Shrug It Off+1","Rampage","Flame Barrier","Thunderclap+1","Flex","Armaments+1","Twin Strike+1"],"relics":["Burning Blood","Lizard Tail","Ring of Fury","Mercury Hourglass","Pet Ghost","Orichalcum","Ancient Tea Set","Honey Jar","MealTicket","Blood Vial"],"acts_visited":["Exordium","TheCity"],"potions_floor_usage":[21,22,22,27,27],"damage_taken":[{"damage":1.0,"enemies":"Cultist","floor":1.0,"turns":3.0},{"damage":11.0,"enemies":"Small Slimes","floor":2.0,"turns":4.0},{"damage":29.0,"enemies":"3 Sentries","floor":6.0,"turns":6.0},{"damage":5.0,"enemies":"2 Louse","floor":7.0,"turns":2.0},{"damage":34.0,"enemies":"Lagavulin","floor":8.0,"turns":5.0},{"damage":1.0,"enemies":"Exordium Thugs","floor":10.0,"turns":4.0},{"damage":0.0,"enemies":"Replay:BlueRogue","floor":11.0,"turns":7.0},{"damage":7.0,"enemies":"Red Slaver","floor":12.0,"turns":2.0},{"damage":0.0,"enemies":"Blue Slaver","floor":13.0,"turns":3.0},{"damage":4.0,"enemies":"Lots of Slimes","floor":14.0,"turns":2.0},{"damage":10.0,"enemies":"Slime Boss","floor":16.0,"turns":7.0},{"damage":5.0,"enemies":"Shell Parasite","floor":18.0,"turns":4.0},{"damage":0.0,"enemies":"Chosen","floor":19.0,"turns":3.0},{"damage":16.0,"enemies":"3 Cultists","floor":20.0,"turns":5.0},{"damage":21,"enemies":"Snecko","floor":21,"turns":4},{"damage":22,"enemies":"Snake Plant","floor":22,"turns":4},{"damage":4,"enemies":"theDuelist:KaibaA2","floor":24,"turns":4},{"damage":19,"enemies":"Shelled Parasite and Fungi","floor":27,"turns":4},{"damage":28,"enemies":"Slavers","floor":28,"turns":3}],"seed_played":"6280924495749099341","potions_obtained":[{"floor":1.0,"key":"Adrenaline Potion"},{"floor":2.0,"key":"PowerPotion"},{"floor":11.0,"key":"ElixirPotion"},{"floor":13.0,"key":"Block Potion"},{"floor":18.0,"key":"PowerPotion"},{"floor":20.0,"key":"Explosive Potion"},{"floor":21,"key":"Fire Potion"},{"floor":22,"key":"Weak Potion"}],"is_trial":false,"path_per_floor":["M","M","$","?","?","E","M","E","T","M","E","M","M","M","R","B",null,"M","M","M","M","M","R","E","R","T","M","E"],"character_chosen":"IRONCLAD","items_purchased":["Armaments"],"campfire_rested":2,"item_purchase_floors":[3],"current_hp_per_floor":[80,75,75,75,75,52,53,25,25,30,36,35,41,46,70,69,82,86,92,85,70,54,82,88,88,88,80,54,54],"gold":479,"neow_bonus":"ONE_RARE_RELIC","is_daily":false,"chose_seed":false,"campfire_upgraded":1,"win_rate":0.0,"timestamp":1609791053,"path_taken":["M","M","$","?","?","E","M","E","T","M","E","M","M","M","R","BOSS","M","M","M","M","M","R","E","R","T","M","E"],"items_purchased_type":["Card"],"build_version":"2020-12-22","purchased_purges":1,"victory":false,"max_hp_per_floor":[80,80,80,80,80,80,80,80,80,80,80,80,80,83,83,86,86,89,92,95,95,95,95,99,99,99,102,102,102],"card_choices":[{"not_picked":["Clothesline","Feel No Pain"],"picked":"Fire Breathing","floor":1.0},{"not_picked":["Whirlwind","ReplayTheSpireMod:Stacked"],"picked":"Shrug It Off","floor":2.0},{"not_picked":["Body Slam","Hemokinesis"],"picked":"Life Link","floor":6.0},{"not_picked":["ReplayTheSpireMod:LeadingStrike","Heavy Blade"],"picked":"Twin Strike","floor":7.0},{"not_picked":["Sword Boomerang","Hemogenesis"],"picked":"Iron Wave","floor":8.0},{"not_picked":["Whirlwind","Second Wind"],"picked":"Clash","floor":10.0},{"not_picked":["Thunderclap","Uppercut"],"picked":"Feed","floor":11.0},{"not_picked":["Blood for Blood","Clothesline"],"picked":"Flex","floor":12.0},{"not_picked":["Pummel","Replay:Undeath\u0027s Touch"],"picked":"Twin Strike","floor":13.0},{"not_picked":["Perfected Strike","Sword Boomerang"],"picked":"Flex","floor":14.0},{"not_picked":["Eclipse","Demon Form"],"picked":"Brutality","floor":16.0},{"not_picked":["Iron Wave","Warcry+1","Burning Pact+1"],"picked":"Shrug It Off+1","floor":18.0},{"not_picked":["Heavy Blade","Sword Boomerang","Clothesline"],"picked":"Rampage","floor":19.0},{"not_picked":["Life Link","Heavy Blade","Entrench"],"picked":"Flame Barrier","floor":20.0},{"not_picked":["Flame Barrier","Feel No Pain","Headbutt"],"picked":"Thunderclap+1","floor":21},{"not_picked":["Disarm","Heavy Blade","Iron Wave"],"picked":"Flex","floor":22},{"not_picked":["Limit Break","Thunderclap","Heavy Blade+1"],"picked":"Armaments+1","floor":24},{"not_picked":["Clash","Fire Breathing","Dark Embrace"],"picked":"Twin Strike+1","floor":27}],"player_experience":546649,"relics_obtained":[{"floor":4.0,"key":"Ring of Fury"},{"floor":6.0,"key":"Mercury Hourglass"},{"floor":8.0,"key":"Pet Ghost"},{"floor":9.0,"key":"Orichalcum"},{"floor":11.0,"key":"Ancient Tea Set"},{"floor":24,"key":"MealTicket"},{"floor":26,"key":"Blood Vial"}],"event_choices":[],"is_beta":false,"boss_relics":[{"not_picked":["Ring of Chaos","Philosopher\u0027s Stone"],"picked":"Honey Jar"}],"items_purged_floors":[3],"is_endless":false,"potions_floor_spawned":[1,2,11,13,18,20,21,22],"killed_by":"Slavers","ascension_level":5}}