{"host":"d8hh7rr4yzitjeuj","time":1609765462,"event":{"mods":["2.2 Compatiblity","AchievementEnabler","Act Like it!","BaseMod","Colored Map","Colored Powertips","Highlight Path","Keyboard Shortcuts","Minty Spire (QoL Compilation)","Permanent Neow","Quick Restart","StSLib","SuperFastMode"],"gold_per_floor":[115,133,143,143,12,25,56,71,71,81,98,115,125,143,143,220,220,220,67,67,67],"floor_reached":20,"playtime":549,"items_purged":["Wild Strike"],"score":360,"play_id":"988ddecc-32af-422b-83bf-03527e8b25fb","local_time":"20210104220422","is_ascension_mode":true,"campfire_choices":[{"data":"Rupture","floor":15.0,"key":"SMITH"},{"data":"Heavy Blade","floor":18,"key":"SMITH"}],"circlet_count":0,"master_deck":["AscendersBane","Bash","Combust","Rupture+1","Pain","Fire Breathing","Twin Strike","Twin Strike","Heavy Blade+1","Shrug It Off","Shockwave","Cleave","Shrug It Off","Blood for Blood","Fiend Fire","Spot Weakness","Flame Barrier","Metallicize","Feed","Demon Form","Reckless Charge","Seeing Red","Blood for Blood","Heavy Blade","Pummel"],"relics":["Burning Blood","Happy Flower","WarpedTongs","Strawberry","Meat on the Bone","Pandora\u0027s Box"],"acts_visited":["TheEnding"],"potions_floor_usage":[],"damage_taken":[{"damage":3.0,"enemies":"2 Louse","floor":1.0,"turns":4.0},{"damage":1.0,"enemies":"Cultist","floor":2.0,"turns":3.0},{"damage":10.0,"enemies":"Small Slimes","floor":3.0,"turns":3.0},{"damage":15.0,"enemies":"Red Slaver","floor":6.0,"turns":4.0},{"damage":45.0,"enemies":"Lagavulin","floor":7.0,"turns":4.0},{"damage":9.0,"enemies":"Looter","floor":8.0,"turns":2.0},{"damage":12.0,"enemies":"3 Louse","floor":10.0,"turns":3.0},{"damage":14.0,"enemies":"Red Slaver","floor":11.0,"turns":3.0},{"damage":20.0,"enemies":"Exordium Thugs","floor":12.0,"turns":5.0},{"damage":25.0,"enemies":"Large Slime","floor":13.0,"turns":6.0},{"damage":4.0,"enemies":"Blue Slaver","floor":14.0,"turns":3.0},{"damage":17.0,"enemies":"Slime Boss","floor":16.0,"turns":6.0},{"damage":77,"enemies":"Shield and Spear","floor":20,"turns":2}],"seed_played":"-1165569506593830305","potions_obtained":[{"floor":1.0,"key":"BloodPotion"},{"floor":2.0,"key":"SteroidPotion"},{"floor":11.0,"key":"Regen Potion"}],"is_trial":false,"path_per_floor":["M","M","M","?","$","M","E","M","T","M","M","M","M","M","R","B",null,"R","$","E"],"character_chosen":"IRONCLAD","items_purchased":["Fire Breathing","Twin Strike","Pummel"],"campfire_rested":0,"item_purchase_floors":[5,5,19],"current_hp_per_floor":[71,75,71,71,71,62,30,27,27,33,37,35,28,42,42,55,75,75,75,0,0],"gold":67,"neow_bonus":"RANDOM_COMMON_RELIC","is_daily":false,"chose_seed":false,"campfire_upgraded":2,"win_rate":0.0,"timestamp":1609765462,"path_taken":["M","M","M","?","$","M","E","M","T","M","M","?","M","M","R","BOSS","R","$","E"],"items_purchased_type":["Card","Card","Card"],"build_version":"2020-12-22","purchased_purges":1,"victory":false,"max_hp_per_floor":[75,75,75,75,75,75,82,82,82,82,82,82,82,82,82,82,82,82,82,82,82],"card_choices":[{"not_picked":["Shrug It Off","Rampage"],"picked":"Wild Strike","floor":1.0},{"not_picked":["Entrench","Headbutt"],"picked":"Combust","floor":2.0},{"not_picked":["Warcry","Anger"],"picked":"Rupture","floor":3.0},{"not_picked":["Iron Wave","Anger"],"picked":"Twin Strike","floor":6.0},{"not_picked":["Anger","Perfected Strike"],"picked":"Heavy Blade","floor":7.0},{"not_picked":["Headbutt","Heavy Blade"],"picked":"Shrug It Off","floor":8.0},{"not_picked":["Bludgeon","Pommel Strike"],"picked":"Shockwave","floor":10.0},{"not_picked":["True Grit","Perfected Strike"],"picked":"Cleave","floor":11.0},{"not_picked":["Sever Soul","Heavy Blade"],"picked":"Shrug It Off","floor":12.0},{"not_picked":["Fire Breathing","Perfected Strike"],"picked":"Blood for Blood","floor":13.0},{"not_picked":["True Grit","Reckless Charge","Thunderclap"],"picked":"SKIP","floor":14.0},{"not_picked":["Immolate","Barricade"],"picked":"Fiend Fire","floor":16.0}],"player_experience":1403934,"relics_obtained":[{"floor":7.0,"key":"Strawberry"},{"floor":9.0,"key":"Meat on the Bone"}],"event_choices":[{"damage_healed":0.0,"max_hp_gain":0.0,"max_hp_loss":0.0,"gold_gain":0.0,"event_name":"Accursed Blacksmith","player_choice":"Rummage","floor":4.0,"gold_loss":0.0,"damage_taken":0.0,"relics_obtained":["WarpedTongs"],"cards_obtained":["Pain"]}],"is_beta":false,"boss_relics":[{"not_picked":["SacredBark","Velvet Choker"],"picked":"Pandora\u0027s Box"}],"items_purged_floors":[19],"is_endless":false,"potions_floor_spawned":[1,2,6,11,12],"killed_by":"Shield and Spear","ascension_level":20}}