{"host":"55yei7x27djrlaep","time":1609764087,"event":{"mods":["Act Like it!","Aspiration","BaseMod","Better Altar","Better Match","Better Note","Better Sensory Stone","Better Skull","Better Third Choice","BetterRewards","Colored Map","Conspire","Friendly Minions","GifTheSpireLib","Gremlin Mod","Halation","Hubris","Marisa????????","Minty Spire (QoL Compilation)","Pale of the Ancients","Replay The Spire","StSLib","Stuff the Spire","The Marked"],"gold_per_floor":[111,128,146,159,199,231,248,248,316,332,346,346,346,364,364,495,495,520,536,60,60,75,75,116,116,142,178,88,101,101,142,142,142,142],"floor_reached":33,"playtime":1631,"items_purged":["theMarked:Strike"],"score":309,"play_id":"e05cb0ae-94c4-4b36-9095-1f2866810d56","local_time":"20210104154127","is_ascension_mode":false,"campfire_choices":[{"data":"theMarked:Seal","floor":8,"key":"SMITH"},{"floor":13,"key":"REST"},{"data":"theMarked:Seal","floor":15,"key":"SMITH"},{"data":"theMarked:Abjuration","floor":23,"key":"SMITH"},{"floor":25,"key":"REST"},{"floor":30,"key":"REST"},{"floor":32,"key":"REST"}],"circlet_count":0,"master_deck":["theMarked:Strike+1","theMarked:Strike","theMarked:Strike","theMarked:Defend","theMarked:Defend","theMarked:Defend","theMarked:Defend","theMarked:Opportunist","theMarked:WardOff","theMarked:ComboAttacks+1","theMarked:UnarmedFury","theMarked:Seal","theMarked:TwofoldDefense","theMarked:Abjuration+1","theMarked:StartUp+1","theMarked:ChainLightning+1","hubris:DuctTapeCard","theMarked:Polarize","theMarked:WardOff+1","theMarked:BanishingStrike","theMarked:TakeOffHeels"],"relics":["ReplayTheSpireMod:DimensionalGlitch","Darkstone Periapt","ReplayTheSpireMod:TigerMarble","Golden Idol","Ring of Chaos","hubris:DuctTape","Bronze Scales","conspire:Flyswatter","Smiling Mask","Vajra","Whetstone"],"acts_visited":["Exordium","TheCity"],"potions_floor_usage":[6,16,22,24,24,31,33],"damage_taken":[{"damage":3,"enemies":"conspire:RoseBush","floor":1,"turns":3},{"damage":3,"enemies":"Small Slimes","floor":2,"turns":3},{"damage":1,"enemies":"2 Louse","floor":3,"turns":2},{"damage":0,"enemies":"Looter","floor":4,"turns":3},{"damage":15,"enemies":"conspire:MimicChest","floor":5,"turns":7},{"damage":7,"enemies":"Gremlin Nob","floor":6,"turns":4},{"damage":2,"enemies":"conspire:2 RoseBushes","floor":7,"turns":4},{"damage":0,"enemies":"Exordium Wildlife","floor":10,"turns":2},{"damage":11,"enemies":"Lots of Slimes","floor":11,"turns":5},{"damage":5,"enemies":"Looter","floor":14,"turns":3},{"damage":21,"enemies":"The Guardian","floor":16,"turns":9},{"damage":5,"enemies":"Shell Parasite","floor":18,"turns":4},{"damage":5,"enemies":"2 Thieves","floor":19,"turns":4},{"damage":8,"enemies":"Cultist and Chosen","floor":22,"turns":5},{"damage":31,"enemies":"Gremlin Leader","floor":24,"turns":5},{"damage":20,"enemies":"Slavers","floor":27,"turns":5},{"damage":12,"enemies":"Sentry and Sphere","floor":29,"turns":4},{"damage":17,"enemies":"Book of Stabbing","floor":31,"turns":4},{"damage":35,"enemies":"Collector","floor":33,"turns":3}],"seed_played":"7099915932826491208","potions_obtained":[{"floor":2,"key":"Block Potion"},{"floor":4,"key":"CultistPotion"},{"floor":7,"key":"Elixir"},{"floor":11,"key":"Explosive Potion"},{"floor":14,"key":"PowerPotion"},{"floor":16,"key":"Energy Potion"},{"floor":19,"key":"Adrenaline Potion"},{"floor":22,"key":"Swift Potion"},{"floor":27,"key":"Strength Potion"}],"is_trial":false,"path_per_floor":["M","M","M","M","?","E","M","R","T","M","M","?","R","M","R","B",null,"M","M","$","?","M","R","E","R","T","E","?","M","R","E","R","B"],"character_chosen":"THE_DEFAULT","items_purchased":["hubris:DuctTape","Bronze Scales"],"campfire_rested":4,"item_purchase_floors":[20,20],"current_hp_per_floor":[67,64,63,63,48,41,39,39,39,39,28,11,32,29,29,8,70,65,60,60,60,52,52,21,42,42,22,22,10,31,14,35,0,0],"gold":142,"neow_bonus":"BOSS_RELIC","is_daily":false,"chose_seed":false,"campfire_upgraded":3,"win_rate":0.0,"timestamp":1609764087,"path_taken":["M","M","M","M","?","E","M","R","T","M","M","?","R","M","R","BOSS","M","M","$","?","M","R","E","R","T","E","?","?","R","E","R","BOSS"],"items_purchased_type":["Relic","Relic"],"build_version":"2020-12-22","purchased_purges":1,"victory":false,"max_hp_per_floor":[70,70,70,70,70,70,70,70,70,70,70,70,70,70,70,70,70,70,70,70,70,70,70,70,70,70,70,70,70,70,70,70,70,70],"card_choices":[{"not_picked":["theMarked:TwofoldDefense","theMarked:ElectricStrings"],"picked":"theMarked:Opportunist","floor":1},{"not_picked":["theMarked:WastefulDefense","theMarked:Static"],"picked":"theMarked:Seal","floor":2},{"not_picked":["theMarked:EmpowerWeapon","theMarked:RepellingDischarge"],"picked":"theMarked:WardOff","floor":3},{"not_picked":["theMarked:ContemptForTheProud","theMarked:ElectricStrings"],"picked":"theMarked:ComboAttacks","floor":4},{"not_picked":["theMarked:Opportunist","theMarked:SwordAndMagic"],"picked":"theMarked:Seal","floor":5},{"not_picked":["theMarked:Reabsorb","theMarked:Seal","theMarked:Aftermath"],"picked":"SKIP","floor":6},{"not_picked":["theMarked:Parkour","theMarked:WastefulAttack"],"picked":"theMarked:UnarmedFury","floor":7},{"not_picked":["theMarked:Convert","theMarked:ResourceFulStrike"],"picked":"theMarked:Seal","floor":10},{"not_picked":["theMarked:Electrocute","theMarked:ResourceFulStrike"],"picked":"theMarked:TwofoldDefense","floor":11},{"not_picked":["theMarked:Convert","theMarked:Generate","theMarked:RepellingDischarge"],"picked":"SKIP","floor":14},{"not_picked":["theMarked:Defy","theMarked:FavorableWinds"],"picked":"theMarked:Abjuration","floor":16},{"not_picked":["theMarked:TwofoldDefense","theMarked:CreepingChasm"],"picked":"theMarked:StartUp","floor":18},{"not_picked":["theMarked:ElementalBlade","theMarked:PowerFlow"],"picked":"theMarked:ChainLightning+1","floor":19},{"not_picked":["theMarked:RepellingDischarge","theMarked:AttractMetal"],"picked":"theMarked:WardOff+1","floor":22},{"not_picked":["theMarked:TakeCover","theMarked:Seal"],"picked":"theMarked:BanishingStrike","floor":24},{"not_picked":["theMarked:Reabsorb","theMarked:Seal","theMarked:ChainLightning+1"],"picked":"SKIP","floor":27},{"not_picked":["theMarked:Opportunist+1","theMarked:SwordAndMagic","theMarked:ElementalBlade"],"picked":"SKIP","floor":29},{"not_picked":["theMarked:Generate+1","theMarked:Aftermath+1"],"picked":"theMarked:TakeOffHeels","floor":31}],"player_experience":418165,"relics_obtained":[{"floor":5,"key":"Darkstone Periapt"},{"floor":6,"key":"ReplayTheSpireMod:TigerMarble"},{"floor":24,"key":"conspire:Flyswatter"},{"floor":26,"key":"Smiling Mask"},{"floor":27,"key":"Vajra"},{"floor":31,"key":"Whetstone"}],"event_choices":[{"damage_healed":0,"gold_gain":0,"player_choice":"Take Damage","damage_taken":17,"relics_obtained":["Golden Idol"],"max_hp_gain":0,"max_hp_loss":0,"event_name":"Golden Idol","floor":12,"gold_loss":0},{"damage_healed":0,"gold_gain":0,"cards_transformed":["theMarked:SoldierOfQuellstein"],"player_choice":"Transformed","damage_taken":0,"max_hp_gain":0,"max_hp_loss":0,"event_name":"Transmorgrifier","floor":21,"gold_loss":0,"cards_obtained":["theMarked:Polarize"]},{"cards_removed":["theMarked:Strike"],"damage_healed":0,"gold_gain":0,"player_choice":"Upgrade and Remove","damage_taken":0,"max_hp_gain":0,"max_hp_loss":0,"event_name":"Designer","floor":28,"gold_loss":90,"cards_upgraded":["theMarked:ComboAttacks"]}],"is_beta":false,"boss_relics":[{"not_picked":["conspire:RunicOctahedron","halation:MonkeysPaw"],"picked":"Ring of Chaos"}],"items_purged_floors":[20],"is_endless":false,"potions_floor_spawned":[2,4,7,11,14,16,19,22,27],"killed_by":"Collector","ascension_level":0}}