{"host":"k7udt7atmcuzf6l0","time":1609745539,"event":{"mods":["AchievementEnabler","BaseMod","Colored Map","Colored Powertips","Highlight Path","Minty Spire (QoL Compilation)","Quick Restart","Rare Cards Sparkle","StSLib","UnlockEverythingMod"],"gold_per_floor":[109,122,20,36,36,36,64,64,118,145,145,162,179,195,195,292,292,302,315,332,332,104,104,134,134,158,257,257,257,275,190,190,285,285,295,9,9,24,0,0,28,28,28,28,44,44,56,71,71,71],"floor_reached":51,"playtime":1455,"items_purged":["Writhe"],"score":730,"play_id":"e065b6dc-c9f6-4ad1-8c0f-3a79063468d7","local_time":"20210104153219","is_ascension_mode":false,"campfire_choices":[{"data":"Inflame","floor":6.0,"key":"SMITH"},{"data":"Dual Wield","floor":8.0,"key":"SMITH"},{"data":"Sword Boomerang","floor":11.0,"key":"SMITH"},{"data":"Whirlwind","floor":15.0,"key":"SMITH"},{"data":"Limit Break","floor":23,"key":"SMITH"},{"data":"Battle Trance","floor":25,"key":"SMITH"},{"data":"Reaper","floor":29,"key":"SMITH"},{"floor":32,"key":"REST"},{"data":"Berserk","floor":40,"key":"SMITH"},{"data":"Burning Pact","floor":42,"key":"SMITH"},{"data":"Seeing Red","floor":44,"key":"SMITH"},{"floor":49,"key":"REST"}],"circlet_count":0,"master_deck":["Strike_R","Strike_R","Strike_R","Strike_R","Defend_R","Bash","Dual Wield+1","Hemokinesis","Inflame+1","Sword Boomerang+1","Whirlwind+1","Battle Trance+1","Limit Break+1","Limit Break+1","Clothesline+1","Spot Weakness+1","Bloodletting+1","Burning Pact+1","Seeing Red+1","Reaper+1","Armaments+1","Heavy Blade+1","Berserk+1","Infernal Blade+1","Rampage+1","Seeing Red+1","Enlightenment","Cleave+1","Body Slam+1"],"relics":["Burning Blood","NeowsBlessing","Orichalcum","Potion Belt","Red Skull","Bottled Lightning","Astrolabe","Pocketwatch","Bronze Scales","Lantern","Bag of Preparation","Sozu","Ginger","Red Mask","Omamori","Mercury Hourglass"],"acts_visited":["Exordium","TheCity","TheBeyond"],"potions_floor_usage":[20,33],"damage_taken":[{"damage":0.0,"enemies":"Small Slimes","floor":1.0,"turns":1.0},{"damage":0.0,"enemies":"Cultist","floor":2.0,"turns":1.0},{"damage":0.0,"enemies":"2 Louse","floor":4.0,"turns":1.0},{"damage":10.0,"enemies":"Gremlin Nob","floor":7.0,"turns":4.0},{"damage":8.0,"enemies":"3 Sentries","floor":10.0,"turns":4.0},{"damage":0.0,"enemies":"Looter","floor":12.0,"turns":3.0},{"damage":14.0,"enemies":"Large Slime","floor":13.0,"turns":5.0},{"damage":5.0,"enemies":"2 Fungi Beasts","floor":14.0,"turns":3.0},{"damage":39.0,"enemies":"Hexaghost","floor":16.0,"turns":7.0},{"damage":18.0,"enemies":"2 Thieves","floor":18.0,"turns":4.0},{"damage":9,"enemies":"Spheric Guardian","floor":19,"turns":3},{"damage":28,"enemies":"3 Cultists","floor":20,"turns":4},{"damage":33,"enemies":"Gremlin Leader","floor":24,"turns":4},{"damage":30,"enemies":"Sentry and Sphere","floor":30,"turns":5},{"damage":15,"enemies":"Automaton","floor":33,"turns":4},{"damage":9,"enemies":"Orb Walker","floor":35,"turns":2},{"damage":55,"enemies":"3 Darklings","floor":38,"turns":3},{"damage":29,"enemies":"Reptomancer","floor":41,"turns":3},{"damage":26,"enemies":"4 Shapes","floor":45,"turns":3},{"damage":0,"enemies":"Transient","floor":47,"turns":5},{"damage":47,"enemies":"Spire Growth","floor":48,"turns":4},{"damage":57,"enemies":"Awakened One","floor":50,"turns":6}],"seed_played":"5409192845795526863","potions_obtained":[{"floor":4.0,"key":"LiquidBronze"},{"floor":7.0,"key":"LiquidMemories"},{"floor":10.0,"key":"EssenceOfSteel"},{"floor":14.0,"key":"BlessingOfTheForge"},{"floor":18.0,"key":"DistilledChaos"},{"floor":30,"key":"Regen Potion"}],"is_trial":false,"path_per_floor":["M","M","$","M","?","R","E","R","T","E","R","M","M","M","R","B",null,"M","M","M","?","$","R","E","R","T","?","?","R","M","?","R","B",null,"M","$","?","M","?","R","E","R","T","R","M","?","M","M","R","B",null],"character_chosen":"IRONCLAD","items_purchased":["Inflame","Sword Boomerang","Reaper","Ginger"],"campfire_rested":2,"item_purchase_floors":[3,3,22,36],"current_hp_per_floor":[80,80,80,80,80,80,76,76,76,74,74,80,72,73,73,40,80,68,65,43,43,43,43,41,41,41,41,41,41,17,17,41,44,80,80,80,80,67,67,67,57,57,57,57,76,76,80,39,63,80],"gold":71,"neow_bonus":"THREE_ENEMY_KILL","is_daily":false,"chose_seed":false,"campfire_upgraded":10,"win_rate":0.0,"timestamp":1609745539,"path_taken":["M","M","$","M","?","R","E","R","T","E","R","M","M","?","R","BOSS","M","M","M","?","$","R","E","R","T","?","?","R","M","?","R","BOSS","M","$","?","M","?","R","E","R","T","R","M","?","M","?","R","BOSS"],"items_purchased_type":["Card","Card","Card","Relic"],"build_version":"2020-12-22","purchased_purges":1,"victory":true,"max_hp_per_floor":[80,80,80,80,80,80,80,80,80,80,80,80,80,80,80,80,80,80,80,80,80,80,80,80,80,80,80,80,80,80,80,80,80,80,80,80,80,80,80,80,80,80,80,80,80,80,80,80,80,80],"card_choices":[{"not_picked":["Heavy Blade","Cleave"],"picked":"Dual Wield","floor":1.0},{"not_picked":["Rampage","Anger"],"picked":"Hemokinesis","floor":2.0},{"not_picked":["Carnage","Shrug It Off","Wild Strike"],"picked":"SKIP","floor":4.0},{"not_picked":["Iron Wave","Combust","Ghostly Armor"],"picked":"SKIP","floor":7.0},{"not_picked":["Disarm","Clothesline","Sword Boomerang"],"picked":"SKIP","floor":10.0},{"not_picked":["Havoc","Thunderclap","Anger"],"picked":"SKIP","floor":12.0},{"not_picked":["Uppercut","Inflame"],"picked":"Whirlwind","floor":13.0},{"not_picked":["Brutality","Twin Strike"],"picked":"Battle Trance","floor":14.0},{"not_picked":["Barricade","Corruption"],"picked":"Limit Break","floor":16.0},{"not_picked":["Fire Breathing","Thunderclap"],"picked":"Bloodletting+1","floor":18.0},{"not_picked":["Armaments","Iron Wave"],"picked":"Burning Pact","floor":19},{"not_picked":["True Grit","Pummel"],"picked":"Seeing Red","floor":20},{"not_picked":["Rampage","Berserk"],"picked":"Armaments+1","floor":24},{"not_picked":["Fire Breathing+1","Pummel"],"picked":"Heavy Blade+1","floor":30},{"not_picked":["Exhume","Immolate"],"picked":"Berserk","floor":33},{"not_picked":["Thunderclap","Havoc+1"],"picked":"Infernal Blade+1","floor":35},{"not_picked":["True Grit","Flame Barrier"],"picked":"Rampage+1","floor":38},{"not_picked":["Power Through","Hemokinesis+1","Sever Soul+1"],"picked":"SKIP","floor":41},{"not_picked":["Entrench+1","Cleave"],"picked":"Seeing Red+1","floor":45},{"not_picked":["Mind Blast","Transmutation"],"picked":"Enlightenment","floor":46},{"not_picked":["Wild Strike+1","Clothesline"],"picked":"Cleave+1","floor":47},{"not_picked":["Heavy Blade+1","Havoc+1"],"picked":"Body Slam+1","floor":48}],"player_experience":43363,"relics_obtained":[{"floor":7.0,"key":"Potion Belt"},{"floor":9.0,"key":"Red Skull"},{"floor":10.0,"key":"Bottled Lightning"},{"floor":24,"key":"Bronze Scales"},{"floor":26,"key":"Lantern"},{"floor":41,"key":"Omamori"},{"floor":43,"key":"Mercury Hourglass"}],"event_choices":[{"damage_healed":0.0,"max_hp_gain":0.0,"max_hp_loss":0.0,"gold_gain":0.0,"event_name":"WeMeetAgain","player_choice":"Gave Potion","floor":5.0,"gold_loss":0.0,"damage_taken":0.0,"relics_obtained":["Orichalcum"]},{"damage_healed":0,"gold_gain":0,"player_choice":"Opened","damage_taken":0,"relics_obtained":["Pocketwatch"],"max_hp_gain":0,"max_hp_loss":0,"event_name":"The Mausoleum","floor":21,"gold_loss":0,"cards_obtained":["Writhe"]},{"damage_healed":0,"gold_gain":99,"player_choice":"Stole From Cult","damage_taken":0,"max_hp_gain":0,"max_hp_loss":0,"event_name":"Nest","floor":27,"gold_loss":0},{"damage_healed":0,"gold_gain":0,"player_choice":"Ignored","damage_taken":0,"max_hp_gain":0,"max_hp_loss":0,"event_name":"Vampires","floor":28,"gold_loss":0},{"damage_healed":0,"gold_gain":0,"player_choice":"Obtained Relic","damage_taken":0,"relics_obtained":["Bag of Preparation"],"max_hp_gain":0,"max_hp_loss":0,"event_name":"Addict","floor":31,"gold_loss":85},{"cards_removed":["Defend_R"],"damage_healed":0,"gold_gain":0,"player_choice":"Removed Skill","damage_taken":0,"max_hp_gain":0,"max_hp_loss":0,"event_name":"Falling","floor":37,"gold_loss":0},{"damage_healed":0,"gold_gain":0,"player_choice":"Paid","damage_taken":0,"relics_obtained":["Red Mask"],"max_hp_gain":0,"max_hp_loss":0,"event_name":"Tomb of Lord Red Mask","floor":39,"gold_loss":24},{"damage_healed":0,"gold_gain":0,"player_choice":"Memory 1","damage_taken":0,"max_hp_gain":0,"max_hp_loss":0,"event_name":"SensoryStone","floor":46,"gold_loss":0}],"is_beta":false,"boss_relics":[{"not_picked":["Pandora\u0027s Box","Velvet Choker"],"picked":"Astrolabe"},{"not_picked":["Runic Cube","Snecko Eye"],"picked":"Sozu"}],"items_purged_floors":[22],"is_endless":false,"potions_floor_spawned":[4,7,10,14,18,30,35,45],"ascension_level":0}}