{"host":"867cnhxguf2bzj4x","time":1609786519,"event":{"mods":["BaseMod","BetterRewards","GifTheSpireLib","Minty Spire (QoL Compilation)","Replay The Spire","StSLib","The Bug Knight","The Cursed","The Necromancer"],"gold_per_floor":[109,109,129,149,351,351,363,363,363,313,313,330,330,343,343,446,446,459,459,479,495,505,505,306,306,306,306,341,291,291,305,305,406,406,417,464,479,490,107,107,120,151,175,175,175,203,223,234,234,234],"floor_reached":51,"playtime":2261,"items_purged":["Strike_G","Defend_G","Footwork","Well Laid Plans","Hidden Blade"],"score":783,"play_id":"76fd0652-4f23-4e25-9cc8-1198ebd35f4b","local_time":"20210104195519","is_ascension_mode":true,"campfire_choices":[{"floor":6,"key":"REST"},{"data":"Prepared","floor":8,"key":"SMITH"},{"floor":15,"key":"REST"},{"data":"Cloak And Dagger","floor":23,"key":"SMITH"},{"floor":25,"key":"REST"},{"data":"Distraction","floor":27,"key":"SMITH"},{"data":"Cloak And Dagger","floor":30,"key":"SMITH"},{"floor":32,"key":"REST"},{"floor":40,"key":"REST"},{"floor":49,"key":"REST"}],"circlet_count":0,"master_deck":["Accuracy","Cloak And Dagger+1","Accuracy","Accuracy","Infinite Blades","Leap","Beam Cell","Prepared+1","Burst","Cloak And Dagger+1","After Image","Storm of Steel","Flying Knee","Escape Plan","Infinite Blades","Distraction+1","Blade Dance","Cloak And Dagger+1","Adrenaline","Dramatic Entrance"],"relics":["Ring of the Snake","Shuriken","Gambling Chip","Smiling Mask","ReplayTheSpireMod:Ring of Challenge","Bag of Preparation","Pandora\u0027s Box","Orrery","Garlic","Bottled Tornado","Painkiller Herb","Replay:Multitool","ReplayTheSpireMod:Ninjato","Strawberry","Pear"],"acts_visited":["Exordium","TheCity","TheBeyond"],"potions_floor_usage":[16,36,36,36,46,48,50],"damage_taken":[{"damage":3,"enemies":"Small Slimes","floor":1,"turns":4},{"damage":2,"enemies":"2 Louse","floor":3,"turns":3},{"damage":2,"enemies":"Jaw Worm","floor":4,"turns":3},{"damage":5,"enemies":"Blue Slaver","floor":7,"turns":6},{"damage":4,"enemies":"Exordium Wildlife","floor":12,"turns":4},{"damage":1,"enemies":"Looter","floor":14,"turns":3},{"damage":24,"enemies":"The Guardian","floor":16,"turns":7},{"damage":0,"enemies":"Chosen","floor":18,"turns":3},{"damage":23,"enemies":"2 Thieves","floor":20,"turns":3},{"damage":16,"enemies":"3 Cultists","floor":21,"turns":4},{"damage":0,"enemies":"Snecko","floor":22,"turns":4},{"damage":0,"enemies":"Book of Stabbing","floor":28,"turns":4},{"damage":2,"enemies":"Chosen and Byrds","floor":31,"turns":3},{"damage":0,"enemies":"Collector","floor":33,"turns":6},{"damage":0,"enemies":"3 Shapes","floor":35,"turns":3},{"damage":41,"enemies":"2 Orb Walkers","floor":36,"turns":5},{"damage":11,"enemies":"3 Darklings","floor":37,"turns":3},{"damage":0,"enemies":"Transient","floor":38,"turns":5},{"damage":2,"enemies":"Sphere and 2 Shapes","floor":41,"turns":3},{"damage":0,"enemies":"Giant Head","floor":42,"turns":3},{"damage":0,"enemies":"Reptomancer","floor":46,"turns":3},{"damage":0,"enemies":"Maw","floor":47,"turns":3},{"damage":9,"enemies":"Spire Growth","floor":48,"turns":3},{"damage":0,"enemies":"Replay:Hell Engine","floor":50,"turns":4}],"seed_played":"-3136695305676595439","potions_obtained":[{"floor":4,"key":"LiquidMemories"},{"floor":16,"key":"PowerPotion"},{"floor":21,"key":"EssenceOfSteel"},{"floor":22,"key":"Dexterity Potion"},{"floor":36,"key":"DistilledChaos"},{"floor":38,"key":"GamblersBrew"},{"floor":41,"key":"Weak Potion"},{"floor":46,"key":"LiquidBronze"}],"is_trial":false,"path_per_floor":["M","?","M","M","?","R","M","R","T","$","?","M","T","M","R","B",null,"M","?","M","M","M","R","$","R","T","R","E","$","R","M","R","B",null,"?","?","?","?","T","T","?","E","T","?","?","E","?","?","T","B",null],"character_chosen":"THE_SILENT","items_purchased":["Accuracy","Shuriken","Cloak And Dagger","Accuracy","Orrery","ReplayTheSpireMod:Ninjato","Dramatic Entrance"],"campfire_rested":6,"item_purchase_floors":[0,0,0,0,24,39,39],"current_hp_per_floor":[35,35,33,31,14,35,30,30,30,30,30,26,26,25,46,22,70,70,70,47,31,31,31,31,52,52,52,52,52,52,50,70,70,70,70,29,18,18,18,39,37,44,44,44,44,54,54,45,71,71],"gold":234,"neow_bonus":"","is_daily":false,"chose_seed":false,"campfire_upgraded":4,"win_rate":0.0,"timestamp":1609786519,"path_taken":["M","?","M","M","?","R","?","R","T","$","?","M","?","M","R","BOSS","M","?","M","?","M","R","$","R","T","R","E","$","R","M","R","BOSS","?","?","?","?","T","T","?","E","T","?","?","E","?","?","T","BOSS"],"items_purchased_type":["Card","Relic","Card","Card","Relic","Relic","Card"],"build_version":"2020-12-22","purchased_purges":5,"victory":true,"max_hp_per_floor":[70,70,70,70,70,70,70,70,70,70,70,70,70,70,70,70,70,70,70,70,70,70,70,70,70,70,70,70,70,70,70,70,70,70,70,70,70,70,70,70,70,77,77,77,77,87,87,87,87,87],"card_choices":[{"not_picked":["Flechettes","Acrobatics"],"picked":"Infinite Blades","floor":1},{"not_picked":["Endless Agony","Outmaneuver"],"picked":"Hidden Blade","floor":3},{"not_picked":["Outmaneuver","Dodge and Roll"],"picked":"Hidden Blade","floor":4},{"not_picked":["ReplayTheSpireMod:Exploit Weakness","Draining Mist"],"picked":"Prepared","floor":7},{"not_picked":["ReplayTheSpireMod:Exploit Weakness","Dagger Throw","Endless Agony"],"picked":"SKIP","floor":12},{"not_picked":["Sucker Punch","Calculated Gamble","Doppelganger"],"picked":"SKIP","floor":14},{"not_picked":["Glass Knife","Wraith Form v2"],"picked":"Burst","floor":16},{"not_picked":["Replay:Poison Smokescreen","Dagger Spray+1","Acrobatics"],"picked":"SKIP","floor":18},{"not_picked":["Sneak Up+1","Prepared+1"],"picked":"Infinite Blades","floor":20},{"not_picked":["Heel Hook","Sucker Punch","Terror"],"picked":"SKIP","floor":21},{"not_picked":["Slice","ReplayTheSpireMod:Tripwire","Concentrate"],"picked":"SKIP","floor":22},{"not_picked":["Doppelganger","ReplayTheSpireMod:Scrap Shanks"],"picked":"Distraction","floor":24},{"not_picked":["ReplayTheSpireMod:Shiv Toss+1","Dash"],"picked":"Blade Dance","floor":24},{"not_picked":["Sucker Punch","Bane"],"picked":"Cloak And Dagger+1","floor":28},{"not_picked":["Poisoned Stab","Backflip","Deadly Poison+1"],"picked":"SKIP","floor":31},{"not_picked":["Underhanded Strike+1","Dagger Throw+1","Riddle With Holes"],"picked":"SKIP","floor":35},{"not_picked":["Hidden Blade+1","Toxin Wave"],"picked":"Adrenaline","floor":37},{"not_picked":["Sucker Punch","ReplayTheSpireMod:Scrap Shanks+1","Skewer"],"picked":"SKIP","floor":38},{"not_picked":["Cloak And Dagger+1","Predator","Toxin Wave+1"],"picked":"SKIP","floor":41},{"not_picked":["Dash","Noxious Fumes+1","Endless Agony+1"],"picked":"SKIP","floor":42},{"not_picked":["Catalyst","Leg Sweep","Dagger Throw"],"picked":"SKIP","floor":46},{"not_picked":["Bane+1","Well Laid Plans+1","Crippling Poison+1"],"picked":"SKIP","floor":47},{"not_picked":["Underhanded Strike","Slice+1","Acrobatics+1"],"picked":"SKIP","floor":48}],"player_experience":93359,"relics_obtained":[{"floor":9,"key":"Smiling Mask"},{"floor":11,"key":"ReplayTheSpireMod:Ring of Challenge"},{"floor":13,"key":"Bag of Preparation"},{"floor":26,"key":"Garlic"},{"floor":28,"key":"Bottled Tornado"},{"floor":36,"key":"Replay:Multitool"},{"floor":42,"key":"Strawberry"},{"floor":46,"key":"Pear"}],"event_choices":[{"cards_removed":["Sneak Up"],"damage_healed":0,"gold_gain":0,"player_choice":"Purged","damage_taken":0,"max_hp_gain":0,"max_hp_loss":0,"event_name":"Purifier","floor":19,"gold_loss":0},{"damage_healed":0,"gold_gain":0,"player_choice":"Fight","damage_taken":0,"max_hp_gain":0,"max_hp_loss":0,"event_name":"Mysterious Sphere","floor":36,"gold_loss":0},{"cards_removed":["Hidden Blade"],"damage_healed":0,"gold_gain":0,"player_choice":"Removed Skill","damage_taken":0,"max_hp_gain":0,"max_hp_loss":0,"event_name":"Falling","floor":44,"gold_loss":0},{"damage_healed":0,"gold_gain":0,"player_choice":"0 cards matched","damage_taken":0,"max_hp_gain":0,"max_hp_loss":0,"event_name":"Match and Keep!","floor":45,"gold_loss":0,"cards_obtained":[]}],"is_beta":false,"boss_relics":[{"not_picked":["Calling Bell","Runic Pyramid"],"picked":"Pandora\u0027s Box"},{"not_picked":["Tiny House","Runic Dome"],"picked":"Painkiller Herb"}],"items_purged_floors":[0,10,24,29,39],"is_endless":false,"potions_floor_spawned":[4,16,21,22,28,33,36,38,41,46,47],"ascension_level":2}}