{"host":"ji1fk25fd1ga4ji1","time":1609802478,"event":{"mods":["2.2 Compatiblity","BaseMod","Colored Map","DeckTracker","Minty Spire (QoL Compilation)","Permanent Neow","Quick Restart","StSLib","SuperFastMode"],"gold_per_floor":[13,13,37,58,82,82,105,30,30,73,73,97,172,215,215,344,344,364,364,382,262,276,276,320,320,344,357,357,357,357,381,381,501,501,525,543,169,182,182,182,217,217,217,241,581,332,371,390,390,390],"floor_reached":51,"playtime":1138,"items_purged":["Strike_R","Defend_R","Strike_R","Strike_R"],"score":879,"play_id":"b4fde5eb-01d8-4701-a5e1-a15e9f1f053a","local_time":"20210105082118","is_ascension_mode":true,"campfire_choices":[{"data":"Inflame","floor":6.0,"key":"SMITH"},{"data":"Limit Break","floor":11.0,"key":"SMITH"},{"data":"Heavy Blade","floor":15.0,"key":"SMITH"},{"data":"Heavy Blade","floor":23.0,"key":"SMITH"},{"data":"Inflame","floor":25.0,"key":"SMITH"},{"floor":28.0,"key":"REST"},{"data":"Pommel Strike","floor":30.0,"key":"SMITH"},{"floor":32.0,"key":"REST"},{"floor":40.0,"key":"REST"},{"floor":42.0,"key":"REST"},{"floor":49,"key":"REST"}],"circlet_count":0,"master_deck":["Strike_R","Bash","Perfected Strike","Wild Strike","Pommel Strike+1","Limit Break+1","Inflame+1","Heavy Blade+1","Heavy Blade+1","Reaper","Feed","Dual Wield+1","Whirlwind+1","Body Slam+1","Inflame+1","Rupture","Feed+1","Burning Pact+1","Berserk","Sword Boomerang+1","Inflame","Twin Strike+1"],"relics":["Burning Blood","Prayer Wheel","Golden Idol","Meat on the Bone","Potion Belt","The Courier","Astrolabe","Molten Egg 2","Bag of Preparation","Fusion Hammer","Mummified Hand","Ornamental Fan","Gambling Chip","Old Coin","Girya"],"acts_visited":["Exordium","TheCity","TheBeyond"],"potions_floor_usage":[47,50,50,50,50,50,50,50,50,50,50],"damage_taken":[{"damage":6.0,"enemies":"2 Louse","floor":1.0,"turns":4.0},{"damage":1.0,"enemies":"Jaw Worm","floor":3.0,"turns":3.0},{"damage":5.0,"enemies":"Small Slimes","floor":4.0,"turns":2.0},{"damage":18.0,"enemies":"Gremlin Gang","floor":5.0,"turns":5.0},{"damage":11.0,"enemies":"Blue Slaver","floor":7.0,"turns":4.0},{"damage":18.0,"enemies":"Lagavulin","floor":10.0,"turns":5.0},{"damage":5.0,"enemies":"Exordium Thugs","floor":12.0,"turns":4.0},{"damage":9.0,"enemies":"3 Sentries","floor":14.0,"turns":4.0},{"damage":35.0,"enemies":"Slime Boss","floor":16.0,"turns":7.0},{"damage":10.0,"enemies":"Chosen","floor":18.0,"turns":4.0},{"damage":25.0,"enemies":"2 Thieves","floor":20.0,"turns":4.0},{"damage":53.0,"enemies":"Cultist and Chosen","floor":22.0,"turns":5.0},{"damage":83.0,"enemies":"Gremlin Leader","floor":24.0,"turns":7.0},{"damage":48.0,"enemies":"Shelled Parasite and Fungi","floor":27.0,"turns":4.0},{"damage":45.0,"enemies":"3 Cultists","floor":31.0,"turns":4.0},{"damage":85.0,"enemies":"Automaton","floor":33.0,"turns":8.0},{"damage":9.0,"enemies":"3 Shapes","floor":35.0,"turns":10.0},{"damage":46.0,"enemies":"3 Darklings","floor":36.0,"turns":6.0},{"damage":55.0,"enemies":"Writhing Mass","floor":38.0,"turns":4.0},{"damage":56.0,"enemies":"Reptomancer","floor":41.0,"turns":4.0},{"damage":20.0,"enemies":"Jaw Worm Horde","floor":44.0,"turns":3.0},{"damage":38.0,"enemies":"Giant Head","floor":45.0,"turns":5.0},{"damage":83,"enemies":"Reptomancer","floor":47,"turns":5},{"damage":0,"enemies":"Transient","floor":48,"turns":5},{"damage":96,"enemies":"Donu and Deca","floor":50,"turns":4}],"seed_played":"-7382207132428001189","potions_obtained":[{"floor":5.0,"key":"Ancient Potion"},{"floor":10.0,"key":"EntropicBrew"},{"floor":12.0,"key":"DistilledChaos"},{"floor":16.0,"key":"LiquidBronze"},{"floor":20.0,"key":"GamblersBrew"},{"floor":22.0,"key":"GamblersBrew"},{"floor":31.0,"key":"EssenceOfSteel"},{"floor":35.0,"key":"AttackPotion"},{"floor":36.0,"key":"Energy Potion"},{"floor":44.0,"key":"DuplicationPotion"},{"floor":47,"key":"Dexterity Potion"}],"is_trial":false,"path_per_floor":["M","?","M","M","M","R","M","$","T","E","R","M","?","E","R","B",null,"M","?","M","$","M","R","E","R","T","M","R","?","R","M","R","B",null,"M","M","$","M","?","R","E","R","T","M","E","$","E","M","R","B",null],"character_chosen":"IRONCLAD","items_purchased":["BloodPotion","Mummified Hand","EntropicBrew","Inflame","DuplicationPotion","Twin Strike+1"],"campfire_rested":5,"item_purchase_floors":[21,37,37,46,46,46],"current_hp_per_floor":[80,60,65,66,54,54,49,49,49,49,49,50,39,64,64,47,80,76,76,60,76,57,57,60,60,60,47,73,73,73,68,89,25,92,99,85,85,48,48,77,39,68,68,71,84,84,72,78,106,78],"gold":390,"neow_bonus":"ONE_RARE_RELIC","is_daily":false,"chose_seed":false,"campfire_upgraded":6,"win_rate":0.0,"timestamp":1609802478,"path_taken":["M","?","M","M","M","R","M","$","T","E","R","M","?","E","R","BOSS","M","?","M","$","M","R","E","R","T","M","R","?","R","M","R","BOSS","M","M","$","?","?","R","E","R","T","M","E","?","E","M","R","BOSS"],"items_purchased_type":["Potion","Relic","Potion","Card","Potion","Card"],"build_version":"2020-12-22","purchased_purges":4,"victory":true,"max_hp_per_floor":[80,80,80,80,80,80,80,80,80,80,80,80,80,80,80,80,80,80,80,83,83,83,83,86,86,86,89,89,89,89,89,89,92,92,99,99,99,99,99,99,99,99,99,106,106,106,106,106,106,106],"card_choices":[{"not_picked":["Iron Wave","Twin Strike"],"picked":"Perfected Strike","floor":1.0},{"not_picked":["Armaments","Thunderclap"],"picked":"Wild Strike","floor":1.0},{"not_picked":["Warcry","Shrug It Off"],"picked":"Pommel Strike","floor":3.0},{"not_picked":["Clash","Anger","Hemokinesis"],"picked":"SKIP","floor":3.0},{"not_picked":["Reckless Charge","Anger"],"picked":"Limit Break","floor":4.0},{"not_picked":["Anger","Metallicize"],"picked":"Inflame","floor":4.0},{"not_picked":["Clash","Iron Wave"],"picked":"Heavy Blade","floor":5.0},{"not_picked":["Metallicize","Shrug It Off","Havoc"],"picked":"SKIP","floor":5.0},{"not_picked":["Sword Boomerang","Clothesline","Flex"],"picked":"SKIP","floor":7.0},{"not_picked":["Iron Wave","Flex","Entrench"],"picked":"SKIP","floor":7.0},{"not_picked":["Pommel Strike","Thunderclap"],"picked":"Heavy Blade","floor":10.0},{"not_picked":["Clothesline","Feel No Pain"],"picked":"Reaper","floor":12.0},{"not_picked":["Feel No Pain","Perfected Strike","Flex"],"picked":"SKIP","floor":12.0},{"not_picked":["Bludgeon","Clash","Pommel Strike"],"picked":"SKIP","floor":14.0},{"not_picked":["Brutality","Barricade"],"picked":"Feed","floor":16.0},{"not_picked":["Clash","Wild Strike"],"picked":"Inflame","floor":18.0},{"not_picked":["Clothesline","Havoc","Cleave"],"picked":"SKIP","floor":18.0},{"not_picked":["Fire Breathing","Metallicize","Warcry"],"picked":"SKIP","floor":20.0},{"not_picked":["Iron Wave","Sword Boomerang","Rampage+1"],"picked":"SKIP","floor":20.0},{"not_picked":["Metallicize","Shockwave+1","Heavy Blade"],"picked":"SKIP","floor":22.0},{"not_picked":["Shrug It Off+1","Dark Embrace","Armaments+1"],"picked":"SKIP","floor":22.0},{"not_picked":["Warcry+1","Demon Form","Seeing Red"],"picked":"SKIP","floor":24.0},{"not_picked":["Combust","Havoc","Cleave+1"],"picked":"SKIP","floor":27.0},{"not_picked":["Infernal Blade","Ghostly Armor","Shrug It Off"],"picked":"SKIP","floor":27.0},{"not_picked":["True Grit+1","Body Slam+1","Juggernaut"],"picked":"SKIP","floor":31.0},{"not_picked":["Dual Wield","Shockwave","Sentinel"],"picked":"SKIP","floor":31.0},{"not_picked":["Corruption","Barricade"],"picked":"Feed+1","floor":33.0},{"not_picked":["Warcry+1","Thunderclap+1","Wild Strike+1"],"picked":"SKIP","floor":35.0},{"not_picked":["Wild Strike+1","Reckless Charge+1","Impervious"],"picked":"SKIP","floor":35.0},{"not_picked":["Rupture","Thunderclap+1"],"picked":"Burning Pact+1","floor":36.0},{"not_picked":["Pommel Strike+1","Rage+1","Seeing Red"],"picked":"SKIP","floor":36.0},{"not_picked":["Shrug It Off+1","Fire Breathing","Sever Soul+1"],"picked":"SKIP","floor":38.0},{"not_picked":["Perfected Strike+1","Anger+1","Uppercut+1"],"picked":"SKIP","floor":38.0},{"not_picked":["Pommel Strike+1","Berserk","Second Wind+1"],"picked":"SKIP","floor":41.0},{"not_picked":["Pommel Strike+1","Second Wind+1"],"picked":"Berserk","floor":41.0},{"not_picked":["Clash+1","Warcry+1"],"picked":"Sword Boomerang+1","floor":44.0},{"not_picked":["Armaments+1","Havoc+1","Sword Boomerang+1"],"picked":"SKIP","floor":44.0},{"not_picked":["Shrug It Off","Power Through+1","Rupture"],"picked":"SKIP","floor":45.0},{"not_picked":["Warcry","Feed+1","Flame Barrier"],"picked":"SKIP","floor":47},{"not_picked":["Fire Breathing","Intimidate","Iron Wave+1"],"picked":"SKIP","floor":48},{"not_picked":["Heavy Blade+1","True Grit","Clothesline+1"],"picked":"SKIP","floor":48}],"player_experience":1239129,"relics_obtained":[{"floor":9.0,"key":"Meat on the Bone"},{"floor":10.0,"key":"Potion Belt"},{"floor":14.0,"key":"The Courier"},{"floor":24.0,"key":"Molten Egg 2"},{"floor":26.0,"key":"Bag of Preparation"},{"floor":41.0,"key":"Ornamental Fan"},{"floor":43.0,"key":"Gambling Chip"},{"floor":45.0,"key":"Old Coin"},{"floor":47,"key":"Girya"}],"event_choices":[{"damage_healed":0.0,"max_hp_gain":0.0,"max_hp_loss":0.0,"gold_gain":0.0,"event_name":"Golden Idol","player_choice":"Take Damage","floor":2.0,"gold_loss":0.0,"damage_taken":20.0,"relics_obtained":["Golden Idol"]},{"damage_healed":0.0,"max_hp_gain":0.0,"max_hp_loss":0.0,"gold_gain":75.0,"event_name":"World of Goop","player_choice":"Gather Gold","floor":13.0,"gold_loss":0.0,"damage_taken":11.0},{"damage_healed":0.0,"max_hp_gain":0.0,"max_hp_loss":0.0,"gold_gain":0.0,"event_name":"Cursed Tome","player_choice":"Ignored","floor":19.0,"gold_loss":0.0,"damage_taken":0.0},{"damage_healed":0.0,"max_hp_gain":0.0,"max_hp_loss":0.0,"gold_gain":0.0,"cards_transformed":["Defend_R"],"event_name":"Transmorgrifier","player_choice":"Transformed","floor":29.0,"gold_loss":0.0,"damage_taken":0.0,"cards_obtained":["Rupture"]},{"damage_healed":0.0,"max_hp_gain":0.0,"max_hp_loss":0.0,"gold_gain":0.0,"event_name":"The Woman in Blue","player_choice":"Bought 0 Potions","floor":39.0,"gold_loss":0.0,"damage_taken":0.0}],"is_beta":false,"boss_relics":[{"not_picked":["Velvet Choker","Snecko Eye"],"picked":"Astrolabe"},{"not_picked":["Runic Pyramid","Calling Bell"],"picked":"Fusion Hammer"}],"items_purged_floors":[8,21,37,46],"is_endless":false,"potions_floor_spawned":[5,10,12,16,20,22,31,35,36,38,44,47],"ascension_level":1}}