{"host":"Bilverbakes","time":1609728507,"event":{"mods":["2.2 Compatiblity","AchievementEnabler","BaseMod","Bestiary","Colored Map","Minty Spire (QoL Compilation)","Relic Stats","StSLib","ojb\u0027s Info Mod"],"gold_per_floor":[119,44,44,61,73,73,100,115,192,210,226,246,171,205,205,281,281,293,293,307,307,321,321,321],"floor_reached":23,"playtime":1676,"items_purged":["Strike_B"],"score":390,"play_id":"9096e78d-94bf-47fc-a4c2-353df4797e68","local_time":"20210103204827","is_ascension_mode":true,"campfire_choices":[{"data":"Rip and Tear","floor":6,"key":"SMITH"},{"data":"Biased Cognition","floor":15,"key":"SMITH"}],"circlet_count":0,"master_deck":["AscendersBane","Defend_B+1","Defend_B+1","Defend_B","Zap","Dualcast","Undo","Rip and Tear+1","Go for the Eyes","Compile Driver","Core Surge","Biased Cognition+1","Conserve Battery","Hologram","Steam","Biased Cognition","Doom and Gloom","Fusion","Steam Power","BootSequence"],"relics":["Cracked Core","Ginger","Singing Bowl","War Paint","Coffee Dripper"],"acts_visited":["Exordium","TheCity"],"potions_floor_usage":[10,14,18,23,23],"damage_taken":[{"damage":1,"enemies":"Cultist","floor":1,"turns":3},{"damage":3,"enemies":"2 Louse","floor":4,"turns":2},{"damage":0,"enemies":"Small Slimes","floor":5,"turns":3},{"damage":8,"enemies":"Gremlin Nob","floor":7,"turns":3},{"damage":3,"enemies":"Blue Slaver","floor":8,"turns":3},{"damage":0,"enemies":"3 Louse","floor":10,"turns":2},{"damage":0,"enemies":"Exordium Wildlife","floor":11,"turns":4},{"damage":5,"enemies":"Large Slime","floor":12,"turns":4},{"damage":10,"enemies":"3 Sentries","floor":14,"turns":5},{"damage":12,"enemies":"Hexaghost","floor":16,"turns":10},{"damage":29,"enemies":"3 Byrds","floor":18,"turns":5},{"damage":6,"enemies":"Chosen","floor":20,"turns":5},{"damage":11,"enemies":"Sentry and Sphere","floor":22,"turns":5},{"damage":0,"enemies":"Gremlin Leader","floor":23,"turns":2}],"seed_played":"7930109999813418945","potions_obtained":[{"floor":1,"key":"SkillPotion"},{"floor":4,"key":"Block Potion"},{"floor":10,"key":"SmokeBomb"},{"floor":12,"key":"Fire Potion"},{"floor":16,"key":"PotionOfCapacity"},{"floor":18,"key":"EntropicBrew"}],"is_trial":false,"path_per_floor":["M","?","?","M","M","R","E","M","T","M","M","M","$","E","R","B",null,"M","?","M","$","M","E"],"character_chosen":"DEFECT","items_purchased":[],"campfire_rested":0,"item_purchase_floors":[],"current_hp_per_floor":[70,70,70,67,67,67,59,56,56,56,58,53,53,43,43,31,68,39,39,33,33,24,24,24],"gold":321,"neow_bonus":"TEN_PERCENT_HP_BONUS","is_daily":false,"chose_seed":false,"campfire_upgraded":2,"win_rate":0.0,"timestamp":1609728507,"path_taken":["M","?","?","M","M","R","E","?","T","M","M","M","$","E","R","BOSS","M","?","M","$","M","E"],"items_purchased_type":[],"build_version":"2020-12-18","purchased_purges":1,"victory":false,"max_hp_per_floor":[78,78,78,78,78,78,78,78,78,78,80,80,80,80,80,80,80,80,80,80,80,82,82,82],"relic_stats":{"Singing Bowl":4,"counters":[14,56],"Ginger":[5],"War Paint":["Defend_B","Defend_B"],"obtain_stats":[{"Singing Bowl":9,"Coffee Dripper":17,"Ginger":7,"War Paint":14,"Cracked Core":0},{"Singing Bowl":5,"Coffee Dripper":10,"Ginger":4,"War Paint":9,"Cracked Core":0},{"Singing Bowl":14,"Coffee Dripper":39,"Ginger":11,"War Paint":29,"Cracked Core":0}]},"card_choices":[{"not_picked":["Gash","Compile Driver"],"picked":"Undo","floor":1},{"not_picked":["Coolheaded","Loop"],"picked":"Go for the Eyes","floor":4},{"not_picked":["Sweeping Beam","Hologram"],"picked":"Compile Driver","floor":5},{"not_picked":["Rebound","Cold Snap"],"picked":"Core Surge","floor":7},{"not_picked":["Hologram","Barrage"],"picked":"Biased Cognition","floor":8},{"not_picked":["Redo","Steam"],"picked":"Conserve Battery","floor":10},{"not_picked":["Static Discharge","Rebound","Coolheaded"],"picked":"Singing Bowl","floor":11},{"not_picked":["Static Discharge","Turbo"],"picked":"Hologram","floor":12},{"not_picked":["Fusion","Blizzard"],"picked":"Steam","floor":14},{"not_picked":["Buffer","Rainbow"],"picked":"Biased Cognition","floor":16},{"not_picked":["Coolheaded","Capacitor"],"picked":"Doom and Gloom","floor":18},{"not_picked":["Cold Snap","Rebound"],"picked":"BootSequence","floor":20},{"not_picked":["Compile Driver+1","Conserve Battery","Turbo"],"picked":"Singing Bowl","floor":22}],"player_experience":566372,"relics_obtained":[{"floor":7,"key":"Ginger"},{"floor":9,"key":"Singing Bowl"},{"floor":14,"key":"War Paint"}],"event_choices":[{"cards_removed":["Defend_B"],"damage_healed":0,"gold_gain":0,"player_choice":"Card Removal","damage_taken":0,"max_hp_gain":0,"max_hp_loss":0,"event_name":"The Cleric","floor":2,"gold_loss":75},{"damage_healed":0,"gold_gain":0,"cards_transformed":["Strike_B"],"player_choice":"Transformed","damage_taken":0,"max_hp_gain":0,"max_hp_loss":0,"event_name":"Transmorgrifier","floor":3,"gold_loss":0,"cards_obtained":["Rip and Tear"]},{"damage_healed":0,"gold_gain":0,"cards_transformed":["Strike_B","Strike_B"],"player_choice":"Became Test Subject","damage_taken":0,"max_hp_gain":0,"max_hp_loss":0,"event_name":"Drug Dealer","floor":19,"gold_loss":0,"cards_obtained":["Fusion","Steam Power"]}],"is_beta":true,"boss_relics":[{"not_picked":["Nuclear Battery","Black Star"],"picked":"Coffee Dripper"}],"items_purged_floors":[13],"is_endless":false,"potions_floor_spawned":[1,4,10,12,16,18],"killed_by":"Gremlin Leader","ascension_level":18}}