{"host":"f1miojwxaupu79sp","time":1609740572,"event":{"mods":["BaseMod","Better Vampires","Minty Spire (QoL Compilation)","Shop Mod"],"gold_per_floor":[117,117,137,38,54,54,54,74,74,104,119,119,119,130,130,207,207,226,71,89,89,100,100,9,9,9,9,9],"floor_reached":27,"playtime":4590,"items_purged":["Strike_G"],"score":362,"play_id":"dd0aeb0d-78e4-4acd-985f-ccc20c482e6f","local_time":"20210104010932","is_ascension_mode":true,"campfire_choices":[{"data":"Caltrops","floor":6.0,"key":"SMITH"},{"data":"Acrobatics","floor":13.0,"key":"SMITH"},{"floor":15.0,"key":"REST"},{"data":"Calculated Gamble","floor":23.0,"key":"SMITH"},{"data":"Catalyst","floor":25.0,"key":"SMITH"}],"circlet_count":0,"master_deck":["AscendersBane","Defend_G","Defend_G","Defend_G","Defend_G","Survivor","Neutralize","Leg Sweep","Deadly Poison","Concentrate","Quick Slash","Caltrops+1","Cloak And Dagger","Acrobatics+1","Noxious Fumes","Noxious Fumes","Calculated Gamble+1","A Thousand Cuts","Crippling Poison","Crippling Poison","Catalyst+1","Panacea"],"relics":["Ring of the Snake","Lantern","Ornamental Fan","Empty Cage","Snake Skull","Kunai"],"acts_visited":["Exordium","TheCity"],"potions_floor_usage":[27,27],"damage_taken":[{"damage":17.0,"enemies":"Jaw Worm","floor":1.0,"turns":11.0},{"damage":2.0,"enemies":"Cultist","floor":3.0,"turns":4.0},{"damage":0.0,"enemies":"2 Louse","floor":5.0,"turns":3.0},{"damage":5.0,"enemies":"Exordium Thugs","floor":8.0,"turns":7.0},{"damage":11.0,"enemies":"Lagavulin","floor":10.0,"turns":8.0},{"damage":11.0,"enemies":"Large Slime","floor":11.0,"turns":11.0},{"damage":2.0,"enemies":"2 Fungi Beasts","floor":14.0,"turns":4.0},{"damage":6.0,"enemies":"Hexaghost","floor":16.0,"turns":8.0},{"damage":9.0,"enemies":"Spheric Guardian","floor":18.0,"turns":7.0},{"damage":0.0,"enemies":"Shell Parasite","floor":20.0,"turns":5.0},{"damage":18.0,"enemies":"Snecko","floor":22.0,"turns":8.0},{"damage":21,"enemies":"Book of Stabbing","floor":27,"turns":4}],"seed_played":"3115941620988735139","potions_obtained":[{"floor":3.0,"key":"Energy Potion"},{"floor":5.0,"key":"Fire Potion"},{"floor":16.0,"key":"Energy Potion"},{"floor":18.0,"key":"Block Potion"},{"floor":22.0,"key":"BlessingOfTheForge"}],"is_trial":false,"path_per_floor":["M","?","M","$","M","R","$","M","T","E","M","?","R","M","R","B",null,"M","$","M","?","M","R","$","R","T","E"],"character_chosen":"THE_SILENT","items_purchased":["Quick Slash","Snake Skull","Panacea"],"campfire_rested":1,"item_purchase_floors":[4,19,24],"current_hp_per_floor":[42,42,40,40,40,40,40,35,35,24,13,13,13,11,30,24,56,47,47,47,47,29,29,29,29,29,8,8],"gold":9,"neow_bonus":"TRANSFORM_CARD","is_daily":false,"chose_seed":false,"campfire_upgraded":4,"win_rate":0.0,"timestamp":1609740572,"path_taken":["M","?","?","$","M","R","$","M","T","E","?","?","R","M","R","BOSS","M","$","M","?","M","R","$","R","T","E"],"items_purchased_type":["Card","Relic","Card"],"build_version":"2020-12-22","purchased_purges":1,"victory":false,"max_hp_per_floor":[66,66,66,66,66,66,66,66,66,66,66,66,66,66,66,66,66,66,66,66,66,66,66,66,66,66,66,66],"card_choices":[{"not_picked":["Prepared","Bouncing Flask"],"picked":"Deadly Poison","floor":1.0},{"not_picked":["Poisoned Stab","Cloak And Dagger"],"picked":"Concentrate","floor":3.0},{"not_picked":["Distraction","Underhanded Strike"],"picked":"Caltrops","floor":5.0},{"not_picked":["Quick Slash","Infinite Blades"],"picked":"Cloak And Dagger","floor":8.0},{"not_picked":["Riddle With Holes","Deflect"],"picked":"Acrobatics","floor":10.0},{"not_picked":["Outmaneuver","Acrobatics"],"picked":"Noxious Fumes","floor":11.0},{"not_picked":["Cloak And Dagger","Blade Dance"],"picked":"Calculated Gamble","floor":14.0},{"not_picked":["Bullet Time","Tools of the Trade"],"picked":"A Thousand Cuts","floor":16.0},{"not_picked":["PiercingWail","Blade Dance"],"picked":"Crippling Poison","floor":18.0},{"not_picked":["Bane","Flying Knee"],"picked":"Crippling Poison","floor":20.0},{"not_picked":["Heel Hook","Outmaneuver"],"picked":"Catalyst","floor":22.0}],"player_experience":978930,"relics_obtained":[{"floor":9.0,"key":"Lantern"},{"floor":10.0,"key":"Ornamental Fan"},{"floor":26.0,"key":"Kunai"}],"event_choices":[{"cards_removed":["Strike_G"],"damage_healed":0.0,"max_hp_gain":0.0,"max_hp_loss":0.0,"gold_gain":0.0,"event_name":"Purifier","player_choice":"Purged","floor":2.0,"gold_loss":0.0,"damage_taken":0.0},{"damage_healed":0.0,"max_hp_gain":0.0,"max_hp_loss":0.0,"gold_gain":0.0,"cards_transformed":["Strike_G"],"event_name":"Transmorgrifier","player_choice":"Transformed","floor":12.0,"gold_loss":0.0,"damage_taken":0.0,"cards_obtained":["Noxious Fumes"]},{"damage_healed":0.0,"max_hp_gain":0.0,"max_hp_loss":0.0,"gold_gain":0.0,"event_name":"Vampires","player_choice":"Became a vampire","floor":21.0,"gold_loss":0.0,"damage_taken":0.0,"cards_obtained":[]}],"is_beta":false,"boss_relics":[{"not_picked":["SlaversCollar","Runic Pyramid"],"picked":"Empty Cage"}],"items_purged_floors":[4],"is_endless":false,"potions_floor_spawned":[3,5,8,16,18,22],"killed_by":"Book of Stabbing","ascension_level":14}}