{"host":"hfvpa4llnnjpeawn","time":1609795965,"event":{"mods":["2.2 Compatiblity","AchievementEnabler","Act Like it!","Aspiration","Bard","BaseMod","Beaked The Cultist","Better Sensory Stone","Better Skull","Better Third Choice","BetterRewards","CapriCore","Conspire","Downfall","Elementarium","Energized Spire","Hubris","Infinite Spire","Jorbs\u0027s Wanderer Trilogy","Minty Spire (QoL Compilation)","Replay The Spire","Shade Mod","Spicy Shops","StSLib","The Bladedancer","The Factory","The Gatherer","The Jungle","Waifu the Spire","Wandering Minibosses"],"gold_per_floor":[119,139,139,104,115,115,144,175,226,226,226,226,243,260,260,334,334,347,365,365,365,384,384,410,430,457,457,474,474,506,506,506,506,506],"floor_reached":33,"playtime":792,"items_purged":[],"score":780,"play_id":"81d48605-c5e6-43ec-ad9c-3efa39d16a3b","local_time":"20210104163245","is_ascension_mode":true,"campfire_choices":[{"data":"Whirlwind","floor":6,"key":"SMITH"},{"data":"expansioncontent:Hexaburn","floor":12,"key":"SMITH"},{"data":"ReplayTheSpireMod:Strike From Hell","floor":15,"key":"SMITH"},{"floor":23,"key":"REST"},{"floor":27,"key":"REST"},{"floor":29,"key":"REST"},{"floor":32,"key":"REST"}],"circlet_count":0,"master_deck":["AscendersBane","Strike_R","Strike_R","Strike_R","Strike_R","Defend_R","Defend_R","Defend_R","Defend_R","Bash","expansioncontent:Hexaburn+1","Whirlwind+1","Rampage","ReplayTheSpireMod:Strike From Hell+1","Offering","ReplayTheSpireMod:Strike From Hell","Whirlwind","infinitespire:SealOfDarkness+"],"relics":["Burning Blood","Brimstone","hubris:64BitClover","infinitespire:CheckeredPen","hubris:AstralHammer","Bottled Flame","aspiration:BabyByrd","Replay:Rubber Ducky","aspiration:RitualDagger","ReplayTheSpireMod:Lightbulb","conspire:TopHat","Bronze Scales","infinitespire:Broken Mirror"],"acts_visited":["Exordium","Exordium"],"potions_floor_usage":[5,7,14,14,24,24,30,33],"damage_taken":[{"damage":6,"enemies":"Cultist","floor":1,"turns":2},{"damage":13,"enemies":"Small Slimes","floor":2,"turns":3},{"damage":2,"enemies":"2 Louse","floor":5,"turns":2},{"damage":6,"enemies":"Gremlin Nob","floor":7,"turns":2},{"damage":25,"enemies":"conspire:MimicChest","floor":8,"turns":3},{"damage":0,"enemies":"2 Fungi Beasts","floor":13,"turns":1},{"damage":0,"enemies":"Large Slime","floor":14,"turns":3},{"damage":25,"enemies":"The Guardian","floor":16,"turns":5},{"damage":19,"enemies":"Elementarium:Cyclone","floor":18,"turns":3},{"damage":9,"enemies":"Elementarium:MUD_AND_TAR_GOLEMS","floor":19,"turns":1},{"damage":48,"enemies":"Elementarium:Hydrostalker","floor":22,"turns":3},{"damage":72,"enemies":"Elementarium:ElementalPortal","floor":24,"turns":6},{"damage":54,"enemies":"Elementarium:CYCLONE_AND_LIVING_STORMCLOUD","floor":25,"turns":4},{"damage":19,"enemies":"Elementarium:RubyGolem","floor":28,"turns":2},{"damage":66,"enemies":"Elementarium:FIRE_NOBILITY","floor":30,"turns":3},{"damage":56,"enemies":"Elementarium:PHOENIXES","floor":33,"turns":2}],"seed_played":"-6570939843057057454","potions_obtained":[{"floor":2,"key":"Weak Potion"},{"floor":5,"key":"Energy Potion"},{"floor":8,"key":"Explosive Potion"},{"floor":13,"key":"infinitespire:BlackPotion"},{"floor":14,"key":"sneckomod:MuddlingPotion"},{"floor":19,"key":"Languid Potion"},{"floor":24,"key":"PowerPotion"},{"floor":28,"key":"Strength Potion"}],"is_trial":false,"path_per_floor":["M","M","T","?","M","R","E","?","T","?","?","R","M","M","R","B",null,"M","M","?","?","M","R","E","M","T","R","M","R","E","AVR","R","B"],"character_chosen":"IRONCLAD","items_purchased":["Brimstone","hubris:64BitClover","expansioncontent:Hexaburn"],"campfire_rested":4,"item_purchase_floors":[0,0,0],"current_hp_per_floor":[52,45,45,63,67,67,67,48,48,48,48,48,54,60,60,41,67,54,51,51,53,11,33,57,24,24,46,43,65,25,25,47,0,0],"gold":506,"neow_bonus":"","is_daily":false,"chose_seed":false,"campfire_upgraded":3,"win_rate":0.0,"timestamp":1609795965,"path_taken":["M","M","?","?","M","R","E","?","T","?","?","R","?","M","R","BOSS","M","M","?","?","M","R","E","M","T","R","M","R","E","AVR","R","BOSS"],"items_purchased_type":["Relic","Relic","Card"],"build_version":"2020-12-22","purchased_purges":0,"victory":false,"max_hp_per_floor":[75,75,75,75,75,75,75,75,75,75,75,75,75,75,75,75,75,75,75,75,75,75,75,75,75,75,75,75,75,75,75,75,75,75],"card_choices":[{"not_picked":["Warcry","Twin Strike","Anger"],"picked":"SKIP","floor":1},{"not_picked":["Sentinel","Twin Strike"],"picked":"Whirlwind","floor":2},{"not_picked":["Clash","Sentinel","Warcry"],"picked":"SKIP","floor":5},{"not_picked":["Sword Boomerang","Sentinel","Thunderclap"],"picked":"SKIP","floor":7},{"not_picked":["Run Through","Havoc"],"picked":"Rampage","floor":13},{"not_picked":["conspire:HitWhereItHurts","Perfected Strike"],"picked":"ReplayTheSpireMod:Strike From Hell","floor":14},{"not_picked":["conspire:Purge","Eclipse"],"picked":"Offering","floor":16},{"not_picked":["Armaments","Clothesline"],"picked":"ReplayTheSpireMod:Strike From Hell","floor":18},{"not_picked":["Hemokinesis","Warcry","Armaments"],"picked":"SKIP","floor":19},{"not_picked":["Sword Boomerang","Iron Wave","Armaments"],"picked":"SKIP","floor":22},{"not_picked":["Armaments","Life Link"],"picked":"Whirlwind","floor":24},{"not_picked":["Havoc","True Grit","Iron Wave"],"picked":"SKIP","floor":25},{"not_picked":["Iron Wave","Rampage","ReplayTheSpireMod:Strike From Hell"],"picked":"SKIP","floor":28},{"not_picked":["infinitespire:OneForAll+1","Bloodletting","Hemokinesis"],"picked":"SKIP","floor":30}],"player_experience":384970,"relics_obtained":[{"floor":3,"key":"infinitespire:CheckeredPen"},{"floor":7,"key":"hubris:AstralHammer"},{"floor":8,"key":"Bottled Flame"},{"floor":18,"key":"ReplayTheSpireMod:Lightbulb"},{"floor":24,"key":"conspire:TopHat"},{"floor":26,"key":"Bronze Scales"},{"floor":30,"key":"infinitespire:Broken Mirror"}],"event_choices":[{"damage_healed":18,"gold_gain":0,"player_choice":"Healed","damage_taken":0,"max_hp_gain":0,"max_hp_loss":0,"event_name":"The Cleric","floor":4,"gold_loss":35},{"cards_removed":["Headbutt"],"damage_healed":0,"gold_gain":0,"player_choice":"Gave Card","damage_taken":0,"relics_obtained":["Replay:Rubber Ducky"],"max_hp_gain":0,"max_hp_loss":0,"event_name":"WeMeetAgain","floor":11,"gold_loss":0},{"cards_removed":["Strike_R"],"damage_healed":0,"gold_gain":0,"player_choice":"Burn","damage_taken":0,"max_hp_gain":0,"max_hp_loss":0,"event_name":"Elementarium:LostScrolls","floor":20,"gold_loss":0},{"damage_healed":2,"gold_gain":0,"player_choice":"LEAVE ","damage_taken":0,"relics_obtained":[],"max_hp_gain":0,"max_hp_loss":0,"event_name":"betterSkull:BetterSkull","floor":21,"gold_loss":0,"cards_upgraded":[]}],"is_beta":false,"boss_relics":[{"not_picked":["Electric Blood","aspiration:FutureDiary"],"picked":"aspiration:RitualDagger"}],"items_purged_floors":[],"is_endless":false,"potions_floor_spawned":[2,5,8,13,14,19,24,28],"killed_by":"Elementarium:PHOENIXES","ascension_level":20}}