{"host":"ox77rn1xcurm2t5a","time":1609721416,"event":{"mods":["2.2 Compatiblity","AchievementEnabler","Act Like it!","Aspiration","BaseMod","Best Route Mod","Better Match","Better Note","Better Sensory Stone","Block Reminder","Colored Map","Colored Powertips","Conjunction","Conspire","Custom Start","Energized Spire","GifTheSpireLib","Gold Saver","Gremlin Skip","Halation","Highlight Path","Hubris","Infinite Spire","Minty Spire (QoL Compilation)","Pale of the Ancients","Quick Restart","Replay The Spire","Reworked Bosses","ShortenTheSpire","Spire Exporter","StSLib","Stuff the Spire","Wandering Minibosses","vexMod"],"gold_per_floor":[163,17,17,37,51,51,80,80,159,187,187,197,197,215,215,317,317,317,317],"floor_reached":18,"playtime":333,"items_purged":[],"score":264,"play_id":"9963f32a-73f7-4bfe-a7dc-81cdfea44f22","local_time":"20210104025016","is_ascension_mode":true,"campfire_choices":[{"floor":6,"key":"RECALL"},{"data":"Dualcast","floor":8,"key":"SMITH"},{"data":"Ball Lightning","floor":11,"key":"SMITH"},{"data":"StuffTheSpire:ForEach","floor":13,"key":"SMITH"},{"floor":15,"key":"REST"}],"circlet_count":0,"master_deck":["AscendersBane","Strike_B","Strike_B","Strike_B","Strike_B","Defend_B","Defend_B","Defend_B","Defend_B","Zap+1","Dualcast+1","Ball Lightning+1","StuffTheSpire:ForEach+1"],"relics":["Cracked Core","NeowsBlessing","PreservedInsect","vexMod:ScavengeHelm","hubris:SlimyHat","energizedSpire:SpiderWeb"],"acts_visited":["Exordium","TheCity"],"potions_floor_usage":[7,10,14,16],"damage_taken":[{"damage":0,"enemies":"2 Louse","floor":1,"turns":1},{"damage":0,"enemies":"Cultist","floor":4,"turns":1},{"damage":0,"enemies":"Small Slimes","floor":5,"turns":1},{"damage":13,"enemies":"3 Sentries","floor":7,"turns":6},{"damage":10,"enemies":"Gremlin Nob","floor":10,"turns":3},{"damage":0,"enemies":"Exordium Wildlife","floor":12,"turns":2},{"damage":4,"enemies":"3 Louse","floor":14,"turns":3},{"damage":38,"enemies":"Slime Boss","floor":16,"turns":7},{"damage":4,"enemies":"Chosen","floor":18,"turns":4}],"seed_played":"-5313700959921492683","potions_obtained":[{"floor":4,"key":"PotionOfCapacity"},{"floor":5,"key":"LifebloodPotion"},{"floor":7,"key":"PowerPotion"},{"floor":10,"key":"SteroidPotion"}],"is_trial":false,"path_per_floor":["M","$","?","M","M","R","E","R","T","E","R","M","R","M","R","B",null,"M"],"character_chosen":"DEFECT","items_purchased":["PreservedInsect"],"campfire_rested":1,"item_purchase_floors":[2],"current_hp_per_floor":[68,68,68,68,68,68,55,55,55,45,45,45,45,41,63,25,63,59,59],"gold":317,"neow_bonus":"THREE_ENEMY_KILL","is_daily":false,"chose_seed":false,"campfire_upgraded":3,"win_rate":0.0,"timestamp":1609721416,"path_taken":["M","$","?","?","M","R","E","R","T","E","R","M","R","M","R","BOSS","M"],"items_purchased_type":["Relic"],"build_version":"2020-12-22","purchased_purges":0,"victory":false,"max_hp_per_floor":[75,75,75,75,75,75,75,75,75,75,75,75,75,75,75,75,75,75,75],"card_choices":[{"not_picked":["Steam","Self Repair","Compile Driver"],"picked":"SKIP","floor":1},{"not_picked":["Stack","Beam Cell"],"picked":"Ball Lightning","floor":4},{"not_picked":["Barrage","Redo","Beam Cell"],"picked":"SKIP","floor":5},{"not_picked":["conspire:Rain","StuffTheSpire:CleanHardDrive","Barrage"],"picked":"SKIP","floor":7},{"not_picked":["Scrape","Go for the Eyes","Chaos"],"picked":"SKIP","floor":10},{"not_picked":["Turbo","Cold Snap"],"picked":"StuffTheSpire:ForEach","floor":12},{"not_picked":["Beam Cell","Sunder","Self Repair"],"picked":"SKIP","floor":14}],"player_experience":2884030,"relics_obtained":[{"floor":7,"key":"vexMod:ScavengeHelm"},{"floor":10,"key":"hubris:SlimyHat"}],"event_choices":[{"damage_healed":0,"gold_gain":0,"player_choice":"Upgraded","damage_taken":0,"max_hp_gain":0,"max_hp_loss":0,"event_name":"Upgrade Shrine","floor":3,"gold_loss":0,"cards_upgraded":["Zap"]}],"is_beta":false,"boss_relics":[{"not_picked":["hubris:RunicObelisk","Pandora\u0027s Box"],"picked":"energizedSpire:SpiderWeb"}],"items_purged_floors":[],"is_endless":false,"potions_floor_spawned":[4,5,7,10],"killed_by":"Chosen","ascension_level":11}}