{"host":"d1za9dvx43o9v494","time":1609787875,"event":{"mods":["2.2 Compatiblity","BaseMod","Better-Laid Plans","Colored Map","Downfall","Emptier Cage","Marked Mod","Minty Spire (QoL Compilation)","Permanent Neow","StSLib"],"gold_per_floor":[99,112,124,134,134,34,82,182,182,22,22,42,42,27,39,143,143,143,143,155,155,116,216,240,273,291,291,304,204,204,230,248,348,348,248,259,272,272,272,289,337,357,200,200,214,142,142,142,161,161,161,187,93,93,93,93],"floor_reached":57,"playtime":4321,"items_purged":["Injury"],"score":1277,"play_id":"3993abfe-401a-46d9-9567-f7bf1f239031","local_time":"20210104221755","is_ascension_mode":true,"campfire_choices":[{"floor":1,"key":"RECALL"},{"data":"bronze:InfiniteBeams","floor":6,"key":"SMITH"},{"data":"bronze:InfiniteBeams","floor":13,"key":"SMITH"},{"data":"bronze:TinkerersToolbox","floor":18,"key":"SMITH"},{"data":"bronze:Return","floor":29,"key":"SMITH"},{"data":"bronze:Verify","floor":35,"key":"SMITH"},{"data":"bronze:Verify","floor":44,"key":"SMITH"},{"data":"bronze:HardenedForm","floor":54,"key":"SMITH"}],"circlet_count":0,"master_deck":["bronze:Strike","bronze:Strike","bronze:Defend","bronze:Defend","bronze:Defend","bronze:Defend","bronze:Replicate","bronze:Goto","bronze:InfiniteBeams+1","bronze:InfiniteBeams+1","bronze:DelayedSlice+1","bronze:Invalidate+1","bronze:TinkerersToolbox+1","bronze:Return+1","J.A.X.","bronze:WhirlingStrike+1","bronze:DelayedGuard+1","bronze:Shell","bronze:BronzeArmor","bronze:Verify+1","bronze:Verify+1","bronze:HardenedForm+1","bronze:Repulsor"],"relics":["bronze:BronzeCore","Art of War","bronze:BottledCode","downfall:HeartBlessingRed","PreservedInsect","downfall:ShatteredFragment","Lee\u0027s Waffle","sneckomod:SneckoTalon","hexamod:BolsterEngine","Vajra","MutagenicStrength","Bottled Flame","downfall:HeartBlessingBlue","StrikeDummy","bronze:MakeshiftBattery","downfall:HeartBlessingGreen","Blood Vial","Membership Card","Boot","TheAbacus"],"acts_visited":["Exordium","TheCity","TheBeyond","TheEnding"],"potions_floor_usage":[22,31,37,52,55,55,56],"damage_taken":[{"damage":2,"enemies":"2 Louse","floor":2,"turns":3},{"damage":2,"enemies":"Small Slimes","floor":3,"turns":3},{"damage":0,"enemies":"Cultist","floor":4,"turns":3},{"damage":10,"enemies":"downfall:FleeingMerchant","floor":10,"turns":4},{"damage":2,"enemies":"Exordium Wildlife","floor":12,"turns":2},{"damage":5,"enemies":"downfall:FleeingMerchant","floor":14,"turns":4},{"damage":2,"enemies":"Blue Slaver","floor":15,"turns":2},{"damage":8,"enemies":"downfall:Watcher","floor":16,"turns":4},{"damage":0,"enemies":"3 Byrds","floor":20,"turns":3},{"damage":10,"enemies":"downfall:FleeingMerchant","floor":22,"turns":3},{"damage":5,"enemies":"downfall:Augmenter","floor":23,"turns":2},{"damage":11,"enemies":"Gremlin Leader","floor":25,"turns":3},{"damage":3,"enemies":"Chosen","floor":26,"turns":1},{"damage":2,"enemies":"Centurion and Healer","floor":28,"turns":3},{"damage":0,"enemies":"Slavers","floor":31,"turns":1},{"damage":3,"enemies":"Snecko","floor":32,"turns":2},{"damage":18,"enemies":"ArchetypeAct2MushroomsNewAge","floor":33,"turns":4},{"damage":1,"enemies":"3 Shapes","floor":36,"turns":2},{"damage":4,"enemies":"3 Darklings","floor":37,"turns":3},{"damage":0,"enemies":"Transient","floor":40,"turns":5},{"damage":0,"enemies":"Maw","floor":42,"turns":6},{"damage":0,"enemies":"Jaw Worm Horde","floor":45,"turns":1},{"damage":0,"enemies":"Transient","floor":49,"turns":5},{"damage":10,"enemies":"downfall:Silent","floor":50,"turns":5},{"damage":27,"enemies":"downfall:CharBossMerchant","floor":52,"turns":6},{"damage":48,"enemies":"downfall:NeowBossFinal","floor":56,"turns":9}],"seed_played":"-7732123538244312220","potions_obtained":[{"floor":2,"key":"ColorlessPotion"},{"floor":4,"key":"LiquidMemories"},{"floor":15,"key":"FearPotion"},{"floor":20,"key":"Regen Potion"},{"floor":25,"key":"PowerPotion"},{"floor":37,"key":"Swift Potion"},{"floor":52,"key":"Block Potion"}],"is_trial":false,"path_per_floor":["R","M","M","M","?","R","T","?","?","$","?","M","R","$","M","B",null,"R","?","M","?","$","?","T","E","M","?","M","R","$","E","M","B",null,"R","M","M","?","?","M","T","M","?","R","M","$","?","$","M","B",null,"E","$","R","B","B",null],"character_chosen":"THE_AUTOMATON","items_purchased":["Lee\u0027s Waffle","hexamod:BolsterEngine","Vajra","Membership Card","bronze:HardenedForm","TheAbacus","bronze:Repulsor"],"campfire_rested":0,"item_purchase_floors":[10,22,22,43,46,53,53],"current_hp_per_floor":[70,68,66,66,60,60,60,60,39,67,67,65,65,60,58,50,67,67,67,67,67,57,52,52,41,38,38,36,46,46,46,43,25,77,77,76,72,72,72,72,72,74,74,74,76,76,71,71,73,65,77,50,50,50,61,15],"gold":93,"neow_bonus":"RANDOM_COMMON_RELIC","is_daily":false,"chose_seed":false,"campfire_upgraded":7,"win_rate":0.0,"timestamp":1609787875,"path_taken":["R","M","M","M","?","R","T","?","?","$","?","M","R","$","M","BOSS","R","?","M","?","$","?","T","E","?","?","M","R","?","E","M","BOSS","R","M","?","?","?","?","T","M","?","R","M","$","?","$","M","BOSS","E","$","R","BOSS","BOSS"],"items_purchased_type":["Relic","Relic","Relic","Relic","Card","Relic","Card"],"build_version":"2020-12-22","purchased_purges":1,"victory":true,"max_hp_per_floor":[70,70,70,70,60,60,60,60,60,67,67,67,67,67,67,67,67,67,67,67,67,67,67,67,67,67,67,67,77,77,77,77,77,77,77,77,77,77,77,77,77,77,77,77,77,77,77,77,77,77,77,77,77,77,77,77],"card_choices":[{"not_picked":["bronze:ItsAFeature","bronze:NullPointer"],"picked":"bronze:InfiniteBeams","floor":2},{"not_picked":["bronze:Deprecate","bronze:Shield"],"picked":"bronze:InfiniteBeams","floor":3},{"not_picked":["bronze:Shell","bronze:CloningBeam"],"picked":"bronze:DelayedSlice","floor":4},{"not_picked":["bronze:Overheat","bronze:WildBeam","bronze:FineTuning"],"picked":"SKIP","floor":10},{"not_picked":["bronze:Frontload","bronze:FineTuning","bronze:Shell"],"picked":"SKIP","floor":12},{"not_picked":["bronze:Constructor","bronze:Overheat"],"picked":"bronze:Invalidate","floor":14},{"not_picked":["bronze:Invalidate","bronze:ClassDefault","bronze:Branch"],"picked":"SKIP","floor":15},{"not_picked":["bronze:SpaghettiCode","bronze:FindAndReplace"],"picked":"bronze:TinkerersToolbox","floor":16},{"not_picked":["bronze:BugBarrage+1","bronze:WildBeam","bronze:Safeguard"],"picked":"SKIP","floor":20},{"not_picked":["bronze:Overload","bronze:CutThrough"],"picked":"bronze:Return","floor":22},{"not_picked":[],"picked":"J.A.X.","floor":23},{"not_picked":["bronze:CutThrough+1","bronze:WildBeam"],"picked":"bronze:WhirlingStrike+1","floor":25},{"not_picked":["bronze:Branch","bronze:WhirlingStrike"],"picked":"bronze:DelayedGuard","floor":26},{"not_picked":["bronze:NullPointer","bronze:Refactor"],"picked":"bronze:Shell","floor":28},{"not_picked":["bronze:ThunderWave","bronze:Repulsor"],"picked":"bronze:BronzeArmor","floor":31},{"not_picked":["bronze:BugBarrage","bronze:FineTuning","bronze:OilSpill"],"picked":"SKIP","floor":32},{"not_picked":["bronze:Break","bronze:CleanCode"],"picked":"bronze:Verify","floor":33},{"not_picked":["bronze:BuggyMess+1","bronze:Turbo+1","bronze:Terminator"],"picked":"SKIP","floor":36},{"not_picked":["bronze:MaxOutput+1","bronze:Turbo+1","bronze:Overheat"],"picked":"SKIP","floor":37},{"not_picked":["bronze:DelayedSlice+1","bronze:Branch"],"picked":"bronze:Verify","floor":40},{"not_picked":["bronze:FineTuning","bronze:FollowUp+1","bronze:Shield+1"],"picked":"SKIP","floor":42},{"not_picked":["bronze:Overheat+1","bronze:Safeguard+1","bronze:Branch"],"picked":"SKIP","floor":45},{"not_picked":["bronze:MaxOutput","bronze:Invalidate+1","bronze:DelayedGuard"],"picked":"SKIP","floor":49},{"not_picked":["bronze:Invalidate+1","bronze:BugBarrage+1","bronze:Iterate"],"picked":"SKIP","floor":52}],"player_experience":636334,"relics_obtained":[{"floor":7,"key":"PreservedInsect"},{"floor":23,"key":"MutagenicStrength"},{"floor":25,"key":"Bottled Flame"},{"floor":31,"key":"StrikeDummy"},{"floor":41,"key":"Blood Vial"},{"floor":52,"key":"Boot"}],"event_choices":[{"damage_healed":0,"gold_gain":0,"player_choice":"Ignored","damage_taken":0,"max_hp_gain":0,"max_hp_loss":0,"event_name":"Vampires","floor":21,"gold_loss":0}],"is_beta":false,"boss_relics":[{"not_picked":["Astrolabe","Calling Bell"],"picked":"sneckomod:SneckoTalon"},{"not_picked":["Runic Pyramid","SacredBark"],"picked":"bronze:MakeshiftBattery"}],"items_purged_floors":[22],"is_endless":false,"potions_floor_spawned":[2,4,15,20,25,31,32,37,40,42,49,52],"ascension_level":1}}