{"host":"v4pe0ixo3k7iwzp0","time":1609746920,"event":{"mods":["Ascension Reborn","BaseMod","Bestiary","Highlight Path","Minty Spire (QoL Compilation)","StSLib","The Alterego","The Marked"],"gold_per_floor":[118,118,118,118,20,20,52,64,76,34,51,71,89,111,111,207,207,220,233,249,76,93,93,93,0,24,38,50,68,68,68,68,170,170,180,192,192,192,1191,1191,1191],"floor_reached":40,"playtime":2754,"items_purged":["Strike_P+1"],"score":486,"play_id":"07b229c2-8f4d-4d6a-b923-4187bad75ca9","local_time":"20210103235520","is_ascension_mode":true,"campfire_choices":[{"data":"Tantrum","floor":6.0,"key":"SMITH"},{"data":"MentalFortress","floor":15.0,"key":"SMITH"},{"floor":23.0,"key":"REST"},{"floor":32.0,"key":"REST"}],"circlet_count":0,"master_deck":["Strike_P+1","Strike_P+1","Strike_P+1","Defend_P+1","Defend_P+1","Defend_P+1","Defend_P+1","Eruption+1","Vigilance+1","Tantrum+1","CutThroughFate+1","FearNoEvil","Halt","Crescendo","MentalFortress+1","Establishment","CurseOfTheBell","Crescendo+1","ClearTheMind","WaveOfTheHand","Protect","LikeWater","EmptyMind","FlurryOfBlows","EmptyBody+1","FlurryOfBlows","Halt+1","Swift Strike","Normality","Normality"],"relics":["PureWater","MawBank","The Courier","Odd Mushroom","Calling Bell","Pen Nib","Matryoshka","TungstenRod","PreservedInsect","Regal Pillow","Black Star"],"acts_visited":["Exordium","TheCity","TheBeyond"],"potions_floor_usage":[],"damage_taken":[{"damage":0.0,"enemies":"2 Louse","floor":1.0,"turns":2.0},{"damage":0.0,"enemies":"3 Sentries","floor":7.0,"turns":3.0},{"damage":3.0,"enemies":"Jaw Worm","floor":11.0,"turns":2.0},{"damage":0.0,"enemies":"Small Slimes","floor":12.0,"turns":1.0},{"damage":0.0,"enemies":"Looter","floor":13.0,"turns":2.0},{"damage":0.0,"enemies":"The Mushroom Lair","floor":14.0,"turns":2.0},{"damage":0.0,"enemies":"Slime Boss","floor":16.0,"turns":7.0},{"damage":1.0,"enemies":"Spheric Guardian","floor":18.0,"turns":3.0},{"damage":0.0,"enemies":"Shell Parasite","floor":19.0,"turns":4.0},{"damage":26.0,"enemies":"Snake Plant","floor":20.0,"turns":4.0},{"damage":7.0,"enemies":"Snecko","floor":22.0,"turns":5.0},{"damage":1.0,"enemies":"Chosen and Byrds","floor":27.0,"turns":6.0},{"damage":0.0,"enemies":"Snake Plant","floor":28.0,"turns":3.0},{"damage":0.0,"enemies":"Snecko","floor":29.0,"turns":4.0},{"damage":25.0,"enemies":"Champ","floor":33.0,"turns":15.0},{"damage":18.0,"enemies":"3 Darklings","floor":35.0,"turns":7.0},{"damage":6.0,"enemies":"3 Shapes","floor":36.0,"turns":6.0},{"damage":0,"enemies":"Transient","floor":40,"turns":2}],"seed_played":"687912950065164013","potions_obtained":[{"floor":1.0,"key":"SteroidPotion"},{"floor":11.0,"key":"EntropicBrew"},{"floor":13.0,"key":"Energy Potion"},{"floor":19.0,"key":"LiquidBronze"},{"floor":22.0,"key":"FearPotion"},{"floor":27.0,"key":"FearPotion"},{"floor":33.0,"key":"GamblersBrew"}],"is_trial":true,"path_per_floor":["M","?","?","?","$","R","E","?","T","$","M","M","M","?","R","B",null,"M","M","M","$","M","R","?","?","T","M","M","M","$","?","R","B",null,"M","M","?","?","?","M"],"character_chosen":"WATCHER","items_purchased":["FairyPotion","FearNoEvil","Protect","LikeWater","Energy Potion"],"campfire_rested":2,"item_purchase_floors":[5,10,21,21,21],"current_hp_per_floor":[72,72,72,77,77,77,77,77,77,77,74,74,74,74,74,74,77,76,76,50,50,43,66,66,66,66,65,65,65,65,65,77,52,77,59,53,53,53,53,53,53],"gold":1191,"neow_bonus":"","is_daily":false,"chose_seed":false,"campfire_upgraded":2,"win_rate":0.0,"timestamp":1609746920,"path_taken":["M","?","?","?","$","R","E","?","T","$","M","M","M","?","R","BOSS","M","M","M","$","M","R","?","?","T","?","M","M","?","?","R","BOSS","M","M","?","?","?","M"],"items_purchased_type":["Potion","Card","Card","Card","Potion"],"build_version":"2020-12-22","purchased_purges":1,"victory":false,"max_hp_per_floor":[72,72,72,77,77,77,77,77,77,77,77,77,77,77,77,77,77,77,77,77,77,77,77,77,77,77,77,77,77,77,77,77,77,77,77,77,77,77,77,77,77],"card_choices":[{"not_picked":["Halt","Prostrate"],"picked":"Tantrum","floor":1.0},{"not_picked":["LikeWater","PathToVictory"],"picked":"CutThroughFate","floor":7.0},{"not_picked":["Adaptation","CrushJoints"],"picked":"Halt","floor":11.0},{"not_picked":["InnerPeace","Protect"],"picked":"Crescendo","floor":12.0},{"not_picked":["Wireheading","FlyingSleeves"],"picked":"MentalFortress","floor":13.0},{"not_picked":["Wish","MasterReality"],"picked":"Establishment","floor":16.0},{"not_picked":["Adaptation","Consecrate"],"picked":"Crescendo+1","floor":18.0},{"not_picked":["Protect","Devotion"],"picked":"ClearTheMind","floor":19.0},{"not_picked":["Halt","Collect"],"picked":"WaveOfTheHand","floor":20.0},{"not_picked":["BowlingBash","Indignation"],"picked":"EmptyMind","floor":22.0},{"not_picked":["BowlingBash","DeceiveReality"],"picked":"Consecrate","floor":27.0},{"not_picked":["BowlingBash","Swivel+1"],"picked":"FlurryOfBlows","floor":28.0},{"not_picked":["Prostrate","ReachHeaven"],"picked":"EmptyBody+1","floor":29.0},{"not_picked":["Swivel+1","CutThroughFate","ForeignInfluence+1"],"picked":"SKIP","floor":35.0},{"not_picked":["FearNoEvil","Fasting2+1"],"picked":"Halt+1","floor":36.0},{"not_picked":["Sadistic Nature","Purity"],"picked":"Swift Strike","floor":37.0}],"player_experience":91087,"relics_obtained":[{"floor":7.0,"key":"MawBank"},{"floor":9.0,"key":"The Courier"},{"floor":14.0,"key":"Odd Mushroom"},{"floor":17.0,"key":"Pen Nib"},{"floor":17.0,"key":"Matryoshka"},{"floor":17.0,"key":"TungstenRod"},{"floor":26.0,"key":"PreservedInsect"},{"floor":26.0,"key":"Regal Pillow"}],"event_choices":[{"damage_healed":0.0,"max_hp_gain":0.0,"max_hp_loss":0.0,"gold_gain":0.0,"event_name":"Shining Light","player_choice":"Ignored","floor":2.0,"gold_loss":0.0,"damage_taken":0.0},{"damage_healed":0.0,"max_hp_gain":0.0,"max_hp_loss":0.0,"gold_gain":0.0,"event_name":"Golden Wing","player_choice":"Ignored","floor":3.0,"gold_loss":0.0,"damage_taken":0.0},{"damage_healed":0.0,"max_hp_gain":5.0,"max_hp_loss":0.0,"gold_gain":0.0,"event_name":"Big Fish","player_choice":"Donut","floor":4.0,"gold_loss":0.0,"damage_taken":0.0},{"damage_healed":0.0,"max_hp_gain":0.0,"max_hp_loss":0.0,"gold_gain":0.0,"event_name":"Living Wall","player_choice":"Grow","floor":8.0,"gold_loss":0.0,"damage_taken":0.0,"cards_upgraded":["CutThroughFate"]},{"damage_healed":0.0,"max_hp_gain":0.0,"max_hp_loss":0.0,"gold_gain":0.0,"event_name":"Mushrooms","player_choice":"Fought Mushrooms","floor":14.0,"gold_loss":0.0,"damage_taken":0.0},{"damage_healed":0.0,"max_hp_gain":0.0,"max_hp_loss":0.0,"gold_gain":0.0,"event_name":"Vampires","player_choice":"Ignored","floor":24.0,"gold_loss":0.0,"damage_taken":0.0},{"damage_healed":0.0,"max_hp_gain":0.0,"max_hp_loss":0.0,"gold_gain":0.0,"event_name":"Masked Bandits","player_choice":"Paid Fearfully","floor":25.0,"gold_loss":93.0,"damage_taken":0.0},{"damage_healed":0.0,"max_hp_gain":0.0,"max_hp_loss":0.0,"gold_gain":0.0,"event_name":"Duplicator","player_choice":"Copied","floor":31.0,"gold_loss":0.0,"damage_taken":0.0,"cards_obtained":["FlurryOfBlows"]},{"damage_healed":0.0,"max_hp_gain":0.0,"max_hp_loss":0.0,"gold_gain":0.0,"event_name":"SensoryStone","player_choice":"Memory 1","floor":37.0,"gold_loss":0.0,"damage_taken":0.0},{"cards_removed":["Consecrate"],"damage_healed":0.0,"max_hp_gain":0.0,"max_hp_loss":0.0,"gold_gain":0.0,"event_name":"Falling","player_choice":"Removed Attack","floor":38.0,"gold_loss":0.0,"damage_taken":0.0},{"damage_healed":0.0,"max_hp_gain":0.0,"max_hp_loss":0.0,"gold_gain":999.0,"event_name":"MindBloom","player_choice":"Gold","floor":39.0,"gold_loss":0.0,"damage_taken":0.0,"cards_obtained":["Normality","Normality"]}],"is_beta":false,"boss_relics":[{"not_picked":["SlaversCollar","SacredBark"],"picked":"Calling Bell"},{"not_picked":["Velvet Choker","Pandora\u0027s Box"],"picked":"Black Star"}],"items_purged_floors":[21],"is_endless":false,"potions_floor_spawned":[1,11,13,19,22,27,33],"killed_by":"Transient","ascension_level":0}}