{"host":"uuef13iiy6j2c50k","time":1609720171,"event":{"mods":["BaseMod","Minty Spire (QoL Compilation)","Quick Restart","Relic Stats","Slay-I","StSLib","SuperFastMode"],"gold_per_floor":[214,64,64,79,92,92,122,141,167,167,228,248,280,73,73,174,174,189,189,208,128,141,141,141,141,141,158,192,212,212,137,137,240,240,251,251,211,227,227,253,253,267,267,294,294,329,340,372,372,372],"floor_reached":51,"playtime":2244,"items_purged":["Strike_R","Strike_R"],"score":1022,"play_id":"14408d01-25b3-4bf1-932a-717a47a50c5b","local_time":"20210103142931","is_ascension_mode":true,"campfire_choices":[{"data":"Spot Weakness","floor":6,"key":"SMITH"},{"floor":15,"key":"REST"},{"data":"Inflame","floor":23,"key":"SMITH"},{"data":"True Grit","floor":25,"key":"SMITH"},{"data":"Armaments","floor":32,"key":"SMITH"},{"data":"Battle Trance","floor":41,"key":"SMITH"},{"data":"Disarm","floor":45,"key":"SMITH"},{"floor":49,"key":"RECALL"}],"circlet_count":0,"master_deck":["Strike_R","Defend_R","Defend_R","Defend_R","Defend_R","Bash","Feed","Clothesline","Spot Weakness+1","Battle Trance+1","Shrug It Off","Flame Barrier","True Grit+1","Inflame+1","Immolate","Reaper","Armaments+1","Heavy Blade+1","Flame Barrier+1","Battle Trance+1","Disarm+1","Impervious","Shockwave+1","Sword Boomerang+1"],"relics":["Burning Blood","PreservedInsect","Omamori","Happy Flower","Centennial Puzzle","The Courier","Snecko Eye","Bag of Preparation","Prayer Wheel","Boot","Red Skull","Coffee Dripper","Potion Belt","Shuriken","Magic Flower","Charon\u0027s Ashes","Toy Ornithopter"],"acts_visited":["Exordium","TheCity","TheBeyond"],"potions_floor_usage":[11,16,28,28,37,37,50,50,50,50],"damage_taken":[{"damage":6,"enemies":"Cultist","floor":1,"turns":4},{"damage":10,"enemies":"2 Louse","floor":4,"turns":3},{"damage":0,"enemies":"Small Slimes","floor":5,"turns":3},{"damage":13,"enemies":"Gremlin Nob","floor":7,"turns":3},{"damage":1,"enemies":"2 Fungi Beasts","floor":8,"turns":3},{"damage":33,"enemies":"Gremlin Nob","floor":11,"turns":4},{"damage":8,"enemies":"Large Slime","floor":12,"turns":4},{"damage":15,"enemies":"3 Sentries","floor":13,"turns":6},{"damage":46,"enemies":"Slime Boss","floor":16,"turns":10},{"damage":32,"enemies":"3 Byrds","floor":18,"turns":5},{"damage":6,"enemies":"Spheric Guardian","floor":20,"turns":3},{"damage":0,"enemies":"Cultist and Chosen","floor":22,"turns":4},{"damage":0,"enemies":"Snecko","floor":27,"turns":3},{"damage":31,"enemies":"Slavers","floor":28,"turns":4},{"damage":0,"enemies":"Shelled Parasite and Fungi","floor":29,"turns":2},{"damage":54,"enemies":"Automaton","floor":33,"turns":12},{"damage":0,"enemies":"Orb Walker","floor":35,"turns":3},{"damage":0,"enemies":"3 Shapes","floor":38,"turns":3},{"damage":1,"enemies":"Reptomancer","floor":40,"turns":3},{"damage":28,"enemies":"Transient","floor":42,"turns":5},{"damage":0,"enemies":"Nemesis","floor":44,"turns":5},{"damage":19,"enemies":"Reptomancer","floor":46,"turns":6},{"damage":3,"enemies":"Maw","floor":47,"turns":7},{"damage":4,"enemies":"Nemesis","floor":48,"turns":5},{"damage":84,"enemies":"Donu and Deca","floor":50,"turns":8}],"seed_played":"-818696087968669648","potions_obtained":[{"floor":4,"key":"PowerPotion"},{"floor":8,"key":"ColorlessPotion"},{"floor":16,"key":"DuplicationPotion"},{"floor":20,"key":"Regen Potion"},{"floor":22,"key":"GamblersBrew"},{"floor":29,"key":"Fruit Juice"},{"floor":37,"key":"Fruit Juice"},{"floor":37,"key":"PowerPotion"},{"floor":37,"key":"SteroidPotion"},{"floor":44,"key":"Fire Potion"},{"floor":48,"key":"Regen Potion"}],"is_trial":false,"path_per_floor":["M","$","?","M","M","R","E","M","T","?","?","M","E","$","R","B",null,"M","?","M","$","M","R","$","R","T","M","E","M","?","?","R","B",null,"M","?","?","M","$","E","R","M","T","E","R","E","M","E","R","B",null],"character_chosen":"IRONCLAD","items_purchased":["Feed","Inflame","Immolate"],"campfire_rested":1,"item_purchase_floors":[2,14,14],"current_hp_per_floor":[80,80,68,67,76,76,69,77,77,70,43,41,35,35,62,25,95,77,77,83,83,101,101,101,101,101,101,98,104,104,104,104,63,104,104,104,114,118,118,121,121,117,117,121,121,111,122,124,124,107],"gold":372,"neow_bonus":"HUNDRED_GOLD","is_daily":false,"chose_seed":false,"campfire_upgraded":6,"win_rate":0.0,"timestamp":1609720171,"path_taken":["M","$","?","M","M","R","E","M","T","?","?","M","E","$","R","BOSS","M","?","M","$","?","R","$","R","T","M","E","M","?","?","R","BOSS","M","?","?","?","$","E","R","M","T","E","R","E","M","E","R","BOSS"],"items_purchased_type":["Card","Card","Card"],"build_version":"2020-12-22","purchased_purges":2,"victory":true,"max_hp_per_floor":[80,80,80,83,86,86,86,89,89,89,89,89,92,92,92,95,95,98,98,98,98,101,101,101,101,101,101,101,104,104,104,104,104,104,104,104,114,118,118,121,121,121,121,121,121,121,124,124,124,124],"relic_stats":{"Happy Flower":[34],"counters":[25,118],"Magic Flower":[20],"PreservedInsect":327,"Charon\u0027s Ashes":[50],"Bag of Preparation":[30],"Boot":[7],"Burning Blood":122,"Centennial Puzzle":[39],"Shuriken":[5],"Snecko Eye":[191,190,166,187],"Prayer Wheel":6,"obtain_stats":[{"Potion Belt":40,"Happy Flower":9,"Magic Flower":44,"PreservedInsect":3,"The Courier":13,"Charon\u0027s Ashes":46,"Omamori":7,"Bag of Preparation":19,"Boot":28,"Burning Blood":0,"Centennial Puzzle":11,"Shuriken":43,"Snecko Eye":17,"Prayer Wheel":26,"Coffee Dripper":34,"Red Skull":30,"Toy Ornithopter":48},{"Potion Belt":19,"Happy Flower":5,"Magic Flower":21,"PreservedInsect":1,"The Courier":8,"Charon\u0027s Ashes":22,"Omamori":4,"Bag of Preparation":10,"Boot":14,"Burning Blood":0,"Centennial Puzzle":6,"Shuriken":20,"Snecko Eye":9,"Prayer Wheel":12,"Coffee Dripper":16,"Red Skull":15,"Toy Ornithopter":24},{"Potion Belt":82,"Happy Flower":16,"Magic Flower":92,"PreservedInsect":4,"The Courier":30,"Charon\u0027s Ashes":98,"Omamori":13,"Bag of Preparation":45,"Boot":59,"Burning Blood":0,"Centennial Puzzle":20,"Shuriken":87,"Snecko Eye":40,"Prayer Wheel":52,"Coffee Dripper":73,"Red Skull":61,"Toy Ornithopter":110}],"Toy Ornithopter":15},"card_choices":[{"not_picked":["Havoc","Clash"],"picked":"Sword Boomerang","floor":1},{"not_picked":["Rampage","Second Wind"],"picked":"Clothesline","floor":4},{"not_picked":["Power Through","Pommel Strike"],"picked":"Spot Weakness","floor":5},{"not_picked":["Uppercut","Second Wind"],"picked":"Battle Trance","floor":7},{"not_picked":["True Grit","Cleave"],"picked":"Shrug It Off","floor":8},{"not_picked":["Armaments","Bloodletting"],"picked":"Flame Barrier","floor":11},{"not_picked":["Sword Boomerang","Flame Barrier"],"picked":"True Grit","floor":12},{"not_picked":["Warcry","Seeing Red","True Grit"],"picked":"SKIP","floor":13},{"not_picked":["Offering","Exhume"],"picked":"Reaper","floor":16},{"not_picked":["True Grit","Warcry"],"picked":"Armaments","floor":18},{"not_picked":["Body Slam+1","Sword Boomerang"],"picked":"Heavy Blade+1","floor":20},{"not_picked":["Dark Embrace","Rupture+1"],"picked":"Flame Barrier+1","floor":22},{"not_picked":["Sentinel","Rage"],"picked":"Battle Trance+1","floor":27},{"not_picked":["Blood for Blood","Wild Strike"],"picked":"Disarm","floor":27},{"not_picked":["Cleave","Barricade","Brutality"],"picked":"SKIP","floor":28},{"not_picked":["Power Through+1","Sword Boomerang","Twin Strike+1"],"picked":"SKIP","floor":29},{"not_picked":["Clash","Whirlwind","Body Slam"],"picked":"SKIP","floor":29},{"not_picked":["Offering","Double Tap"],"picked":"Impervious","floor":33},{"not_picked":["Clothesline+1","Battle Trance","True Grit"],"picked":"SKIP","floor":35},{"not_picked":["Havoc+1","Twin Strike","Rupture"],"picked":"SKIP","floor":35},{"not_picked":["Pommel Strike+1","Havoc+1"],"picked":"Shockwave+1","floor":38},{"not_picked":["Body Slam+1","Shrug It Off","Headbutt+1"],"picked":"SKIP","floor":38},{"not_picked":["Sentinel","Iron Wave","Offering"],"picked":"SKIP","floor":40},{"not_picked":["Hemokinesis","Evolve+1","Twin Strike+1"],"picked":"SKIP","floor":42},{"not_picked":["Thunderclap+1","Pommel Strike+1","Iron Wave+1"],"picked":"SKIP","floor":42},{"not_picked":["Sword Boomerang","Twin Strike","Double Tap"],"picked":"SKIP","floor":44},{"not_picked":["Evolve","Warcry+1","Flex"],"picked":"SKIP","floor":46},{"not_picked":["Infernal Blade","Second Wind+1","Reckless Charge"],"picked":"SKIP","floor":47},{"not_picked":["Twin Strike+1","Clothesline+1","Warcry"],"picked":"SKIP","floor":47},{"not_picked":["Juggernaut","Anger+1"],"picked":"Sword Boomerang+1","floor":48}],"player_experience":39931,"relics_obtained":[{"floor":7,"key":"Omamori"},{"floor":9,"key":"Happy Flower"},{"floor":11,"key":"Centennial Puzzle"},{"floor":13,"key":"The Courier"},{"floor":19,"key":"Bag of Preparation"},{"floor":26,"key":"Prayer Wheel"},{"floor":28,"key":"Boot"},{"floor":40,"key":"Potion Belt"},{"floor":43,"key":"Shuriken"},{"floor":44,"key":"Magic Flower"},{"floor":46,"key":"Charon\u0027s Ashes"},{"floor":48,"key":"Toy Ornithopter"}],"event_choices":[{"damage_healed":0,"gold_gain":0,"player_choice":"Success","damage_taken":12,"relics_obtained":["PreservedInsect"],"max_hp_gain":0,"max_hp_loss":0,"event_name":"Scrap Ooze","floor":3,"gold_loss":0},{"cards_removed":["Strike_R"],"damage_healed":0,"gold_gain":0,"player_choice":"Card Removal","damage_taken":7,"max_hp_gain":0,"max_hp_loss":0,"event_name":"Golden Wing","floor":10,"gold_loss":0},{"damage_healed":0,"gold_gain":30,"player_choice":"Searched \u00273\u0027 times","damage_taken":0,"max_hp_gain":0,"max_hp_loss":0,"event_name":"Dead Adventurer","floor":11,"gold_loss":0},{"damage_healed":0,"gold_gain":0,"player_choice":"Relic","damage_taken":0,"max_hp_gain":0,"max_hp_loss":0,"event_name":"Wheel of Change","floor":19,"gold_loss":0},{"damage_healed":0,"gold_gain":0,"player_choice":"Opened","damage_taken":0,"relics_obtained":["Red Skull"],"max_hp_gain":0,"max_hp_loss":0,"event_name":"The Mausoleum","floor":30,"gold_loss":0},{"cards_removed":["Strike_R"],"damage_healed":0,"gold_gain":0,"player_choice":"Gave Gold","damage_taken":0,"max_hp_gain":0,"max_hp_loss":0,"event_name":"Beggar","floor":31,"gold_loss":75},{"cards_removed":["Sword Boomerang"],"damage_healed":0,"gold_gain":0,"player_choice":"Removed Attack","damage_taken":0,"max_hp_gain":0,"max_hp_loss":0,"event_name":"Falling","floor":36,"gold_loss":0},{"damage_healed":0,"gold_gain":0,"player_choice":"Bought 3 Potions","damage_taken":0,"max_hp_gain":0,"max_hp_loss":0,"event_name":"The Woman in Blue","floor":37,"gold_loss":0}],"is_beta":false,"boss_relics":[{"not_picked":["Runic Cube","Sozu"],"picked":"Snecko Eye"},{"not_picked":["Pandora\u0027s Box","SacredBark"],"picked":"Coffee Dripper"}],"items_purged_floors":[14,21],"is_endless":false,"potions_floor_spawned":[4,8,16,20,22,27,29,38,44,48],"ascension_level":4}}