{"host":"jfjanrmpavyj4ikg","time":1609741175,"event":{"mods":["AchievementEnabler","BaseMod","BetterRewards","Colored Map","Colored Powertips","GifTheSpireLib","Infinite Spire","Minty Spire (QoL Compilation)","Quick Restart","Rare Cards Sparkle","Replay The Spire","Shop Mod","StSLib"],"gold_per_floor":[119,136,136,136,146,146,180,195,195,123,123,123,140,90,90,186,186,196,196,207,226,226,226,0,0,76,107,107,107,107,118,118,219,219,236,236,256,274,80,80,92,92,92,92,92,42,42,55,88,99,99,99,99],"floor_reached":52,"playtime":3884,"items_purged":["Strike_G","Strike_G","Strike_G","Defend_G"],"score":573,"play_id":"3a69b638-800a-47cd-88ac-7f3304626c94","local_time":"20210103221935","is_ascension_mode":false,"campfire_choices":[{"data":"Replay:Bag of Tricks","floor":6,"key":"SMITH"},{"data":"Backflip","floor":11,"key":"SMITH"},{"data":"Neutralize","floor":15,"key":"SMITH"},{"data":"Catalyst","floor":23,"key":"SMITH"},{"data":"Deadly Poison","floor":25,"key":"SMITH"},{"data":"Defend_G","floor":30,"key":"PURGE"},{"data":"Bane","floor":32,"key":"SMITH"},{"data":"ReplayTheSpireMod:Necrosis","floor":40,"key":"SMITH"},{"floor":47,"key":"REST"},{"data":"Survivor","floor":47,"key":"SMITH"},{"data":"Quick Slash","floor":51,"key":"SMITH"}],"circlet_count":0,"master_deck":["Strike_G+1","Strike_G","Defend_G","Defend_G","Defend_G","Survivor+1","Neutralize+1","Backflip+1","Bane+1","Replay:Bag of Tricks+1","Catalyst+1","Deadly Poison+1","Bane+1","Corpse Explosion+1","Quick Slash+1","infinitespire:Neurotoxin","ReplayTheSpireMod:Necrosis+1","Poisoned Stab+1","Catalyst+1","Poisoned Stab+1","Toxin Wave","Deadly Poison+1"],"relics":["Ring of the Snake","Replay:Multitool","HornCleat","Whetstone","Smiling Mask","Sozu","Bottled Flame","ReplayTheSpireMod:Lightbulb","WristBlade","Happy Flower","infinitespire:Magic Flask","InkBottle"],"acts_visited":["Exordium","TheCity","TheBeyond"],"potions_floor_usage":[16],"damage_taken":[{"damage":7,"enemies":"Small Slimes","floor":1,"turns":5},{"damage":0,"enemies":"Cultist","floor":5,"turns":5},{"damage":13,"enemies":"3 Sentries","floor":7,"turns":15},{"damage":0,"enemies":"2 Louse","floor":8,"turns":3},{"damage":0,"enemies":"Blue Slaver","floor":13,"turns":2},{"damage":26,"enemies":"Slime Boss","floor":16,"turns":11},{"damage":0,"enemies":"3 Byrds","floor":18,"turns":2},{"damage":0,"enemies":"Chosen","floor":20,"turns":3},{"damage":6,"enemies":"Snake Plant","floor":21,"turns":4},{"damage":24,"enemies":"Gremlin Leader","floor":27,"turns":5},{"damage":1,"enemies":"Snecko","floor":31,"turns":3},{"damage":43,"enemies":"Collector","floor":33,"turns":9},{"damage":0,"enemies":"3 Darklings","floor":35,"turns":4},{"damage":0,"enemies":"Orb Walker","floor":37,"turns":3},{"damage":9,"enemies":"3 Darklings","floor":38,"turns":6},{"damage":28,"enemies":"Sphere and 2 Shapes","floor":41,"turns":5},{"damage":0,"enemies":"Spire Growth","floor":48,"turns":2},{"damage":0,"enemies":"R_Hoarder","floor":49,"turns":4},{"damage":0,"enemies":"3 Darklings","floor":50,"turns":2},{"damage":64,"enemies":"Replay:Hell Engine","floor":52,"turns":8}],"seed_played":"3210375529615375701","potions_obtained":[{"floor":8,"key":"Swift Potion"}],"is_trial":false,"path_per_floor":["M","?","?","T","M","R","E","M","T","$","R","?","M","$","R","B",null,"M","?","M","M","?","R","?","R","T","E","?","?","R","M","R","B",null,"M","?","M","M","$","R","M","?","PTL","PTL","T","$","R","M","E","M","R","B"],"character_chosen":"THE_SILENT","items_purchased":["Bane","Happy Flower"],"campfire_rested":1,"item_purchase_floors":[10,39],"current_hp_per_floor":[70,51,56,56,56,56,43,43,43,43,43,43,43,43,43,17,82,82,82,82,76,76,76,76,76,76,52,52,52,52,51,51,8,82,82,78,78,69,69,69,41,41,41,41,41,41,64,64,64,64,64,0,0],"gold":99,"neow_bonus":"TEN_PERCENT_HP_BONUS","is_daily":false,"chose_seed":false,"campfire_upgraded":9,"win_rate":0.0,"timestamp":1609741175,"path_taken":["M","?","?","?","M","R","E","M","T","$","R","?","?","?","R","BOSS","M","?","M","?","?","R","?","R","T","E","?","?","R","?","R","BOSS","M","?","M","M","$","R","M","?","PTL","PTL","T","$","R","?","E","M","R","BOSS"],"items_purchased_type":["Card","Relic"],"build_version":"2020-12-22","purchased_purges":4,"victory":false,"max_hp_per_floor":[77,77,82,82,82,82,82,82,82,82,82,82,82,82,82,82,82,82,82,82,82,82,82,82,82,82,82,82,82,82,82,82,82,82,82,78,78,78,78,78,78,78,78,78,78,78,78,78,78,78,78,78,78],"card_choices":[{"not_picked":["Blur","Slice"],"picked":"Backflip","floor":1},{"not_picked":["Acrobatics","Leg Sweep"],"picked":"Bane","floor":2},{"not_picked":["ReplayTheSpireMod:Exploit Weakness","Dagger Spray"],"picked":"Replay:Bag of Tricks","floor":5},{"not_picked":["Replay:Bag of Tricks","Prepared"],"picked":"Catalyst","floor":7},{"not_picked":["Finisher","PiercingWail"],"picked":"Deadly Poison","floor":8},{"not_picked":["PiercingWail","Blur","Dagger Spray"],"picked":"SKIP","floor":13},{"not_picked":["Night Terror","Doppelganger"],"picked":"Corpse Explosion","floor":16},{"not_picked":["Slice","Hidden Blade","Well Laid Plans+1"],"picked":"SKIP","floor":18},{"not_picked":["Hidden Blade","Heel Hook","Acrobatics"],"picked":"SKIP","floor":20},{"not_picked":["Leg Sweep","Eviscerate"],"picked":"Quick Slash","floor":21},{"not_picked":["Replay:Poison Smokescreen+1","Dagger Throw"],"picked":"ReplayTheSpireMod:Necrosis","floor":27},{"not_picked":["Backflip","Hidden Blade","Flying Knee+1"],"picked":"SKIP","floor":31},{"not_picked":["Bouncing Flask+1","Sucker Punch"],"picked":"Poisoned Stab+1","floor":35},{"not_picked":["ReplayTheSpireMod:Exploit Weakness+1","Sucker Punch+1"],"picked":"Catalyst","floor":37},{"not_picked":["Underhanded Strike","Footwork+1"],"picked":"Poisoned Stab+1","floor":38},{"not_picked":["PiercingWail","Dagger Throw","ReplayTheSpireMod:Scrap Shanks+1"],"picked":"SKIP","floor":41},{"not_picked":["Fluid Movement","Bouncing Flask+1"],"picked":"Toxin Wave","floor":48},{"not_picked":["Tools of the Trade","Underhanded Strike","Hidden Blade+1"],"picked":"SKIP","floor":49},{"not_picked":["Poisoned Stab","Dagger Spray"],"picked":"Deadly Poison+1","floor":50}],"player_experience":35088,"relics_obtained":[{"floor":2,"key":"Replay:Multitool"},{"floor":4,"key":"HornCleat"},{"floor":7,"key":"Whetstone"},{"floor":9,"key":"Smiling Mask"},{"floor":26,"key":"Bottled Flame"},{"floor":27,"key":"ReplayTheSpireMod:Lightbulb"},{"floor":45,"key":"infinitespire:Magic Flask"},{"floor":49,"key":"InkBottle"}],"event_choices":[{"damage_healed":0,"gold_gain":0,"player_choice":"Donut","damage_taken":0,"max_hp_gain":5,"max_hp_loss":0,"event_name":"Big Fish","floor":3,"gold_loss":0},{"damage_healed":0,"gold_gain":0,"player_choice":"Ignored","damage_taken":0,"max_hp_gain":0,"max_hp_loss":0,"event_name":"NoteForYourself","floor":12,"gold_loss":0},{"damage_healed":0,"gold_gain":0,"player_choice":"Forge","damage_taken":0,"max_hp_gain":0,"max_hp_loss":0,"event_name":"Accursed Blacksmith","floor":19,"gold_loss":0,"cards_upgraded":["Corpse Explosion"]},{"damage_healed":0,"gold_gain":0,"player_choice":"Read","damage_taken":0,"max_hp_gain":0,"max_hp_loss":0,"event_name":"The Library","floor":22,"gold_loss":0,"cards_obtained":["infinitespire:Neurotoxin"]},{"damage_healed":0,"gold_gain":0,"player_choice":"Paid Fearfully","damage_taken":0,"max_hp_gain":0,"max_hp_loss":0,"event_name":"Masked Bandits","floor":24,"gold_loss":226},{"damage_healed":0,"gold_gain":0,"player_choice":"0 cards matched","damage_taken":0,"max_hp_gain":0,"max_hp_loss":0,"event_name":"Match and Keep!","floor":29,"gold_loss":0,"cards_obtained":[]},{"damage_healed":0,"gold_gain":0,"player_choice":"Max HP","damage_taken":0,"max_hp_gain":0,"max_hp_loss":4,"event_name":"Winding Halls","floor":36,"gold_loss":0},{"damage_healed":0,"gold_gain":0,"player_choice":"Upgraded","damage_taken":0,"max_hp_gain":0,"max_hp_loss":0,"event_name":"Upgrade Shrine","floor":42,"gold_loss":0,"cards_upgraded":["Catalyst"]}],"is_beta":false,"boss_relics":[{"not_picked":["Coffee Dripper","HoveringKite"],"picked":"Sozu"},{"not_picked":["ReplayTheSpireMod:DimensionalGlitch","Fusion Hammer"],"picked":"WristBlade"}],"items_purged_floors":[10,14,39,46],"is_endless":false,"potions_floor_spawned":[8,20,27,33,38,48,49,50],"killed_by":"Replay:Hell Engine","ascension_level":0}}