{"host":"w2015cq1v71a9t6a","time":1609770980,"event":{"mods":["AchievementEnabler","BaseMod","BetterRewards","Colored Map","Colored Powertips","Dio Mod","Infinite Spire","Minty Spire (QoL Compilation)","Quick Restart","Replay The Spire","StSLib","Synergy Search","Td1madao Mod"],"gold_per_floor":[111,129,129,129,129,129,156,156,156,156,187,201,223,234,234,339,339,354,354,366,385,397,397,410,19448,19448,19448,19448,18657,18657,18756,18756,18860,18860,18870,18870,18351,18401,18412,18412,18441,18451,18530,18530,18134,18134,18134,18145,18145,18145],"floor_reached":51,"playtime":2927,"items_purged":["Writhe","Decay","dioMod:Strike","dioMod:Refresh"],"score":706,"play_id":"f80332fa-658a-4300-884f-e16fff256585","local_time":"20210104153620","is_ascension_mode":false,"campfire_choices":[{"data":"dioMod:MudaMudaMuda","floor":6,"key":"SMITH"},{"data":"dioMod:MudaMudaMuda","floor":8,"key":"SMITH"},{"data":"Bite","floor":10,"key":"SMITH"},{"floor":15,"key":"REST"},{"data":"dioMod:DaggerToss","floor":23,"key":"SMITH"},{"floor":27,"key":"REST"},{"data":"dioMod:DoubleTime","floor":32,"key":"SMITH"},{"data":"infinitespire:Collect","floor":40,"key":"SMITH"},{"data":"Replay:Fractal Strike","floor":44,"key":"SMITH"},{"data":"Apotheosis","floor":49,"key":"SMITH"}],"circlet_count":0,"master_deck":["dioMod:Strike","dioMod:Strike","dioMod:Strike","Bite+1","dioMod:Defend","dioMod:Defend","dioMod:Defend","dioMod:MudaMudaMuda+1","dioMod:MudaMudaMuda+1","dioMod:Muda","dioMod:DaggerToss+1","dioMod:FlyAway","dioMod:DoubleTime","dioMod:DoubleTime+1","dioMod:DaggerToss","Replay:Fractal Strike","dioMod:DoubleTime+1","infinitespire:Collect+1","Replay:Fractal Strike+1","dioMod:DaggerToss","Apotheosis+1"],"relics":["infinitespire:DarkRift","infinitespire:Cubic Diamond","Ring of Searing","ReplayTheSpireMod:Ring of Collecting","PreservedInsect","Replay:Bottled Flurry","Ring of Fury","Divine Protection","Replay:Wax Seal","Odd Mushroom","Busted Crown","Bronze Scales","Durian","HornCleat","Ring of Peace","infinitespire:FocusingShard","Frozen Egg 2","Happy Flower","TheAbacus","SlaversCollar","Medical Kit","Replay:Bronze Core","Philosopher\u0027s Stone","Membership Card","Replay:Towering Pillar of Hats","Snack Pack","ReplayTheSpireMod:Ring of Addiction","SacredBark","White Beast Statue","Bottled Flame","infinitespire:CheckeredPen","infinitespire:Beetle Shell","Strange Spoon"],"acts_visited":["Exordium","TheCity","TheBeyond"],"potions_floor_usage":[7,7,16,20,38],"damage_taken":[{"damage":10,"enemies":"Jaw Worm","floor":1,"turns":5},{"damage":2,"enemies":"Small Slimes","floor":2,"turns":4},{"damage":5,"enemies":"Lagavulin","floor":7,"turns":2},{"damage":25,"enemies":"3 Sentries","floor":11,"turns":6},{"damage":9,"enemies":"infinitespire:Voidling","floor":12,"turns":3},{"damage":15,"enemies":"The Mushroom Lair","floor":13,"turns":3},{"damage":5,"enemies":"Gremlin Gang","floor":14,"turns":3},{"damage":22,"enemies":"Hexaghost","floor":16,"turns":7},{"damage":33,"enemies":"Shell Parasite","floor":18,"turns":4},{"damage":8,"enemies":"2 Thieves","floor":20,"turns":2},{"damage":3,"enemies":"Chosen and Byrds","floor":21,"turns":3},{"damage":0,"enemies":"Snecko","floor":22,"turns":3},{"damage":27,"enemies":"Snake Plant","floor":24,"turns":4},{"damage":0,"enemies":"Champ","floor":33,"turns":5},{"damage":0,"enemies":"Orb Walker","floor":35,"turns":2},{"damage":0,"enemies":"Mind Bloom Boss Battle","floor":38,"turns":2},{"damage":0,"enemies":"3 Shapes","floor":39,"turns":2},{"damage":0,"enemies":"Reptomancer","floor":41,"turns":2},{"damage":0,"enemies":"Transient","floor":42,"turns":5},{"damage":3,"enemies":"4 Shapes","floor":48,"turns":3},{"damage":0,"enemies":"Replay:Hell Engine","floor":50,"turns":5}],"seed_played":"-5095174721155590851","potions_obtained":[{"floor":1,"key":"Fire Potion"},{"floor":2,"key":"Explosive Potion"},{"floor":12,"key":"Ancient Potion"},{"floor":13,"key":"dioMod:HumanBlood"},{"floor":16,"key":"SpeedPotion"},{"floor":18,"key":"DuplicationPotion"},{"floor":20,"key":"Fruit Juice"},{"floor":41,"key":"Block Potion"}],"is_trial":false,"path_per_floor":["M","M","?","?","?","R","E","R","T","R","E","M","?","M","R","B",null,"M","?","M","M","M","R","M","$","T","R","?","$","AVR","?","R","B",null,"M","AVR","?","?","M","R","E","M","T","R","$","?","?","M","R","B",null],"character_chosen":"THE_DEFAULT","items_purchased":["Durian","HornCleat","Frozen Egg 2","Happy Flower","TheAbacus","dioMod:DoubleTime","dioMod:DaggerToss","Swift Potion","infinitespire:CheckeredPen","infinitespire:Beetle Shell","Strange Spoon","dioMod:DaggerToss","Apotheosis"],"campfire_rested":2,"item_purchase_floors":[25,25,29,29,29,29,29,29,45,45,45,45,45],"current_hp_per_floor":[71,75,75,75,63,63,60,60,60,60,44,45,33,31,53,46,75,54,54,51,51,54,54,33,38,38,63,63,63,63,63,63,69,85,85,85,85,85,85,85,85,85,85,85,85,85,83,83,83,81],"gold":18145,"neow_bonus":"RANDOM_EVENT","is_daily":false,"chose_seed":false,"campfire_upgraded":8,"win_rate":0.0,"timestamp":1609770980,"path_taken":["M","M","?","?","?","R","E","R","T","R","E","M","?","?","R","BOSS","M","?","M","?","M","R","?","$","T","R","?","?","AVR","?","R","BOSS","M","AVR","?","?","M","R","E","M","T","R","?","?","?","M","R","BOSS"],"items_purchased_type":["Relic","Relic","Relic","Relic","Relic","Card","Card","Potion","Relic","Relic","Relic","Card","Card"],"build_version":"2020-12-22","purchased_purges":4,"victory":true,"max_hp_per_floor":[75,75,75,75,75,75,75,75,75,75,75,75,75,75,75,75,75,75,75,80,80,80,80,80,85,85,85,85,85,85,85,85,85,85,85,85,85,85,85,85,85,85,85,85,85,85,83,83,83,81],"card_choices":[{"not_picked":["dioMod:SadisticLaugh","dioMod:TripleThreat","dioMod:BloodSuck"],"picked":"SKIP","floor":1},{"not_picked":["dioMod:BlendIn","dioMod:HeavyLifting"],"picked":"dioMod:MudaMudaMuda","floor":2},{"not_picked":["dioMod:PhantomBlood","dioMod:Freeze"],"picked":"dioMod:MudaMudaMuda","floor":7},{"not_picked":["dioMod:HeavyLifting","dioMod:CutDeep","dioMod:BloodSuck"],"picked":"SKIP","floor":11},{"not_picked":["dioMod:Roundabout","dioMod:TripleThreat"],"picked":"dioMod:Muda","floor":12},{"not_picked":["dioMod:CutDeep","dioMod:BloodShield"],"picked":"dioMod:DaggerToss","floor":14},{"not_picked":["dioMod:GoldVial","dioMod:PhantomBlood"],"picked":"dioMod:Refresh","floor":16},{"not_picked":["dioMod:TripleThreat"],"picked":"SKIP","floor":18},{"not_picked":[],"picked":"dioMod:FlyAway","floor":20},{"not_picked":["dioMod:HeavyLifting"],"picked":"SKIP","floor":21},{"not_picked":["dioMod:GoodbyeJojo"],"picked":"SKIP","floor":22},{"not_picked":["dioMod:SadisticLaugh"],"picked":"SKIP","floor":24},{"not_picked":[],"picked":"dioMod:DoubleTime+1","floor":35},{"not_picked":["infinitespire:Menacing","infinitespire:Starlight"],"picked":"Replay:Fractal Strike","floor":37},{"not_picked":["dioMod:HeavyLifting+1"],"picked":"SKIP","floor":39},{"not_picked":["dioMod:CautiousMuda"],"picked":"SKIP","floor":41},{"not_picked":["dioMod:CoffinBath"],"picked":"SKIP","floor":42},{"not_picked":["dioMod:Roundabout"],"picked":"SKIP","floor":48}],"player_experience":28443,"relics_obtained":[{"floor":4,"key":"Ring of Searing"},{"floor":4,"key":"ReplayTheSpireMod:Ring of Collecting"},{"floor":7,"key":"Replay:Bottled Flurry"},{"floor":9,"key":"Ring of Fury"},{"floor":9,"key":"Divine Protection"},{"floor":11,"key":"Replay:Wax Seal"},{"floor":13,"key":"Odd Mushroom"},{"floor":26,"key":"Ring of Peace"},{"floor":26,"key":"infinitespire:FocusingShard"},{"floor":38,"key":"Replay:Towering Pillar of Hats"},{"floor":41,"key":"Snack Pack"},{"floor":43,"key":"ReplayTheSpireMod:Ring of Addiction"},{"floor":43,"key":"SacredBark"},{"floor":43,"key":"White Beast Statue"},{"floor":43,"key":"Bottled Flame"}],"event_choices":[{"cards_removed":["dioMod:Defend"],"damage_healed":0,"gold_gain":0,"player_choice":"Forget","damage_taken":0,"max_hp_gain":0,"max_hp_loss":0,"event_name":"Living Wall","floor":0,"gold_loss":0},{"damage_healed":0,"gold_gain":0,"player_choice":"Success","damage_taken":12,"relics_obtained":["PreservedInsect"],"max_hp_gain":0,"max_hp_loss":0,"event_name":"Scrap Ooze","floor":5,"gold_loss":0},{"damage_healed":0,"gold_gain":0,"player_choice":"Fought Mushrooms","damage_taken":0,"max_hp_gain":0,"max_hp_loss":0,"event_name":"Mushrooms","floor":13,"gold_loss":0},{"damage_healed":0,"gold_gain":0,"player_choice":"Opened","damage_taken":0,"relics_obtained":["Bronze Scales"],"max_hp_gain":0,"max_hp_loss":0,"event_name":"The Mausoleum","floor":19,"gold_loss":0,"cards_obtained":["Writhe"]},{"damage_healed":0,"gold_gain":0,"player_choice":"Cursed","damage_taken":0,"max_hp_gain":0,"max_hp_loss":0,"event_name":"Wheel of Change","floor":28,"gold_loss":0,"cards_obtained":["Decay"]},{"damage_healed":0,"gold_gain":99,"player_choice":"Stole From Cult","damage_taken":0,"max_hp_gain":0,"max_hp_loss":0,"event_name":"Nest","floor":31,"gold_loss":0},{"damage_healed":0,"gold_gain":0,"player_choice":"Fight","damage_taken":0,"max_hp_gain":0,"max_hp_loss":0,"event_name":"MindBloom","floor":38,"gold_loss":0},{"cards_removed":["infinitespire:FutureSight"],"damage_healed":0,"gold_gain":0,"player_choice":"Removed Skill","damage_taken":0,"max_hp_gain":0,"max_hp_loss":0,"event_name":"Falling","floor":46,"gold_loss":0}],"is_beta":false,"boss_relics":[{"not_picked":["Snecko Eye","Sozu"],"picked":"Busted Crown"},{"not_picked":["Empty Cage","Abe\u0027s Treasure"],"picked":"Replay:Bronze Core"}],"items_purged_floors":[25,29,30,36],"is_endless":false,"potions_floor_spawned":[1,2,12,13,16,18,20,38,41,42,48],"ascension_level":0}}