{"host":"0azimyi6n3ugndj4","time":1609791019,"event":{"mods":["2.2 Compatiblity","BaseMod","Bestiary","Conspire","Curses Come First","Defuse TimeMaze Blight","Hermit","Hubris","Hyrulean Relics","Infinite Spire","Jorbs\u0027s Wanderer Trilogy","Minty Spire (QoL Compilation)","Relic Stats","Replay The Spire","StSLib","SuperFastMode","The Cursed","The Hierophant","Uncapped","¡¼?Úª?ø«¡½REMEMod"],"gold_per_floor":[168,168,168,237,237,351,251,340,420,420,636,804,804,302,302,294,294],"floor_reached":16,"playtime":473,"items_purged":[],"score":483,"play_id":"ca2973eb-406a-484a-af53-e7aab904be75","local_time":"20210105051019","daily_mods":["SealedDeck","Hoarder","Insanity","Chimera","Specialized","Vintage","ControlledChaos","Allstar","Diverse","Colorless Cards","Heirloom","Time Dilation","Flight","Elite Swarm","Lethality","Midas","Binary"],"is_ascension_mode":true,"campfire_choices":[{"floor":10,"key":"REST"},{"floor":15,"key":"REST"}],"circlet_count":0,"master_deck":["Demon Form","Wraith Form v2","Echo Form","DevaForm","stsjorbsmod:ArcaneForm","stsjorbsmod:WastingForm","AscendersBane","hubris:Hubris","Bash","Survivor","Zap","Eruption","Strike_R","Strike_G","Strike_B","Defend_R","Defend_G","Defend_P","TheCursedMod:RavingStaff","Replay:DivineShield","hermit:Misfire","ReplaySolidLightProjector","PathToVictory","Force Field","Replay:BluntJabs","Compile Driver","stsjorbsmod:WanderingMind","stsjorbsmod:ChatteringStrike","stsjorbsmod:FranticSearch","hierophant:Mercenaries","Wild Strike","EmptyBody","TheCursedMod:CircleOfCorruption","Sucker Punch","Hidden Blade","REME_Cut","hierophant:ThreeLashes","ReplayReversal","Tempest","hierophant:Shelter","TheCursedMod:FleshFromBone","hermit:ItchyTrigger","Scrape","conspire:DoublingDagger","Shrug It Off","Quick Slash","TheCursedMod:EmpowerCircles","hermit:Gestalt","Leap","Concentrate","hermit:Snipe","hierophant:FieryStrike","ThirdEye","stsjorbsmod:Channel","REME_MusicOfDeath","hierophant:FlamingChariot","Power Through","Run Through","Underhanded Strike","Acrobatics","Gash","hierophant:Empathy","TheCursedMod:CursedAmulet","Well Laid Plans","stsjorbsmod:ChatteringStrike","TheCursedMod:Obscuration","TheCursedMod:CircleOfWindfury","hierophant:SealAway","REME_ACTH","REME_ACTH","REME_ACTH","REME_ACTH","REME_ACTH","REME_ACTH","REME_ACTH","REME_ACTH","REME_ACTH","REME_ACTH","REME_ACTH","REME_ACTH","REME_ACTH","REME_ACTH","REME_ACTH","Leap","Leap","Leap","Shrug It Off","Shrug It Off","Shrug It Off","Cold Snap","Cold Snap","Cold Snap","stsjorbsmod:Hibernate","stsjorbsmod:Hibernate","stsjorbsmod:Hibernate","Panic Button","Panic Button","Panic Button","stsjorbsmod:FracturedMind","stsjorbsmod:FracturedMind","stsjorbsmod:FracturedMind","Sunder","Sunder","Sunder","hermit:Coalescence","hermit:Coalescence","hermit:Coalescence","Sword Boomerang","Sword Boomerang","Sword Boomerang","hierophant:Doubloon","hierophant:Doubloon","hierophant:Doubloon","hubris:StunningStrike","hubris:StunningStrike","hubris:StunningStrike","Pain","Pain","Pain","Ghostly","Ghostly","Ghostly"],"relics":["Ring of the Snake","Frozen Eye","Busted Crown","REME_ComplimentaryCards","conspire:GiftBox","InkBottle","WarpedTongs","hubris:AstralHammer","Centennial Puzzle","zeldaRelics:CourageTriforce","Vajra","zeldaRelics:WisdomPiece","Sling","Oddly Smooth Stone","Omamori"],"acts_visited":["Exordium"],"potions_floor_usage":[10,16],"damage_taken":[{"damage":4,"enemies":"Jaw Worm","floor":1,"turns":5},{"damage":2,"enemies":"Small Slimes","floor":4,"turns":4},{"damage":16,"enemies":"3 Sentries","floor":6,"turns":5},{"damage":1,"enemies":"Lagavulin","floor":8,"turns":6},{"damage":11,"enemies":"3 Sentries","floor":12,"turns":4},{"damage":54,"enemies":"Slime Boss","floor":16,"turns":5}],"seed_played":"-7641273695884727685","potions_obtained":[{"floor":4,"key":"Weak Potion"},{"floor":8,"key":"Fruit Juice"}],"is_trial":true,"path_per_floor":["M","?","?","M","?","E","?","E","T","R","?","?","T","$","R","B"],"character_chosen":"THE_SILENT","items_purchased":["Sling","Oddly Smooth Stone","Omamori"],"campfire_rested":2,"item_purchase_floors":[14,14,14],"current_hp_per_floor":[55,51,51,49,49,33,33,32,32,58,35,24,24,24,45,0,0],"gold":294,"neow_bonus":"","is_daily":false,"chose_seed":false,"campfire_upgraded":0,"win_rate":0.0,"timestamp":1609791019,"path_taken":["M","?","?","?","?","E","?","E","T","R","?","?","?","?","R","BOSS"],"items_purchased_type":["Relic","Relic","Relic"],"build_version":"2020-12-22","purchased_purges":0,"victory":false,"max_hp_per_floor":[66,66,66,66,66,66,66,66,66,71,71,71,71,71,71,71,71],"relic_stats":{"Centennial Puzzle":[12],"Busted Crown":26,"counters":[6,29],"obtain_stats":[{"zeldaRelics:WisdomPiece":13,"Vajra":12,"Oddly Smooth Stone":14,"Omamori":14,"Sling":14,"zeldaRelics:CourageTriforce":9,"WarpedTongs":3,"Frozen Eye":0,"conspire:GiftBox":0,"Centennial Puzzle":5,"Busted Crown":0,"hubris:AstralHammer":4,"zeldaRelics:CouragePiece":6,"InkBottle":1,"Ring of the Snake":0,"REME_ComplimentaryCards":0},{"zeldaRelics:WisdomPiece":5,"Vajra":5,"Oddly Smooth Stone":5,"Omamori":5,"Sling":5,"zeldaRelics:CourageTriforce":4,"WarpedTongs":1,"Frozen Eye":0,"conspire:GiftBox":0,"Centennial Puzzle":2,"Busted Crown":0,"hubris:AstralHammer":2,"zeldaRelics:CouragePiece":3,"InkBottle":1,"Ring of the Snake":0,"REME_ComplimentaryCards":0},{"zeldaRelics:WisdomPiece":24,"Vajra":24,"Oddly Smooth Stone":24,"Omamori":24,"Sling":24,"zeldaRelics:CourageTriforce":20,"WarpedTongs":5,"Frozen Eye":0,"conspire:GiftBox":0,"Centennial Puzzle":9,"Busted Crown":0,"hubris:AstralHammer":9,"zeldaRelics:CouragePiece":14,"InkBottle":5,"Ring of the Snake":0,"REME_ComplimentaryCards":0}],"InkBottle":[10],"Ring of the Snake":[12],"WarpedTongs":[24]},"card_choices":[],"player_experience":1526389,"relics_obtained":[{"floor":1,"key":"InkBottle"},{"floor":4,"key":"hubris:AstralHammer"},{"floor":5,"key":"Centennial Puzzle"},{"floor":6,"key":"zeldaRelics:CouragePiece"},{"floor":8,"key":"zeldaRelics:CouragePiece"},{"floor":9,"key":"zeldaRelics:CouragePiece"},{"floor":12,"key":"Vajra"},{"floor":13,"key":"zeldaRelics:WisdomPiece"}],"event_choices":[{"damage_healed":0,"gold_gain":0,"player_choice":"Leave","damage_taken":0,"max_hp_gain":0,"max_hp_loss":0,"event_name":"conspire:Investor","floor":2,"gold_loss":0},{"damage_healed":0,"gold_gain":0,"player_choice":"Rummage","damage_taken":0,"relics_obtained":["WarpedTongs"],"max_hp_gain":0,"max_hp_loss":0,"event_name":"Accursed Blacksmith","floor":3,"gold_loss":0,"cards_obtained":["Pain"]},{"damage_healed":0,"gold_gain":0,"player_choice":"Argue","damage_taken":0,"max_hp_gain":0,"max_hp_loss":0,"event_name":"conspire:LoneGhost","floor":7,"gold_loss":0},{"damage_healed":0,"gold_gain":0,"player_choice":"Searched \u00272\u0027 times","damage_taken":0,"max_hp_gain":0,"max_hp_loss":0,"event_name":"Dead Adventurer","floor":12,"gold_loss":0}],"is_beta":false,"boss_relics":[],"items_purged_floors":[],"is_endless":false,"potions_floor_spawned":[4,8],"killed_by":"Slime Boss","ascension_level":20}}