{"host":"61r95uy0hn86b9iu","time":1609733270,"event":{"mods":["AchievementEnabler","BaseMod","Better Vampires","BetterRewards","Colored Powertips","Hubris","Minty Spire (QoL Compilation)","Shop Mod","StSLib"],"gold_per_floor":[119,139,45,45,45,72,72,72,72,72,88,108,123,148,148,248,248,268,298,298,308,24,24,52,52,76,89,121,121,121,8,8,109,109,126,37,37,37,37,37,67,67,67,86,86,104,104,120,120,120],"floor_reached":51,"playtime":1738,"items_purged":["Apotheosis+1","Strike_R"],"score":1371,"play_id":"55b80d7e-876c-4974-9508-67d2073537bc","local_time":"20210103220750","is_ascension_mode":true,"campfire_choices":[{"floor":7.0,"key":"REST"},{"data":"Heavy Blade","floor":15.0,"key":"SMITH"},{"floor":23.0,"key":"REST"},{"floor":25.0,"key":"REST"},{"data":"Panacea","floor":32.0,"key":"SMITH"},{"data":"hubris:CleavingFinish","floor":40.0,"key":"SMITH"},{"data":"Inflame","floor":45,"key":"SMITH"},{"floor":49,"key":"REST"}],"circlet_count":0,"master_deck":["Apotheosis+1","Strike_R","Defend_R","Defend_R","Defend_R","Bash","Ghostly Armor","Shrug It Off","Panacea+1","Inflame+1","Seeing Red+1","hubris:CleavingFinish+1","Heavy Blade+1","Disarm+1","Shockwave+1","Heavy Blade","Flex+1","Panacea+1","Metallicize+1","True Grit+1","Flame Barrier+1","Seeing Red+1","Reaper","Finesse+1","hubris:SharpeningStone+1","Battle Trance+1","Heavy Blade+1"],"relics":["Burning Blood","hubris:EmptyBottle","hubris:ChampionShield","Toxic Egg 2","hubris:Potato","Toy Ornithopter","Red Mask","hubris:ToyBattleship","Bag of Marbles","Bottled Flame","hubris:ScarierMask","Akabeko","Kunai"],"acts_visited":["Exordium","TheCity","TheBeyond"],"potions_floor_usage":[41,48,50,50,50,50,50],"damage_taken":[{"damage":0.0,"enemies":"Cultist","floor":1.0,"turns":3.0},{"damage":0.0,"enemies":"Small Slimes","floor":2.0,"turns":4.0},{"damage":32.0,"enemies":"Lagavulin","floor":6.0,"turns":8.0},{"damage":0.0,"enemies":"2 Louse","floor":11.0,"turns":1.0},{"damage":14.0,"enemies":"Exordium Thugs","floor":12.0,"turns":3.0},{"damage":0.0,"enemies":"2 Fungi Beasts","floor":13.0,"turns":3.0},{"damage":8.0,"enemies":"3 Sentries","floor":14.0,"turns":6.0},{"damage":49.0,"enemies":"Hexaghost","floor":16.0,"turns":10.0},{"damage":19.0,"enemies":"Chosen","floor":18.0,"turns":5.0},{"damage":30.0,"enemies":"Masked Bandits","floor":19.0,"turns":6.0},{"damage":20.0,"enemies":"2 Thieves","floor":21.0,"turns":4.0},{"damage":34.0,"enemies":"Book of Stabbing","floor":24.0,"turns":6.0},{"damage":9.0,"enemies":"Chosen and Byrds","floor":27.0,"turns":5.0},{"damage":20.0,"enemies":"Gremlin Leader","floor":28.0,"turns":5.0},{"damage":57.0,"enemies":"Collector","floor":33.0,"turns":8.0},{"damage":13.0,"enemies":"Orb Walker","floor":35.0,"turns":5.0},{"damage":35,"enemies":"Reptomancer","floor":41,"turns":8},{"damage":7,"enemies":"3 Darklings","floor":44,"turns":8},{"damage":64,"enemies":"Transient","floor":46,"turns":5},{"damage":16,"enemies":"Jaw Worm Horde","floor":48,"turns":4},{"damage":40,"enemies":"hubris:GrandSnecko","floor":50,"turns":7}],"seed_played":"7317577883027905058","potions_obtained":[{"floor":2.0,"key":"Explosive Potion"},{"floor":12.0,"key":"Energy Potion"},{"floor":13.0,"key":"DistilledChaos"},{"floor":18.0,"key":"Fruit Juice"},{"floor":24.0,"key":"SteroidPotion"},{"floor":28.0,"key":"Strength Potion"},{"floor":46,"key":"GamblersBrew"},{"floor":48,"key":"Ancient Potion"}],"is_trial":false,"path_per_floor":["M","M","$","?","$","E","R","$","T","?","M","M","M","E","R","B",null,"M","?","?","M","$","R","E","R","T","M","E","?","?","$","R","B",null,"M","$","?","?","$","R","E","$","T","M","R","M","$","M","R","B",null],"character_chosen":"IRONCLAD","items_purchased":["hubris:EmptyBottle","hubris:ChampionShield","Fruit Juice","Panacea","Flex+1","Panacea+1","PowerPotion","LiquidBronze","Seeing Red+1","Finesse+1"],"campfire_rested":4,"item_purchase_floors":[0,0,0,3,22,22,22,31,31,36],"current_hp_per_floor":[72,78,78,78,78,52,77,77,77,77,83,75,81,79,79,36,73,80,61,61,47,47,75,57,85,85,82,78,78,78,78,78,32,79,84,84,84,84,84,84,82,82,82,95,95,55,55,74,95,75],"gold":120,"neow_bonus":"","is_daily":false,"chose_seed":false,"campfire_upgraded":4,"win_rate":0.0,"timestamp":1609733270,"path_taken":["M","M","$","?","?","E","R","$","T","?","?","M","M","E","R","BOSS","M","?","?","M","$","R","E","R","T","?","E","?","?","?","R","BOSS","M","$","?","?","?","R","E","$","T","M","R","?","$","M","R","BOSS"],"items_purchased_type":["Relic","Relic","Potion","Card","Card","Card","Potion","Potion","Card","Card"],"build_version":"2020-12-22","purchased_purges":2,"victory":true,"max_hp_per_floor":[85,85,85,85,85,85,85,85,85,85,85,85,85,85,85,85,85,95,95,95,95,95,95,95,95,95,95,95,95,95,95,95,95,95,95,95,95,95,95,95,95,95,95,95,95,95,95,95,95,95],"card_choices":[{"not_picked":["Combust","Ghostly Armor","Reckless Charge"],"picked":"SKIP","floor":1.0},{"not_picked":["Combust","Reckless Charge"],"picked":"Ghostly Armor","floor":1.0},{"not_picked":["Body Slam","Clash"],"picked":"Shrug It Off","floor":2.0},{"not_picked":["Shrug It Off+1","Bloodletting+1"],"picked":"Seeing Red+1","floor":6.0},{"not_picked":["Ghostly Armor+1","Havoc+1"],"picked":"hubris:CleavingFinish","floor":11.0},{"not_picked":["Headbutt","Body Slam"],"picked":"Heavy Blade","floor":12.0},{"not_picked":["Thunderclap","Armaments+1"],"picked":"Disarm+1","floor":13.0},{"not_picked":["Clothesline","Body Slam","Rampage"],"picked":"SKIP","floor":14.0},{"not_picked":["Cleave","Wild Strike","Fire Breathing"],"picked":"SKIP","floor":18.0},{"not_picked":["Headbutt","Cleave"],"picked":"Shockwave+1","floor":19.0},{"not_picked":["Uppercut","Thunderclap+1"],"picked":"Heavy Blade","floor":21.0},{"not_picked":["Sword Boomerang","Headbutt"],"picked":"Metallicize+1","floor":24.0},{"not_picked":["Feel No Pain+1","Reckless Charge"],"picked":"True Grit+1","floor":27.0},{"not_picked":["Juggernaut","Anger+1"],"picked":"Flame Barrier+1","floor":28.0},{"not_picked":["Juggernaut","Corruption"],"picked":"Reaper","floor":33.0},{"not_picked":["hubris:ReadiedAction+1","Ghostly Armor+1","Carnage+1"],"picked":"SKIP","floor":35.0},{"not_picked":["Feel No Pain","Perfected Strike"],"picked":"Battle Trance+1","floor":41},{"not_picked":["Sever Soul+1","Havoc+1","Anger"],"picked":"SKIP","floor":44},{"not_picked":["Anger+1","Twin Strike+1","Blood for Blood+1"],"picked":"SKIP","floor":46},{"not_picked":["Wild Strike+1","Shrug It Off+1"],"picked":"Heavy Blade+1","floor":48}],"player_experience":3213994,"relics_obtained":[{"floor":6.0,"key":"Toxic Egg 2"},{"floor":9.0,"key":"hubris:Potato"},{"floor":14.0,"key":"Toy Ornithopter"},{"floor":19.0,"key":"Red Mask"},{"floor":24.0,"key":"hubris:ToyBattleship"},{"floor":26.0,"key":"Bag of Marbles"},{"floor":28.0,"key":"Bottled Flame"},{"floor":41,"key":"Akabeko"},{"floor":43,"key":"Kunai"}],"event_choices":[{"damage_healed":0.0,"max_hp_gain":0.0,"max_hp_loss":0.0,"gold_gain":0.0,"cards_transformed":["Strike_R"],"event_name":"Transmorgrifier","player_choice":"Transformed","floor":4.0,"gold_loss":0.0,"damage_taken":0.0,"cards_obtained":["Inflame"]},{"cards_removed":["Defend_R"],"damage_healed":0.0,"max_hp_gain":0.0,"max_hp_loss":0.0,"gold_gain":0.0,"event_name":"Bonfire Elementals","player_choice":"Offered Basic","floor":10.0,"gold_loss":0.0,"damage_taken":0.0},{"damage_healed":0.0,"max_hp_gain":0.0,"max_hp_loss":0.0,"gold_gain":0.0,"event_name":"Masked Bandits","player_choice":"Fought Bandits","floor":19.0,"gold_loss":0.0,"damage_taken":0.0},{"damage_healed":0.0,"max_hp_gain":0.0,"max_hp_loss":0.0,"gold_gain":0.0,"event_name":"N\u0027loth","player_choice":"Ignored","floor":20.0,"gold_loss":0.0,"damage_taken":0.0},{"damage_healed":0.0,"max_hp_gain":0.0,"max_hp_loss":0.0,"gold_gain":0.0,"event_name":"Ghosts","player_choice":"Ignored","floor":29.0,"gold_loss":0.0,"damage_taken":0.0},{"cards_removed":["Strike_R"],"damage_healed":0.0,"max_hp_gain":0.0,"max_hp_loss":0.0,"gold_gain":0.0,"event_name":"Back to Basics","player_choice":"Elegance","floor":30.0,"gold_loss":0.0,"damage_taken":0.0}],"is_beta":false,"boss_relics":[{"not_picked":["hubris:BlackHole","Snecko Eye","hubris:CrackedHourglass"]},{"not_picked":["hubris:HollowSoul","hubris:VirtuousBlindfold"],"picked":"hubris:ScarierMask"}],"items_purged_floors":[0,22],"is_endless":false,"potions_floor_spawned":[2,12,13,18,24,28,46,48],"ascension_level":9}}