{"host":"4q6g5wn1adpnm0z5","time":1609791450,"event":{"mods":["2.2 Compatiblity","Aspiration","Astrologer","BaseMod","Hermit","Hubris","Minty Spire (QoL Compilation)","Replay The Spire","StSLib","The Cursed","The Hierophant","The Jungle"],"gold_per_floor":[129,129,162,202,127,156,156,188,215,263,263,309,322,322,322,399,399,419,419,449,483,333,368,380,425,464,476,547,434,434,511,511,606,606,639,687,190,222,277,338,338,428,502,564,564,623,75,150,150,170],"floor_reached":51,"playtime":2444,"items_purged":["Defend_G","Decay","Magnetism","Defend_G+1","Strike_G+1"],"score":2302,"play_id":"d0353fac-bd2f-4cf3-9bfb-edf6e65889f4","local_time":"20210104211730","daily_mods":["Allstar","Vintage","Elite Swarm"],"is_ascension_mode":true,"campfire_choices":[{"data":"Neutralize","floor":7.0,"key":"SMITH"},{"data":"Adrenaline","floor":11,"key":"SMITH"},{"data":"After Image","floor":15,"key":"SMITH"},{"data":"ReplayTheSpireMod:From All Sides","floor":27,"key":"SMITH"},{"data":"HandOfGreed","floor":32,"key":"SMITH"},{"data":"Cloak And Dagger","floor":45,"key":"SMITH"},{"data":"Caltrops","floor":49,"key":"SMITH"}],"circlet_count":0,"master_deck":["AscendersBane","Strike_G+1","Strike_G+1","Strike_G+1","Strike_G+1","Defend_G+1","Defend_G+1","Defend_G+1","Survivor","Neutralize+1","ReplayTheSpireMod:Private Reserves","Bandage Up","Swift Strike","HandOfGreed+1","Adrenaline+1","After Image+1","Deadly Poison","ReplayTheSpireMod:From All Sides+1","Core Surge","Cloak And Dagger+1","Caltrops+1"],"relics":["Ring of the Snake","Byrd Skull","Boot","aspiration:FetidBarrel","hubris:BundleOfHerbs","Replay:Wax Seal","Akabeko","ReplayTheSpireMod:TigerMarble","Paper Crane","ReplayTheSpireMod:Ninjato","aspiration:BabyByrd","aspiration:DefectSkillbook","Potion Belt","Oddly Smooth Stone","Bronze Scales","MawBank","ReplayTheSpireMod:Lightbulb","Replay:Bandana","hubris:SphereOfDissonance","WristBlade","Shuriken","Bag of Preparation","Happy Flower","Centennial Puzzle","Ornamental Fan","Vajra","Prayer Wheel","hubris:Towel","ReplayFunnel","InkBottle","Nunchaku","aspiration:Lifesprig","Toy Ornithopter","Strawberry","FossilizedHelix"],"acts_visited":["Exordium","TheCity","TheBeyond"],"potions_floor_usage":[8,16,23,33,50,50,50,50],"damage_taken":[{"damage":0.0,"enemies":"Jaw Worm","floor":1.0,"turns":3.0},{"damage":4.0,"enemies":"Small Slimes","floor":3.0,"turns":2.0},{"damage":0.0,"enemies":"2 Louse","floor":4.0,"turns":3.0},{"damage":19.0,"enemies":"Gremlin Nob","floor":6.0,"turns":4.0},{"damage":2,"enemies":"3 Sentries","floor":8,"turns":4},{"damage":23,"enemies":"Lagavulin","floor":10,"turns":6},{"damage":13,"enemies":"Gremlin Nob","floor":12,"turns":4},{"damage":0,"enemies":"Exordium Thugs","floor":13,"turns":2},{"damage":0,"enemies":"Slime Boss","floor":16,"turns":7},{"damage":0,"enemies":"Shell Parasite","floor":18,"turns":4},{"damage":0,"enemies":"Spheric Guardian","floor":20,"turns":3},{"damage":2,"enemies":"Cultist and Chosen","floor":21,"turns":6},{"damage":14,"enemies":"Slavers","floor":23,"turns":4},{"damage":0,"enemies":"Book of Stabbing","floor":25,"turns":4},{"damage":0,"enemies":"Gremlin Leader","floor":28,"turns":4},{"damage":0,"enemies":"Book of Stabbing","floor":31,"turns":3},{"damage":0,"enemies":"Automaton","floor":33,"turns":9},{"damage":0,"enemies":"3 Darklings","floor":35,"turns":3},{"damage":0,"enemies":"Orb Walker","floor":36,"turns":2},{"damage":0,"enemies":"3 Darklings","floor":38,"turns":2},{"damage":0,"enemies":"Jaw Worm Horde","floor":39,"turns":2},{"damage":0,"enemies":"R_Hoarder","floor":40,"turns":3},{"damage":6,"enemies":"Nemesis","floor":42,"turns":3},{"damage":0,"enemies":"R_Hoarder","floor":44,"turns":4},{"damage":0,"enemies":"Reptomancer","floor":46,"turns":3},{"damage":0,"enemies":"Giant Head","floor":48,"turns":2},{"damage":0,"enemies":"Time Eater","floor":50,"turns":5}],"seed_played":"7588307029780873792","potions_obtained":[{"floor":1.0,"key":"Toxic Potion"},{"floor":3.0,"key":"Strength Potion"},{"floor":10,"key":"Block Potion"},{"floor":12,"key":"CunningPotion"},{"floor":21,"key":"SkillPotion"},{"floor":23,"key":"FearPotion"},{"floor":25,"key":"Fire Potion"},{"floor":31,"key":"LiquidBronze"},{"floor":33,"key":"SpeedPotion"},{"floor":38,"key":"Dexterity Potion"},{"floor":48,"key":"Dexterity Potion"}],"is_trial":true,"path_per_floor":["M","?","M","M","$","E","R","E","T","E","R","E","M","?","R","B",null,"M","?","M","M","$","E","?","E","T","R","E","$","?","E","R","B",null,"M","M","$","M","M","E","?","E","T","E","R","E","$","E","R","B",null],"character_chosen":"THE_SILENT","items_purchased":["Deadly Poison","Happy Flower","Cloak And Dagger","Centennial Puzzle","Toy Ornithopter","Strawberry","Caltrops"],"campfire_rested":0,"item_purchase_floors":[22,37,37,37,47,47,47],"current_hp_per_floor":[63,50,46,50,50,35,35,37,37,38,38,29,33,33,33,37,59,63,63,66,64,64,54,54,58,58,58,62,62,62,66,66,66,66,66,66,66,66,66,66,66,60,60,64,64,64,71,73,73,73],"gold":170,"neow_bonus":"","is_daily":false,"chose_seed":false,"campfire_upgraded":7,"win_rate":0.0,"timestamp":1609791450,"path_taken":["M","?","M","M","$","E","R","E","T","E","R","E","M","?","R","BOSS","M","?","?","M","?","E","?","E","T","R","E","$","?","E","R","BOSS","M","?","$","M","M","E","?","E","T","E","R","E","$","E","R","BOSS"],"items_purchased_type":["Card","Relic","Card","Relic","Relic","Relic","Card"],"build_version":"2020-12-22","purchased_purges":5,"victory":true,"max_hp_per_floor":[66,66,66,66,66,66,66,66,66,66,66,66,66,66,66,66,66,66,66,66,66,66,66,66,66,66,66,66,66,66,66,66,66,66,66,66,66,66,66,66,66,66,66,66,66,66,73,73,73,73],"card_choices":[{"not_picked":["Corpse Explosion","Malaise"],"picked":"Adrenaline","floor":6.0},{"not_picked":["Grand Finale","Tools of the Trade","Unload"],"picked":"SKIP","floor":8},{"not_picked":["Storm of Steel","Venomology"],"picked":"After Image","floor":10},{"not_picked":["Phantasmal Killer","ReplayTheSpireMod:Necrosis","Burst"],"picked":"SKIP","floor":12},{"not_picked":["Multi-Cast","Adrenaline","Echo Form"],"picked":"ReplayTheSpireMod:From All Sides","floor":23},{"not_picked":["Wraith Form v2","Machine Learning","Bullet Time"],"picked":"Core Surge","floor":25},{"not_picked":["ReplayTheSpireMod:Fabricate Wheel","Phantasmal Killer","Malaise","Bullet Time"],"picked":"SKIP","floor":28},{"not_picked":["Mirror Shield","Multi-Cast","Storm of Steel","All For One"],"picked":"SKIP","floor":31},{"not_picked":["Replay:Bag of Tricks","Machine Learning","Doppelganger","Electrodynamics"],"picked":"SKIP","floor":40},{"not_picked":["Rainbow","Electrodynamics","Night Terror","Core Surge"],"picked":"SKIP","floor":42},{"not_picked":["Buffer","ReplayRNGCard","Amplify","Seek"],"picked":"SKIP","floor":44},{"not_picked":["ReplayTheSpireMod:Necrosis","Buffer","ReplayTheSpireMod:From All Sides","Malaise"],"picked":"SKIP","floor":46},{"not_picked":["All For One","Replay:Bag of Tricks","Adrenaline","aspiration:Lunge"],"picked":"SKIP","floor":48}],"player_experience":2372247,"relics_obtained":[{"floor":1.0,"key":"Byrd Skull"},{"floor":3.0,"key":"Boot"},{"floor":4.0,"key":"aspiration:FetidBarrel"},{"floor":6.0,"key":"hubris:BundleOfHerbs"},{"floor":8,"key":"Replay:Wax Seal"},{"floor":9,"key":"Akabeko"},{"floor":10,"key":"ReplayTheSpireMod:TigerMarble"},{"floor":12,"key":"Paper Crane"},{"floor":13,"key":"ReplayTheSpireMod:Ninjato"},{"floor":18,"key":"Potion Belt"},{"floor":20,"key":"Oddly Smooth Stone"},{"floor":21,"key":"Bronze Scales"},{"floor":23,"key":"MawBank"},{"floor":25,"key":"ReplayTheSpireMod:Lightbulb"},{"floor":26,"key":"Replay:Bandana"},{"floor":31,"key":"hubris:SphereOfDissonance"},{"floor":35,"key":"Shuriken"},{"floor":36,"key":"Bag of Preparation"},{"floor":38,"key":"Ornamental Fan"},{"floor":39,"key":"Vajra"},{"floor":40,"key":"Prayer Wheel"},{"floor":42,"key":"ReplayFunnel"},{"floor":43,"key":"InkBottle"},{"floor":44,"key":"Nunchaku"},{"floor":46,"key":"aspiration:Lifesprig"},{"floor":48,"key":"FossilizedHelix"}],"event_choices":[{"damage_healed":0.0,"max_hp_gain":0.0,"max_hp_loss":0.0,"gold_gain":0.0,"event_name":"Shining Light","player_choice":"Entered Light","floor":2.0,"gold_loss":0.0,"damage_taken":13.0,"cards_upgraded":["Strike_G","Strike_G"]},{"damage_healed":0,"gold_gain":0,"player_choice":"Cursed","damage_taken":0,"max_hp_gain":0,"max_hp_loss":0,"event_name":"Wheel of Change","floor":19,"gold_loss":0,"cards_obtained":["Decay"]},{"damage_healed":0,"gold_gain":0,"player_choice":"Simplicity","damage_taken":0,"max_hp_gain":0,"max_hp_loss":0,"event_name":"Back to Basics","floor":24,"gold_loss":0,"cards_upgraded":["Strike_G","Strike_G","Strike_G","Defend_G","Defend_G","Defend_G","Defend_G"]},{"damage_healed":0,"gold_gain":0,"player_choice":"Ignored","damage_taken":0,"max_hp_gain":0,"max_hp_loss":0,"event_name":"NoteForYourself","floor":30,"gold_loss":0}],"is_beta":false,"boss_relics":[{"not_picked":["hubris:BlackHole","hubris:GrandSneckoEye"],"picked":"aspiration:DefectSkillbook"},{"not_picked":["Velvet Choker","Black Star"],"picked":"WristBlade"}],"items_purged_floors":[5,22,29,37,47],"is_endless":false,"potions_floor_spawned":[1,3,10,12,21,23,25,31,33,35,38,42,48],"ascension_level":14}}