{"host":"sup1rd0ujr5jgopq","time":1609733136,"event":{"mods":["BaseMod","Colored Map","Downfall","Minty Spire (QoL Compilation)","StSLib"],"gold_per_floor":[99,115,115,131,145,201,253,279,294,294,194,214,7,21,31,128,128,128,148,166,166,166,182,229,129,14,14,14,25,25,42,57,57,57,57],"floor_reached":33,"playtime":2632,"items_purged":["hexamod:Strike","hexamod:Defend"],"score":251,"play_id":"10aaab0b-f198-4e70-8867-de9c89e1c1a2","local_time":"20210103230536","is_ascension_mode":false,"campfire_choices":[{"data":"hexamod:Sear","floor":1,"key":"SMITH"},{"data":"hexamod:HeatShield","floor":11,"key":"SMITH"},{"floor":18,"key":"RECALL"},{"data":"hexamod:CatchUp","floor":25,"key":"SMITH"},{"data":"hexamod:Again","floor":28,"key":"SMITH"}],"circlet_count":0,"master_deck":["hexamod:Defend","hexamod:Defend","hexamod:Defend","hexamod:Sear+1","hexamod:Float+1","hexamod:SpectralSpark","hexamod:Again+1","hexamod:BurningTouch","hexamod:HeatShield+1","hexamod:StepThrough","hexamod:CatchUp+1","hexamod:Hexaguard","hexamod:GhostOfSpireFuture+1","hexamod:ThermalTransfer","hexamod:GhostflameBarrier","hexamod:Hexaguard","hexamod:CrushingStance","hexamod:NightmareGuise+1","hexamod:HexaLevel+1","hexamod:HexaLevel+1","hexamod:GhostLash+1","hexamod:GhostShield","hexamod:EmpoweredFlame+1","hexamod:SuperheatedStrike+1","hexamod:SpectralSpark","hexamod:EmpoweredFlame+1","hexamod:CrushingStance","downfall:Malfunctioning","hexamod:ShieldOfDarkness+1"],"relics":["hexamod:SpiritBrand","Orichalcum","Frozen Egg 2","downfall:HeartBlessingBlue","Astrolabe","Anchor","downfall:HeartBlessingRed","Enchiridion"],"acts_visited":["Exordium","TheCity"],"potions_floor_usage":[16,16,16,33],"damage_taken":[{"damage":0,"enemies":"Small Slimes","floor":2,"turns":3},{"damage":0,"enemies":"Cultist","floor":4,"turns":3},{"damage":1,"enemies":"Jaw Worm","floor":5,"turns":3},{"damage":20,"enemies":"3 Sentries","floor":6,"turns":9},{"damage":7,"enemies":"3 Sentries","floor":8,"turns":10},{"damage":8,"enemies":"3 Louse","floor":9,"turns":4},{"damage":4,"enemies":"Blue Slaver","floor":12,"turns":3},{"damage":0,"enemies":"downfall:FleeingMerchant","floor":13,"turns":4},{"damage":4,"enemies":"Large Slime","floor":14,"turns":3},{"damage":0,"enemies":"Red Slaver","floor":15,"turns":3},{"damage":16,"enemies":"downfall:Silent","floor":16,"turns":6},{"damage":8,"enemies":"Spheric Guardian","floor":19,"turns":4},{"damage":11,"enemies":"Snake Plant","floor":20,"turns":3},{"damage":4,"enemies":"Shelled Parasite and Fungi","floor":23,"turns":7},{"damage":0,"enemies":"downfall:FleeingMerchant","floor":26,"turns":4},{"damage":9,"enemies":"3 Cultists","floor":29,"turns":6},{"damage":12,"enemies":"Centurion and Healer","floor":31,"turns":5},{"damage":3,"enemies":"Snecko","floor":32,"turns":4},{"damage":23,"enemies":"downfall:Defect","floor":33,"turns":3}],"seed_played":"-3383673059841670640","potions_obtained":[{"floor":3,"key":"Energy Potion"},{"floor":3,"key":"Guardian:BlockOnCardUsePotion"},{"floor":3,"key":"champ:CounterPotion"},{"floor":9,"key":"hexamod:SoulburnPotion"},{"floor":16,"key":"Strength Potion"},{"floor":20,"key":"DuplicationPotion"},{"floor":21,"key":"CultistPotion"}],"is_trial":false,"path_per_floor":["R","M","?","M","M","?","T","E","M","?","R","M","$","M","M","B",null,"R","M","M","?","?","M","T","R","$","?","R","M","?","M","M","B"],"character_chosen":"THE_SPIRIT","items_purchased":["hexamod:GhostOfSpireFuture+1","hexamod:ThermalTransfer"],"campfire_rested":0,"item_purchase_floors":[13,13],"current_hp_per_floor":[70,70,70,70,69,49,49,42,34,34,44,40,40,36,36,20,80,80,72,61,61,61,57,57,57,57,41,41,32,32,20,17,0,0,0],"gold":57,"neow_bonus":"UPGRADE_CARD","is_daily":false,"chose_seed":false,"campfire_upgraded":4,"win_rate":0.0,"timestamp":1609733136,"path_taken":["R","M","?","M","?","?","T","E","M","?","R","M","$","M","M","BOSS","R","M","M","?","?","?","T","R","$","?","R","M","?","M","M","BOSS"],"items_purchased_type":["Card","Card"],"build_version":"2020-12-13","purchased_purges":2,"victory":false,"max_hp_per_floor":[70,70,70,70,70,70,70,70,70,70,80,80,80,80,80,80,80,80,80,80,80,80,80,80,80,80,80,80,80,80,80,80,80,80,80],"card_choices":[{"not_picked":["hexamod:SpectersWail","hexamod:GhostLash"],"picked":"hexamod:SpectralSpark","floor":2},{"not_picked":["hexamod:NightmareGuise","hexamod:Incineration"],"picked":"hexamod:Again","floor":4},{"not_picked":["hexamod:AdvancingGuard","hexamod:ChargedBarrage"],"picked":"hexamod:BurningTouch","floor":5},{"not_picked":["hexamod:SwordOfDarkness","hexamod:BacktrackSmack"],"picked":"hexamod:HeatShield","floor":6},{"not_picked":["hexamod:ParanormalForm+1","hexamod:FourthSeal"],"picked":"hexamod:StepThrough","floor":8},{"not_picked":["hexamod:InspiringFlames","hexamod:NightmareStrike"],"picked":"hexamod:CatchUp","floor":9},{"not_picked":["hexamod:Firestarter","hexamod:HauntingEcho"],"picked":"hexamod:Hexaguard","floor":12},{"not_picked":["hexamod:InspiringFlames","hexamod:GiftsFromTheDead+1","hexamod:FastForward"],"picked":"SKIP","floor":13},{"not_picked":["hexamod:NightmareGuise","hexamod:HeatShield"],"picked":"hexamod:GhostflameBarrier","floor":14},{"not_picked":["hexamod:BacktrackSmack","hexamod:NightmareStrike"],"picked":"hexamod:Hexaguard","floor":15},{"not_picked":["hexamod:UnleashSpirits","hexamod:SixthSeal"],"picked":"hexamod:CrushingStance","floor":16},{"not_picked":["hexamod:Hexaguard","hexamod:GhostShield"],"picked":"hexamod:GhostLash+1","floor":19},{"not_picked":["hexamod:ThermalTransfer+1","hexamod:SpectersWail"],"picked":"hexamod:GhostShield","floor":20},{"not_picked":["hexamod:FastForward","hexamod:NightmareStrike","hexamod:ParanormalForm+1"],"picked":"SKIP","floor":23},{"not_picked":["hexamod:RetreatToShadows","hexamod:PowerFromBeyond"],"picked":"hexamod:SuperheatedStrike+1","floor":26},{"not_picked":["hexamod:AdvancingGuard","hexamod:RainOfEmbers+1"],"picked":"hexamod:SpectralSpark","floor":29},{"not_picked":["hexamod:NightmareGuise","hexamod:GhostOfSpireFuture+1","hexamod:NecessarySacrifice"],"picked":"SKIP","floor":31},{"not_picked":["hexamod:EtherealExpedition","hexamod:Hexaguard"],"picked":"hexamod:ShieldOfDarkness+1","floor":32}],"player_experience":52283,"relics_obtained":[{"floor":6,"key":"Orichalcum"},{"floor":8,"key":"Frozen Egg 2"},{"floor":24,"key":"Anchor"},{"floor":27,"key":"Enchiridion"}],"event_choices":[{"damage_healed":0,"gold_gain":0,"player_choice":"Got Potions","damage_taken":0,"max_hp_gain":0,"max_hp_loss":0,"event_name":"Lab","floor":3,"gold_loss":0}],"is_beta":false,"boss_relics":[{"not_picked":["Coffee Dripper","SacredBark"],"picked":"Astrolabe"}],"items_purged_floors":[13,26],"is_endless":false,"potions_floor_spawned":[4,6,9,15,16,20,31,32],"killed_by":"downfall:Defect","ascension_level":0}}