{"host":"x2ek6o6i0zlpy2ld","time":1609791739,"event":{"mods":["AchievementEnabler","BaseMod","Downfall","Minty Spire (QoL Compilation)","Quick Restart","StSLib"],"gold_per_floor":[99,119,119,138,153,138,138,63,80,108,108,128,128,140,158,258,258,258,268,268,268,284,194,194,194,210,227,261,279,292,310,329,329,329,329],"floor_reached":33,"playtime":2634,"items_purged":["Shame"],"score":275,"play_id":"875e5c1a-b285-4aee-bb78-c7a1c9c80c53","local_time":"20210104142219","is_ascension_mode":false,"campfire_choices":[{"floor":1.0,"key":"RECALL"},{"data":"Guardian:SpikerProtocol","floor":8.0,"key":"SMITH"},{"floor":11.0,"key":"REST"},{"data":"Guardian:TwinSlam","floor":13.0,"key":"SMITH"},{"data":"Guardian:PrismaticBarrier","floor":18.0,"key":"SMITH"}],"circlet_count":0,"master_deck":["Guardian:Strike_Guardian","Guardian:Strike_Guardian","Guardian:Strike_Guardian","Guardian:Defend_Guardian","Guardian:Defend_Guardian","Guardian:Defend_Guardian","Guardian:CurlUp","Guardian:TwinSlam+1","Guardian:SpikerProtocol+1","Guardian:TemporalStrike","Guardian:ShieldCharger","Guardian:TimeSifter+1","Guardian:SpikerProtocol+1","Guardian:PiercingHide","Guardian:PrismaticBarrier+1","Guardian:TimeSifter+1","Guardian:Incinerate+1","Guardian:EvasiveProtocol+1","Guardian:Gem_Cyan","Guardian:Gem_Cyan","Guardian:Gem_Lightblue","Guardian:Gem_White","Guardian:Gem_Fragmented","Guardian:Gem_White","Guardian:CrystalBeam","Guardian:PrimingBeam","Guardian:TimeBomb","Guardian:PrismaticBarrier+1"],"relics":["Guardian:ModeShifter","Frozen Egg 2","downfall:HeartBlessingRed","Bag of Marbles","Runic Pyramid","Mummified Hand","Juzu Bracelet"],"acts_visited":["Exordium","TheCity"],"potions_floor_usage":[32,33,33],"damage_taken":[{"damage":1.0,"enemies":"Small Slimes","floor":2.0,"turns":4.0},{"damage":4.0,"enemies":"Cultist","floor":4.0,"turns":4.0},{"damage":4.0,"enemies":"Jaw Worm","floor":5.0,"turns":5.0},{"damage":0.0,"enemies":"downfall:FleeingMerchant","floor":6.0,"turns":4.0},{"damage":8.0,"enemies":"2 Fungi Beasts","floor":9.0,"turns":4.0},{"damage":23.0,"enemies":"3 Sentries","floor":10.0,"turns":5.0},{"damage":6.0,"enemies":"Blue Slaver","floor":12.0,"turns":3.0},{"damage":1.0,"enemies":"Lots of Slimes","floor":14.0,"turns":3.0},{"damage":11.0,"enemies":"2 Fungi Beasts","floor":15.0,"turns":3.0},{"damage":43.0,"enemies":"downfall:Silent","floor":16.0,"turns":8.0},{"damage":4.0,"enemies":"Chosen","floor":19.0,"turns":5.0},{"damage":9.0,"enemies":"Spheric Guardian","floor":22.0,"turns":5.0},{"damage":1.0,"enemies":"downfall:FleeingMerchant","floor":23.0,"turns":4.0},{"damage":10.0,"enemies":"Snecko","floor":26.0,"turns":7.0},{"damage":10.0,"enemies":"3 Cultists","floor":27.0,"turns":6.0},{"damage":8.0,"enemies":"Book of Stabbing","floor":28.0,"turns":5.0},{"damage":7.0,"enemies":"Centurion and Healer","floor":29.0,"turns":12.0},{"damage":29.0,"enemies":"Cultist and Chosen","floor":30.0,"turns":8.0},{"damage":10.0,"enemies":"Shelled Parasite and Fungi","floor":31.0,"turns":5.0},{"damage":9,"enemies":"Snake Plant","floor":32,"turns":4},{"damage":27,"enemies":"downfall:Watcher","floor":33,"turns":4}],"seed_played":"-4535074406747618994","potions_obtained":[{"floor":4.0,"key":"Swift Potion"},{"floor":9.0,"key":"Explosive Potion"},{"floor":12.0,"key":"Guardian:BlockOnCardUsePotion"},{"floor":15.0,"key":"Regen Potion"},{"floor":26.0,"key":"Block Potion"},{"floor":27.0,"key":"sneckomod:MuddlingPotion"},{"floor":30.0,"key":"Dexterity Potion"},{"floor":31.0,"key":"GamblersBrew"}],"is_trial":false,"path_per_floor":["R","M","?","M","M","$","T","R","M","E","R","M","R","M","M","B",null,"R","M","?","?","M","$","T","?","M","M","E","M","M","M","M","B"],"character_chosen":"GUARDIAN","items_purchased":[],"campfire_rested":1,"item_purchase_floors":[],"current_hp_per_floor":[88,87,87,83,79,79,79,79,71,48,74,68,68,67,56,13,88,88,84,84,84,75,74,74,74,64,54,46,39,25,15,6,0,0,0],"gold":329,"neow_bonus":"TEN_PERCENT_HP_BONUS","is_daily":false,"chose_seed":false,"campfire_upgraded":3,"win_rate":0.0,"timestamp":1609791739,"path_taken":["R","M","?","M","M","?","T","R","M","E","R","?","R","?","M","BOSS","R","M","?","?","M","$","T","?","M","?","E","M","M","M","M","BOSS"],"items_purchased_type":[],"build_version":"2020-12-22","purchased_purges":1,"victory":false,"max_hp_per_floor":[88,88,88,88,88,88,88,88,88,88,88,88,88,88,88,88,88,88,88,88,88,88,88,88,88,88,88,88,88,88,88,88,88,88,88],"card_choices":[{"not_picked":["Guardian:PiercingHide","Guardian:CrystalBeam"],"picked":"Guardian:SpikerProtocol","floor":2.0},{"not_picked":["Guardian:MultiBeam","Guardian:Reroute"],"picked":"Guardian:TemporalStrike","floor":4.0},{"not_picked":["Guardian:Preprogram","Guardian:BronzeOrb"],"picked":"Guardian:ShieldCharger","floor":5.0},{"not_picked":["Guardian:Harden","Guardian:SpikerProtocol"],"picked":"Guardian:Gem_Lightblue","floor":6.0},{"not_picked":["Guardian:PolyBeam","Guardian:Incinerate"],"picked":"Guardian:TimeSifter+1","floor":9.0},{"not_picked":["Guardian:RollAttack","Guardian:Suspension"],"picked":"Guardian:SpikerProtocol+1","floor":10.0},{"not_picked":["Guardian:Gem_Lightblue","Guardian:TemporalShield"],"picked":"Guardian:Gem_Red","floor":12.0},{"not_picked":["Guardian:ShieldCharger","Guardian:PrimingBeam"],"picked":"Guardian:PiercingHide","floor":14.0},{"not_picked":["Guardian:CrystalBeam","Guardian:Suspension"],"picked":"Guardian:PrismaticBarrier","floor":15.0},{"not_picked":["Guardian:Gem_Orange","Guardian:ExploitGems"],"picked":"Guardian:TimeSifter+1","floor":16.0},{"not_picked":["Guardian:VentSteam","Guardian:Gem_Crimson"],"picked":"Guardian:Incinerate+1","floor":19.0},{"not_picked":["Guardian:TemporalShield","Guardian:ShieldCharger+1"],"picked":"Guardian:EvasiveProtocol+1","floor":22.0},{"not_picked":["Guardian:TemporalShield+1","Guardian:Preprogram+1"],"picked":"Guardian:Gem_Cyan","floor":23.0},{"not_picked":["Guardian:Planning","Guardian:Reroute"],"picked":"Guardian:Gem_White","floor":26.0},{"not_picked":["Guardian:Gem_White","Guardian:CrystalBeam"],"picked":"Guardian:Gem_Fragmented","floor":27.0},{"not_picked":["Guardian:Gem_Blue","Guardian:Harden"],"picked":"Guardian:Gem_White","floor":28.0},{"not_picked":["Guardian:TemporalShield","Guardian:SentryBeam"],"picked":"Guardian:CrystalBeam","floor":29.0},{"not_picked":["Guardian:Gem_Crimson","Guardian:Planning"],"picked":"Guardian:PrimingBeam","floor":30.0},{"not_picked":["Guardian:Gem_Cyan","Guardian:Emergency"],"picked":"Guardian:TimeBomb","floor":31.0},{"not_picked":["Guardian:SentryBeam","Guardian:Incinerate"],"picked":"Guardian:PrismaticBarrier+1","floor":32}],"player_experience":306244,"relics_obtained":[{"floor":7.0,"key":"Frozen Egg 2"},{"floor":10.0,"key":"Bag of Marbles"},{"floor":28.0,"key":"Juzu Bracelet"}],"event_choices":[{"cards_removed":["Guardian:Defend_Guardian"],"damage_healed":0.0,"max_hp_gain":0.0,"max_hp_loss":0.0,"gold_gain":0.0,"event_name":"Bonfire Elementals","player_choice":"Offered Basic","floor":3.0,"gold_loss":0.0,"damage_taken":0.0},{"damage_healed":0.0,"max_hp_gain":0.0,"max_hp_loss":0.0,"gold_gain":0.0,"event_name":"Addict","player_choice":"Stole Relic","floor":21.0,"gold_loss":0.0,"damage_taken":0.0,"relics_obtained":["Mummified Hand"],"cards_obtained":["Shame"]}],"is_beta":false,"boss_relics":[{"not_picked":["Cursed Key","Empty Cage"],"picked":"Runic Pyramid"}],"items_purged_floors":[23],"is_endless":false,"potions_floor_spawned":[4,9,12,15,19,26,27,30,31],"killed_by":"downfall:Watcher","ascension_level":0}}