{"host":"m6aaltr68g9tvoay","time":1609737682,"event":{"mods":["AchievementEnabler","BaseMod","Colored Map","Minty Spire (QoL Compilation)","StSLib"],"gold_per_floor":[117,58,58,69,69,102,102,117,144,144,144,158,83,122,122,215,215,235,248,119,143,143,143,184,184,184,217,217,217,257,257,257,257,257],"floor_reached":33,"playtime":737,"items_purged":["Injury"],"score":644,"play_id":"5940046e-e9e0-4ecf-96bd-d31db831fd52","local_time":"20210103212122","is_ascension_mode":true,"campfire_choices":[{"data":"Dropkick","floor":7,"key":"SMITH"},{"data":"Body Slam","floor":10,"key":"SMITH"},{"floor":15,"key":"REST"},{"floor":23,"key":"REST"},{"floor":25,"key":"REST"},{"floor":29,"key":"REST"},{"floor":32,"key":"REST"}],"circlet_count":0,"master_deck":["AscendersBane","Strike_R","Strike_R+1","Strike_R","Strike_R+1","Strike_R","Defend_R","Defend_R","Defend_R","Defend_R","Bash","Flex","Dropkick+1","Ghostly Armor","Disarm","Body Slam+1","Inflame","Fire Breathing","Immolate","Shrug It Off","Anger+1","Whirlwind","Ghostly Armor","Offering","Rage","Reckless Charge"],"relics":["Burning Blood","NeowsBlessing","Red Skull","Bag of Marbles","Golden Idol","Lantern","SlaversCollar","Mercury Hourglass","Gambling Chip","Whetstone","MutagenicStrength","Red Mask","Potion Belt"],"acts_visited":["Exordium","TheCity"],"potions_floor_usage":[16,18,21,30,33],"damage_taken":[{"damage":0,"enemies":"Jaw Worm","floor":1,"turns":1},{"damage":0,"enemies":"Cultist","floor":4,"turns":1},{"damage":0,"enemies":"Gremlin Nob","floor":6,"turns":1},{"damage":15,"enemies":"Small Slimes","floor":8,"turns":4},{"damage":14,"enemies":"Looter","floor":12,"turns":4},{"damage":28,"enemies":"Lagavulin","floor":14,"turns":4},{"damage":25,"enemies":"The Guardian","floor":16,"turns":11},{"damage":0,"enemies":"2 Thieves","floor":18,"turns":1},{"damage":49,"enemies":"Spheric Guardian","floor":19,"turns":6},{"damage":18,"enemies":"Snecko","floor":21,"turns":3},{"damage":6,"enemies":"Gremlin Leader","floor":24,"turns":3},{"damage":32,"enemies":"Slavers","floor":27,"turns":3},{"damage":19,"enemies":"Masked Bandits","floor":30,"turns":5},{"damage":78,"enemies":"Champ","floor":33,"turns":8}],"seed_played":"5776942855018356749","potions_obtained":[{"floor":8,"key":"LiquidMemories"},{"floor":14,"key":"SkillPotion"},{"floor":16,"key":"DuplicationPotion"},{"floor":27,"key":"Block Potion"},{"floor":30,"key":"LiquidBronze"}],"is_trial":false,"path_per_floor":["M","?","?","M","$","E","R","M","T","R","?","M","$","E","R","B",null,"M","M","$","M","?","R","E","R","T","E","?","R","?","T","R","B"],"character_chosen":"IRONCLAD","items_purchased":["Whirlwind","Ghostly Armor"],"campfire_rested":5,"item_purchase_floors":[20,20],"current_hp_per_floor":[74,74,74,75,75,75,75,66,66,66,66,58,58,36,58,39,66,72,29,29,17,17,39,39,61,61,35,35,57,44,44,66,0,0],"gold":257,"neow_bonus":"THREE_ENEMY_KILL","is_daily":false,"chose_seed":false,"campfire_upgraded":2,"win_rate":0.0,"timestamp":1609737682,"path_taken":["M","?","?","M","$","E","R","?","T","R","?","M","$","E","R","BOSS","M","M","$","M","?","R","E","R","T","E","?","R","?","?","R","BOSS"],"items_purchased_type":["Card","Card"],"build_version":"2020-12-22","purchased_purges":1,"victory":false,"max_hp_per_floor":[75,75,75,75,75,75,75,75,75,75,75,75,75,75,75,75,75,75,75,75,75,75,75,75,75,75,75,75,75,75,75,75,75,75],"card_choices":[{"not_picked":["Clash","Wild Strike"],"picked":"Flex","floor":1},{"not_picked":["Iron Wave","Havoc"],"picked":"Ghostly Armor","floor":4},{"not_picked":["Power Through","Flex"],"picked":"Disarm","floor":6},{"not_picked":["Fiend Fire","Pommel Strike"],"picked":"Body Slam","floor":8},{"not_picked":["Wild Strike","Clothesline"],"picked":"Inflame","floor":12},{"not_picked":["Spot Weakness","Shrug It Off"],"picked":"Fire Breathing","floor":14},{"not_picked":["Juggernaut","Double Tap"],"picked":"Immolate","floor":16},{"not_picked":["Metallicize","Heavy Blade"],"picked":"Shrug It Off","floor":18},{"not_picked":["Clothesline","Carnage"],"picked":"Anger+1","floor":19},{"not_picked":["Bloodletting","Warcry"],"picked":"Offering","floor":21},{"not_picked":["Second Wind","Hemokinesis"],"picked":"Rage","floor":24},{"not_picked":["Clothesline","Iron Wave"],"picked":"Reckless Charge","floor":27}],"player_experience":1333833,"relics_obtained":[{"floor":6,"key":"Red Skull"},{"floor":9,"key":"Bag of Marbles"},{"floor":14,"key":"Lantern"},{"floor":24,"key":"Mercury Hourglass"},{"floor":26,"key":"Gambling Chip"},{"floor":27,"key":"Whetstone"},{"floor":30,"key":"Red Mask"},{"floor":31,"key":"Potion Belt"}],"event_choices":[{"damage_healed":0,"gold_gain":0,"player_choice":"Left Gold","damage_taken":0,"max_hp_gain":0,"max_hp_loss":0,"event_name":"World of Goop","floor":2,"gold_loss":59},{"damage_healed":0,"gold_gain":0,"player_choice":"1 cards matched","damage_taken":0,"max_hp_gain":0,"max_hp_loss":0,"event_name":"Match and Keep!","floor":3,"gold_loss":0,"cards_obtained":["Dropkick"]},{"damage_healed":0,"gold_gain":0,"player_choice":"Take Wound","damage_taken":0,"relics_obtained":["Golden Idol"],"max_hp_gain":0,"max_hp_loss":0,"event_name":"Golden Idol","floor":11,"gold_loss":0,"cards_obtained":["Injury"]},{"damage_healed":0,"gold_gain":0,"player_choice":"Ignored","damage_taken":0,"max_hp_gain":0,"max_hp_loss":0,"event_name":"Ghosts","floor":22,"gold_loss":0},{"damage_healed":0,"gold_gain":0,"player_choice":"Inject Mutagens","damage_taken":0,"relics_obtained":["MutagenicStrength"],"max_hp_gain":0,"max_hp_loss":0,"event_name":"Drug Dealer","floor":28,"gold_loss":0},{"damage_healed":0,"gold_gain":0,"player_choice":"Fought Bandits","damage_taken":0,"max_hp_gain":0,"max_hp_loss":0,"event_name":"Masked Bandits","floor":30,"gold_loss":0}],"is_beta":false,"boss_relics":[{"not_picked":["Ectoplasm","Fusion Hammer"],"picked":"SlaversCollar"}],"items_purged_floors":[13],"is_endless":false,"potions_floor_spawned":[8,14,16,27,30],"killed_by":"Champ","ascension_level":18}}