{"host":"uflv0e3ja7hvnij7","time":1609782055,"event":{"mods":["Aspiration","BaseMod","Better Altar","Better Match","Better Note","Better Sensory Stone","Better Skull","Better Third Choice","Hubris","Minty Spire (QoL Compilation)","Permanent Neow","Shop Mod","StSLib"],"gold_per_floor":[109,184,194,410,430,463,388,388,388,400,430,442,459,479,479,575,575,587,77,77,91,115,115,115],"floor_reached":23,"playtime":1569,"items_purged":["Defend_G","Strike_G"],"score":254,"play_id":"f53b9eaf-3c72-4a60-a104-76d116ca294f","local_time":"20210104124055","is_ascension_mode":true,"campfire_choices":[{"floor":8,"key":"REST"},{"data":"Dash","floor":15,"key":"SMITH"}],"circlet_count":0,"master_deck":["Strike_G","Strike_G","Strike_G","Strike_G","Defend_G","Defend_G","Defend_G","Defend_G","Survivor","Neutralize","Dash+1","Outmaneuver","Cloak And Dagger","PiercingWail","Unload","Deflect","Dodge and Roll","Endless Agony","Expertise","Burst+1","Quick Slash+1","Footwork","Dodge and Roll"],"relics":["Ring of the Serpent","aspiration:Nostalgia","Burning Blood","Boot","Ninja Scroll","Tiny Chest","hubris:CrystalStatue","hubris:CuriousFeather","Akabeko"],"acts_visited":["Exordium","TheCity"],"potions_floor_usage":[6,6,14,16,23,23],"damage_taken":[{"damage":0,"enemies":"Small Slimes","floor":1,"turns":4},{"damage":0,"enemies":"2 Louse","floor":3,"turns":3},{"damage":0,"enemies":"Cultist","floor":5,"turns":3},{"damage":13,"enemies":"Lagavulin","floor":6,"turns":10},{"damage":2,"enemies":"3 Louse","floor":10,"turns":3},{"damage":11,"enemies":"3 Sentries","floor":11,"turns":7},{"damage":0,"enemies":"Lots of Slimes","floor":12,"turns":3},{"damage":0,"enemies":"Red Slaver","floor":13,"turns":2},{"damage":0,"enemies":"Gremlin Gang","floor":14,"turns":3},{"damage":38,"enemies":"Hexaghost","floor":16,"turns":16},{"damage":1,"enemies":"Chosen","floor":18,"turns":4},{"damage":0,"enemies":"Spheric Guardian","floor":21,"turns":4},{"damage":78,"enemies":"Gremlin Leader","floor":23,"turns":9}],"seed_played":"-376022238551955730","potions_obtained":[{"floor":3,"key":"SkillPotion"},{"floor":5,"key":"Block Potion"},{"floor":10,"key":"FearPotion"},{"floor":14,"key":"Weak Potion"},{"floor":16,"key":"Swift Potion"},{"floor":18,"key":"Explosive Potion"}],"is_trial":false,"path_per_floor":["M","?","M","?","M","E","$","R","T","M","E","M","M","M","R","B",null,"M","$","?","M","T","E"],"character_chosen":"THE_SILENT","items_purchased":["hubris:CuriousFeather","Footwork","Dodge and Roll"],"campfire_rested":1,"item_purchase_floors":[19,19,19],"current_hp_per_floor":[70,59,65,32,38,31,31,52,52,56,51,57,63,69,69,37,62,67,67,67,70,70,0,0],"gold":115,"neow_bonus":"NOSTALGIA","is_daily":false,"chose_seed":false,"campfire_upgraded":1,"win_rate":0.0,"timestamp":1609782055,"path_taken":["M","?","M","?","M","E","$","R","T","M","E","M","M","M","R","BOSS","M","?","?","?","?","E"],"items_purchased_type":["Relic","Card","Card"],"build_version":"2020-12-22","purchased_purges":2,"victory":false,"max_hp_per_floor":[70,70,70,70,70,70,70,70,70,70,70,70,70,70,70,70,70,70,70,70,70,70,70,70],"card_choices":[{"not_picked":["hubris:SlightOfHand","Deadly Poison"],"picked":"Dash","floor":1},{"not_picked":["Blade Dance","All Out Attack"],"picked":"Outmaneuver","floor":3},{"not_picked":["Flechettes","Deadly Poison"],"picked":"Cloak And Dagger","floor":5},{"not_picked":["Underhanded Strike","Outmaneuver"],"picked":"PiercingWail","floor":6},{"not_picked":["Deadly Poison","Sucker Punch"],"picked":"Unload","floor":10},{"not_picked":["Bane","Terror"],"picked":"Deflect","floor":11},{"not_picked":["Sucker Punch","Distraction"],"picked":"Dodge and Roll","floor":12},{"not_picked":["Flechettes","All Out Attack"],"picked":"Endless Agony","floor":13},{"not_picked":["Slice","Poisoned Stab"],"picked":"Expertise","floor":14},{"not_picked":["Storm of Steel","aspiration:Lunge"],"picked":"Burst","floor":16},{"not_picked":["Slice","Cloak And Dagger"],"picked":"Quick Slash+1","floor":18},{"not_picked":["Choke","Flying Knee","Blade Dance"],"picked":"SKIP","floor":21}],"player_experience":473966,"relics_obtained":[{"floor":6,"key":"Ninja Scroll"},{"floor":9,"key":"Tiny Chest"},{"floor":11,"key":"hubris:CrystalStatue"},{"floor":22,"key":"Akabeko"}],"event_choices":[{"damage_healed":0,"gold_gain":75,"player_choice":"Gold","damage_taken":11,"max_hp_gain":0,"max_hp_loss":0,"event_name":"betterThird:BetterGoop","floor":2,"gold_loss":0},{"damage_healed":0,"gold_gain":216,"player_choice":"RE GO GO ","damage_taken":37,"relics_obtained":["Boot"],"max_hp_gain":0,"max_hp_loss":0,"event_name":"betterSkull:BetterSkull","floor":4,"gold_loss":0,"cards_upgraded":[]},{"damage_healed":0,"gold_gain":0,"player_choice":"Upgraded","damage_taken":0,"max_hp_gain":0,"max_hp_loss":0,"event_name":"Upgrade Shrine","floor":20,"gold_loss":0,"cards_upgraded":["Burst"]}],"is_beta":false,"boss_relics":[{"not_picked":["hubris:HollowSoul","hubris:Backtick"],"picked":"Ring of the Serpent"}],"items_purged_floors":[7,19],"is_endless":false,"potions_floor_spawned":[3,5,10,14,16,18],"killed_by":"Gremlin Leader","ascension_level":5}}