{"host":"u25um2at8ivhxl8o","time":1609792181,"event":{"mods":["BaseMod","Colored Map","Downfall","Minty Spire (QoL Compilation)","StSLib"],"gold_per_floor":[99,99,99,24,9,9,9,9,44,68,82,82,67,77,87,87,87,87],"floor_reached":16,"playtime":1018,"items_purged":["Slimebound:Strike_Slimebound"],"score":96,"play_id":"db1d6b94-d1c6-4d68-9253-6633dd15fa6c","local_time":"20210104122941","is_ascension_mode":false,"campfire_choices":[{"data":"Slimebound:Split","floor":1,"key":"SMITH"},{"data":"Slimebound:PressTheAttack","floor":8,"key":"SMITH"},{"data":"Slimebound:CorrosiveSpit","floor":12,"key":"SMITH"}],"circlet_count":0,"master_deck":["Slimebound:Strike_Slimebound","Slimebound:Strike_Slimebound","Slimebound:Tackle","Slimebound:Defend_Slimebound","Slimebound:Defend_Slimebound","Slimebound:Defend_Slimebound","Slimebound:Defend_Slimebound","Slimebound:Split+1","Slimebound:CorrosiveSpit+1","Slimebound:Replication","Slimebound:Dissolve","Slimebound:MegaLick","Slimebound:PressTheAttack+1","Slimebound:SlimeTap","Slimebound:FirmFortitude","Slimebound:WasteNot","Slimebound:SplitBruiser"],"relics":["Slimebound:AbsorbEndCombat","downfall:HeartsMalice","Happy Flower","Slimebound:MaxSlimesRelic","Dream Catcher"],"acts_visited":["Exordium"],"potions_floor_usage":[16,16,16],"damage_taken":[{"damage":0,"enemies":"Cultist","floor":2,"turns":1},{"damage":0,"enemies":"2 Louse","floor":3,"turns":1},{"damage":0,"enemies":"downfall:FleeingMerchant","floor":4,"turns":1},{"damage":17,"enemies":"downfall:FleeingMerchant","floor":5,"turns":4},{"damage":35,"enemies":"3 Sentries","floor":9,"turns":6},{"damage":5,"enemies":"Jaw Worm","floor":11,"turns":2},{"damage":12,"enemies":"downfall:FleeingMerchant","floor":13,"turns":4},{"damage":15,"enemies":"Red Slaver","floor":14,"turns":3},{"damage":21,"enemies":"Lots of Slimes","floor":15,"turns":3},{"damage":50,"enemies":"downfall:Silent","floor":16,"turns":4}],"seed_played":"2349459340066594473","potions_obtained":[{"floor":11,"key":"SkillPotion"},{"floor":14,"key":"champ:CounterPotion"},{"floor":15,"key":"CultistPotion"}],"is_trial":false,"path_per_floor":["R","M","M","$","$","?","T","R","E","T","M","R","$","M","M","B"],"character_chosen":"SLIMEBOUND","items_purchased":[],"campfire_rested":0,"item_purchase_floors":[],"current_hp_per_floor":[60,60,60,60,55,55,55,55,34,34,37,37,43,42,33,0,0,0],"gold":87,"neow_bonus":"THREE_ENEMY_KILL","is_daily":false,"chose_seed":false,"campfire_upgraded":3,"win_rate":0.0,"timestamp":1609792181,"path_taken":["R","M","M","?","$","?","T","R","E","?","?","R","$","M","M","BOSS"],"items_purchased_type":[],"build_version":"2020-12-22","purchased_purges":1,"victory":false,"max_hp_per_floor":[60,60,60,60,60,60,60,60,60,60,60,60,60,60,60,60,60,60],"card_choices":[{"not_picked":["Slimebound:PressTheAttack","Slimebound:GrowthPunch"],"picked":"Slimebound:Replication","floor":2},{"not_picked":["Slimebound:ComboTackle","Slimebound:FlameTackle"],"picked":"Slimebound:Dissolve","floor":3},{"not_picked":["Slimebound:LeechEnergy","Slimebound:FinishingTackle"],"picked":"Slimebound:MegaLick","floor":4},{"not_picked":["Slimebound:SplitAcid","Slimebound:ComboTackle"],"picked":"Slimebound:PressTheAttack","floor":5},{"not_picked":["Slimebound:SlimeSpikes","Slimebound:Dissolve"],"picked":"Slimebound:SlimeTap","floor":9},{"not_picked":["Slimebound:ProtectTheBoss","Slimebound:BestDefense"],"picked":"Slimebound:FirmFortitude","floor":11},{"not_picked":["Slimebound:RollThrough","Slimebound:AcidTongue"],"picked":"Slimebound:WasteNot","floor":13},{"not_picked":["Slimebound:SplitLeeching","Slimebound:ComboTackle"],"picked":"Slimebound:SplitBruiser","floor":14},{"not_picked":["Slimebound:Replication","Slimebound:PressTheAttack","Slimebound:MegaLick"],"picked":"SKIP","floor":15}],"player_experience":341328,"relics_obtained":[{"floor":7,"key":"Happy Flower"},{"floor":9,"key":"Slimebound:MaxSlimesRelic"},{"floor":10,"key":"Dream Catcher"}],"event_choices":[],"is_beta":false,"boss_relics":[],"items_purged_floors":[4],"is_endless":false,"potions_floor_spawned":[11,14,15],"killed_by":"downfall:Silent","ascension_level":0}}