{"host":"5fasz840ryq7obdf","time":1609791713,"event":{"mods":["2.2 Compatiblity","AchievementEnabler","BaseMod","Bestiary","Better Altar","Better Skull","Better Third Choice","BetterRewards","Block Reminder","Colored Powertips","Curses Come First","Downfall","Minty Spire (QoL Compilation)","Quick Restart","Relic Sorter","Relic Stats","Shop Mod","Spicy Shops","StSLib","SuperFastMode","ojb\u0027s Better Paths Mod","ojb\u0027s Info Mod"],"gold_per_floor":[99,109,119,138,155,9,9,29,56,41,61,79,104,14,24,119,119,44,54,54,39,139,239,239,164,164,164,195,213,198,236,265,375,420,345,367,393,414,522,163,186,229,252,294,315,315,350,375,396,396,396,437,13,13,13],"floor_reached":56,"playtime":9115,"items_purged":["champ:Strike","Regret"],"score":2176,"play_id":"695a51d7-bf36-4f6d-bc74-a15d96563ea0","local_time":"20210104202153","is_ascension_mode":true,"campfire_choices":[{"data":"champ:Taunt","floor":1.0,"key":"SMITH"},{"data":"champ:BerserkerStyle","floor":18.0,"key":"SMITH"},{"data":"champ:VampiricStrike","floor":25.0,"key":"SMITH"},{"floor":27.0,"key":"RECALL"},{"data":"champ:EndlessRage","floor":35.0,"key":"SMITH"},{"data":"champ:CalledShot","floor":46.0,"key":"SMITH"},{"data":"champ:StrikeOfGenius","floor":54,"key":"SMITH"}],"circlet_count":0,"master_deck":["champ:Execute","champ:Taunt+1","champ:AdrenalArmor","champ:CrookedStrike","champ:EnragedBash","champ:BerserkerStyle+1","champ:AdrenalArmor","champ:VampiricStrike+1","champ:BerserkersShout","champ:ShieldSigil","champ:StanceDance","champ:FocusedBerserking","champ:Encircle+1","champ:ArenaPreparation","champ:StrikeOfGenius+1","champ:StanceDance+1","champ:DeathBlow+1","champ:Circumvent","champ:GladiatorStyle","J.A.X.","champ:BringItOn","champ:SwordSigil+1","champ:RisingSlash+1","champ:EndlessRage+1","champ:DefensiveShout+1","champ:SteelEdge+1","champ:Encircle+1","champ:PreciseThrust+1","champ:FalseCounter","champ:TornadoPunch+1","champ:BringItOn","champ:Shatter+1","champ:CalledShot+1","champ:Backstep+1","champ:ArenaPreparation+1","expansioncontent:DefensiveMode","champ:StanceDance+1","champ:GutPunch+1","champ:ArenaPreparation+1","champ:DefensiveStyle","champ:RageSigil+1","champ:HeavySlash+1","champ:RageSigil","champ:FaceSlap+1","expansioncontent:DashGenerateEvil+1"],"relics":["champ:ChampionCrown","Pen Nib","Nunchaku","Ginger","InkBottle","Molten Egg 2","Philosopher\u0027s Stone","downfall:HeartBlessingGreen","Ornamental Fan","champ:GladiatorsBookOfMartialProwess","Mercury Hourglass","MutagenicStrength","downfall:HeartBlessingBlue","FossilizedHelix","Ice Cream","CeramicFish","Pandora\u0027s Box","downfall:HeartBlessingRed","champ:FightingForDummies","Bag of Preparation","MawBank","Lantern","Thread and Needle","Boot","Orichalcum","Bag of Marbles","Peace Pipe","Blood Vial","Kunai","Oddly Smooth Stone"],"acts_visited":["Exordium","TheCity","TheBeyond","TheEnding"],"potions_floor_usage":[],"damage_taken":[{"damage":16.0,"enemies":"Cultist","floor":2.0,"turns":6.0},{"damage":14.0,"enemies":"Small Slimes","floor":3.0,"turns":5.0},{"damage":10.0,"enemies":"2 Louse","floor":4.0,"turns":4.0},{"damage":21.0,"enemies":"3 Louse","floor":5.0,"turns":5.0},{"damage":22.0,"enemies":"downfall:FleeingMerchant","floor":6.0,"turns":4.0},{"damage":55.0,"enemies":"Red Slaver","floor":8.0,"turns":6.0},{"damage":49.0,"enemies":"3 Sentries","floor":9.0,"turns":10.0},{"damage":28.0,"enemies":"downfall:FleeingMerchant","floor":10.0,"turns":4.0},{"damage":26.0,"enemies":"Lots of Slimes","floor":11.0,"turns":4.0},{"damage":56.0,"enemies":"Exordium Wildlife","floor":12.0,"turns":8.0},{"damage":78.0,"enemies":"Lagavulin","floor":13.0,"turns":7.0},{"damage":34.0,"enemies":"downfall:FleeingMerchant","floor":14.0,"turns":4.0},{"damage":45.0,"enemies":"Exordium Thugs","floor":15.0,"turns":5.0},{"damage":81.0,"enemies":"downfall:Ironclad","floor":16.0,"turns":6.0},{"damage":72.0,"enemies":"Spheric Guardian","floor":19.0,"turns":4.0},{"damage":74.0,"enemies":"downfall:FleeingMerchant","floor":21.0,"turns":4.0},{"damage":122.0,"enemies":"downfall:CharBossIronclad","floor":22.0,"turns":6.0},{"damage":84.0,"enemies":"downfall:Augmenter","floor":23.0,"turns":4.0},{"damage":80.0,"enemies":"Book of Stabbing","floor":28.0,"turns":3.0},{"damage":109.0,"enemies":"3 Byrds","floor":29.0,"turns":8.0},{"damage":74.0,"enemies":"downfall:FleeingMerchant","floor":30.0,"turns":4.0},{"damage":109.0,"enemies":"Gremlin Leader","floor":31.0,"turns":4.0},{"damage":42.0,"enemies":"Snake Plant","floor":32.0,"turns":3.0},{"damage":78.0,"enemies":"downfall:Watcher","floor":33.0,"turns":5.0},{"damage":37.0,"enemies":"Orb Walker","floor":36.0,"turns":4.0},{"damage":55.0,"enemies":"3 Darklings","floor":37.0,"turns":3.0},{"damage":90.0,"enemies":"Transient","floor":38.0,"turns":5.0},{"damage":0.0,"enemies":"downfall:FleeingMerchant","floor":40.0,"turns":1.0},{"damage":42.0,"enemies":"Giant Head","floor":42.0,"turns":5.0},{"damage":71.0,"enemies":"Sphere and 2 Shapes","floor":43.0,"turns":3.0},{"damage":96.0,"enemies":"Nemesis","floor":44.0,"turns":7.0},{"damage":64.0,"enemies":"3 Darklings","floor":45.0,"turns":5.0},{"damage":76.0,"enemies":"Reptomancer","floor":47.0,"turns":6.0},{"damage":118.0,"enemies":"Transient","floor":48.0,"turns":5.0},{"damage":23.0,"enemies":"Spire Growth","floor":49.0,"turns":4.0},{"damage":181,"enemies":"downfall:Silent","floor":50,"turns":9},{"damage":71,"enemies":"downfall:CharBossMerchant","floor":52,"turns":6},{"damage":236,"enemies":"downfall:NeowBoss","floor":55,"turns":18}],"seed_played":"-6105175699635668906","potions_obtained":[{"floor":3.0,"key":"Ancient Potion"},{"floor":5.0,"key":"FairyPotion"},{"floor":8.0,"key":"DistilledChaos"},{"floor":11.0,"key":"Fire Potion"},{"floor":13.0,"key":"Dexterity Potion"},{"floor":22.0,"key":"FairyPotion"},{"floor":29.0,"key":"BlessingOfTheForge"},{"floor":48.0,"key":"champ:OpenerPotion"}],"is_trial":false,"path_per_floor":["R","M","M","M","M","$","T","M","E","$","M","M","E","$","M","B",null,"R","M","?","$","?","?","T","R","T","R","E","M","$","E","M","B",null,"R","M","M","M","?","$","T","E","M","E","M","R","E","M","M","B",null,"E","$","R","B",null],"character_chosen":"THE_CHAMP","items_purchased":["Nunchaku","champ:BerserkersShout","Lantern","Thread and Needle","expansioncontent:DefensiveMode","Boot","Orichalcum","champ:FaceSlap+1","Pen Nib","expansioncontent:DashGenerateEvil+1"],"campfire_rested":0,"item_purchase_floors":[6,6,40,40,40,40,40,53,53,53],"current_hp_per_floor":[90,89,87,85,83,83,83,86,82,77,76,85,92,95,82,95,95,95,75,75,95,95,73,73,83,83,83,105,72,88,105,105,98,105,105,105,105,104,25,25,25,63,92,88,110,110,92,110,110,97,110,110,110,110,85],"gold":13,"neow_bonus":"THREE_CARDS","is_daily":false,"chose_seed":false,"campfire_upgraded":6,"win_rate":0.0,"timestamp":1609791713,"path_taken":["R","M","M","M","M","$","T","M","E","$","M","M","E","?","M","BOSS","R","M","?","$","?","?","T","R","?","R","E","M","$","E","M","BOSS","R","M","M","M","?","$","T","E","M","E","M","R","E","M","M","BOSS","E","$","R","BOSS"],"items_purchased_type":["Relic","Card","Relic","Relic","Card","Relic","Relic","Card","Relic","Card"],"build_version":"2020-12-22","purchased_purges":2,"victory":true,"max_hp_per_floor":[90,90,90,90,90,90,90,90,90,90,90,95,95,95,95,95,95,95,95,95,95,95,95,95,105,105,105,105,105,105,105,105,105,105,105,105,105,105,105,105,105,105,105,105,110,110,110,110,110,110,110,110,110,110,110],"relic_stats":{"counters":[38,203],"CeramicFish":216,"Pen Nib":[3],"Bag of Preparation":[22],"Ginger":[23],"Orichalcum":[78],"MawBank":12,"Boot":[32],"Mercury Hourglass":[330],"Peace Pipe":0,"Blood Vial":4,"Nunchaku":[29],"Ornamental Fan":[144],"Pandora\u0027s Box":["champ:Encircle","champ:PreciseThrust","champ:FalseCounter","champ:TornadoPunch","champ:BringItOn"],"Kunai":[15],"obtain_stats":[{"Ice Cream":28,"Lantern":40,"CeramicFish":31,"champ:ChampionCrown":0,"downfall:HeartBlessingGreen":18,"Bag of Preparation":39,"Ginger":7,"Boot":40,"Blood Vial":44,"Nunchaku":6,"downfall:HeartBlessingBlue":25,"Philosopher\u0027s Stone":17,"Kunai":47,"champ:FightingForDummies":39,"InkBottle":9,"downfall:HeartBlessingRed":35,"Oddly Smooth Stone":52,"Thread and Needle":40,"Pen Nib":53,"Orichalcum":40,"MawBank":39,"champ:GladiatorsBookOfMartialProwess":22,"Mercury Hourglass":22,"Peace Pipe":42,"Ornamental Fan":20,"MutagenicStrength":23,"Molten Egg 2":13,"Pandora\u0027s Box":34,"Bag of Marbles":41,"FossilizedHelix":26},{"Ice Cream":19,"Lantern":28,"CeramicFish":22,"champ:ChampionCrown":0,"downfall:HeartBlessingGreen":14,"Bag of Preparation":27,"Ginger":5,"Boot":28,"Blood Vial":31,"Nunchaku":5,"downfall:HeartBlessingBlue":18,"Philosopher\u0027s Stone":14,"Kunai":33,"champ:FightingForDummies":27,"InkBottle":7,"downfall:HeartBlessingRed":24,"Oddly Smooth Stone":37,"Thread and Needle":28,"Pen Nib":37,"Orichalcum":28,"MawBank":27,"champ:GladiatorsBookOfMartialProwess":17,"Mercury Hourglass":17,"Peace Pipe":29,"Ornamental Fan":15,"MutagenicStrength":18,"Molten Egg 2":11,"Pandora\u0027s Box":24,"Bag of Marbles":28,"FossilizedHelix":18},{"Ice Cream":99,"Lantern":135,"CeramicFish":114,"champ:ChampionCrown":0,"downfall:HeartBlessingGreen":78,"Bag of Preparation":134,"Ginger":24,"Boot":135,"Blood Vial":150,"Nunchaku":24,"downfall:HeartBlessingBlue":96,"Philosopher\u0027s Stone":78,"Kunai":161,"champ:FightingForDummies":134,"InkBottle":40,"downfall:HeartBlessingRed":122,"Oddly Smooth Stone":185,"Thread and Needle":135,"Pen Nib":185,"Orichalcum":135,"MawBank":134,"champ:GladiatorsBookOfMartialProwess":92,"Mercury Hourglass":92,"Peace Pipe":140,"Ornamental Fan":82,"MutagenicStrength":96,"Molten Egg 2":63,"Pandora\u0027s Box":122,"Bag of Marbles":135,"FossilizedHelix":96}],"InkBottle":[80]},"card_choices":[{"not_picked":["champ:PerfectedStrike","champ:Riposte"],"picked":"champ:AdrenalArmor","floor":0.0},{"not_picked":["champ:EnGarde","champ:PerfectedStrike"],"picked":"champ:CrookedStrike","floor":2.0},{"not_picked":["champ:FlashCut","champ:AdrenalArmor"],"picked":"champ:EnragedBash","floor":3.0},{"not_picked":["champ:PreciseThrust","champ:TornadoPunch"],"picked":"champ:BerserkerStyle","floor":4.0},{"not_picked":["champ:BringItOn","champ:ShieldSigil"],"picked":"champ:AdrenalArmor","floor":5.0},{"not_picked":["champ:PerfectedStrike","champ:Circumvent"],"picked":"champ:VampiricStrike","floor":6.0},{"not_picked":["champ:EnragedBash","champ:BerserkersShout"],"picked":"champ:FightOn","floor":8.0},{"not_picked":["champ:Circumvent","champ:BerserkerStyle"],"picked":"champ:ShieldSigil","floor":9.0},{"not_picked":["champ:BerserkerStyle","champ:Duel","champ:Aggression"],"picked":"SKIP","floor":10.0},{"not_picked":["champ:Haymaker","champ:EnGarde"],"picked":"champ:StanceDance","floor":11.0},{"not_picked":["champ:BringItOn","champ:BerserkerStyle"],"picked":"champ:FocusedBerserking","floor":12.0},{"not_picked":["champ:StanceDance","champ:BringItOn"],"picked":"champ:Encircle+1","floor":13.0},{"not_picked":["champ:BerserkerStyle","champ:Aggression","champ:EnragedBash+1"],"picked":"SKIP","floor":14.0},{"not_picked":["champ:FanOfKnives+1","champ:GladiatorStyle"],"picked":"champ:ArenaPreparation","floor":15.0},{"not_picked":["champ:MurderStrike+1","champ:DancingMaster"],"picked":"champ:StrikeOfGenius","floor":16.0},{"not_picked":["champ:GutPunch+1","champ:Balance","champ:CrookedStrike+1"],"picked":"SKIP","floor":19.0},{"not_picked":["champ:GladiatorsShout","champ:SkillfulDodge"],"picked":"champ:StanceDance+1","floor":21.0},{"not_picked":["champ:Haymaker+1","champ:DefensiveShout"],"picked":"champ:DeathBlow+1","floor":22.0},{"not_picked":[],"picked":"J.A.X.","floor":23.0},{"not_picked":["champ:FlashCut+1","champ:PreciseThrust+1"],"picked":"champ:BringItOn","floor":23.0},{"not_picked":["champ:FanOfKnives+1","champ:BladeFlurry+1"],"picked":"champ:SwordSigil+1","floor":28.0},{"not_picked":["champ:ShieldSigil","champ:FlashCut+1","champ:PerfectedStrike+1"],"picked":"SKIP","floor":29.0},{"not_picked":["champ:Control","champ:BerserkersShout"],"picked":"champ:RisingSlash+1","floor":30.0},{"not_picked":["champ:FightOn","champ:RapidStrikes+1"],"picked":"champ:EndlessRage","floor":31.0},{"not_picked":["champ:Control","champ:Balance"],"picked":"champ:DefensiveShout+1","floor":32.0},{"not_picked":["champ:Devastate+1","champ:EnchantSword"],"picked":"champ:SteelEdge+1","floor":33.0},{"not_picked":["champ:RapidStrikes+1","champ:SkillfulDodge"],"picked":"champ:Shatter+1","floor":36.0},{"not_picked":["champ:BladeFlurry+1","champ:FaceSlap+1"],"picked":"champ:CalledShot","floor":37.0},{"not_picked":["champ:BringItOn","champ:TornadoPunch+1"],"picked":"champ:Backstep+1","floor":38.0},{"not_picked":["champ:Control","champ:FalseCounter+1"],"picked":"champ:ArenaPreparation+1","floor":40.0},{"not_picked":["champ:ShieldSigil+1","champ:Shatter+1"],"picked":"champ:FightOn","floor":42.0},{"not_picked":["champ:IronFortress","champ:CrookedStrike+1"],"picked":"champ:StanceDance+1","floor":43.0},{"not_picked":["champ:ShieldSigil+1","champ:Backstep+1"],"picked":"champ:GutPunch+1","floor":44.0},{"not_picked":["champ:FalseCounter+1","champ:CrookedStrike+1"],"picked":"champ:ArenaPreparation+1","floor":45.0},{"not_picked":["champ:GutPunch+1","champ:Haymaker+1"],"picked":"champ:DefensiveStyle","floor":47.0},{"not_picked":["champ:EnragedBash+1","champ:DefensiveShout+1"],"picked":"champ:RageSigil+1","floor":48.0},{"not_picked":["champ:GutPunch+1","champ:ShieldWall"],"picked":"champ:HeavySlash+1","floor":49.0},{"not_picked":["champ:BerserkersShout+1","champ:ShieldSigil"],"picked":"champ:RageSigil","floor":52}],"player_experience":1495151,"relics_obtained":[{"floor":7.0,"key":"Ginger"},{"floor":9.0,"key":"InkBottle"},{"floor":13.0,"key":"Molten Egg 2"},{"floor":22.0,"key":"champ:GladiatorsBookOfMartialProwess"},{"floor":22.0,"key":"Mercury Hourglass"},{"floor":23.0,"key":"MutagenicStrength"},{"floor":26.0,"key":"FossilizedHelix"},{"floor":28.0,"key":"Ice Cream"},{"floor":31.0,"key":"CeramicFish"},{"floor":41.0,"key":"Bag of Marbles"},{"floor":42.0,"key":"Peace Pipe"},{"floor":44.0,"key":"Blood Vial"},{"floor":47.0,"key":"Kunai"},{"floor":52,"key":"Oddly Smooth Stone"}],"event_choices":[{"damage_healed":0.0,"max_hp_gain":0.0,"max_hp_loss":0.0,"gold_gain":108.0,"event_name":"betterSkull:BetterSkull","player_choice":"RE RE RE GO ","floor":39.0,"gold_loss":0.0,"damage_taken":86.0,"cards_upgraded":[],"relics_obtained":["champ:FightingForDummies","Bag of Preparation","MawBank"]}],"is_beta":false,"boss_relics":[{"not_picked":["Snecko Eye","SlaversCollar"],"picked":"Philosopher\u0027s Stone"},{"not_picked":["Runic Dome","Tiny House"],"picked":"Pandora\u0027s Box"}],"items_purged_floors":[14,40],"is_endless":false,"potions_floor_spawned":[3,5,8,11,13,15,22,29,32,33,37,42,43,48,49,52],"ascension_level":3}}