{"host":"17xjy7b7ubl548g2","time":1609738042,"event":{"mods":["2.2 Compatiblity","Act Like it!","Aspiration","Astrologer","Bard","BaseMod","Bestiary","Challenge The Spire","ChefMod","Colored Map","Conspire","Elementarium","Energized Spire","Gensokyo","GifTheSpireLib","Halation","Hallownest","Hubris","Infinite Spire","Jedi Mod","Jorbs\u0027s Wanderer Trilogy","Marisa（霧雨　魔理沙）","Marked Mod","Menagerie","Minty Spire (QoL Compilation)","Pale of the Ancients","Permanent Neow","Puzzle Mod","Replay The Spire","Robot Space Explorer","Spicy Shops","StSLib","Stuff the Spire","The Blue Laboratory","The Bug Knight","The Construct","The Disciple","The Factory","The Hayseed","The Hierophant","The Marked","The Runesmith","The Sage","TheFirefly"],"gold_per_floor":[115,115,115,115,131,131,131,166,166,195,214,226,226,260,260,364,364,380,380,15,28,47,47,77,77,129,162,162,162,179,196,196,294,294,311,326,37,57,76,76,76,76,121,148,148,162,162,187,187,187,204,221,221,221,221,237,237,33,33,33],"floor_reached":61,"playtime":7965,"items_purged":["Regret","thefirefly:Strike","thefirefly:Strike","Blade Dance"],"score":1476,"play_id":"5872a6af-782b-4a3d-980f-c39297635432","local_time":"20210104002722","is_ascension_mode":true,"campfire_choices":[{"data":"thefirefly:StealthMode","floor":6.0,"key":"SMITH"},{"data":"Menagerie:BeastSpirit","floor":13.0,"key":"SMITH"},{"data":"thefirefly:MindControl","floor":15.0,"key":"SMITH"},{"data":"thefirefly:EMP","floor":23.0,"key":"SMITH"},{"data":"thefirefly:LaserMail","floor":25.0,"key":"SMITH"},{"data":"thefirefly:IonizedBarrier","floor":32.0,"key":"SMITH"},{"data":"jedi:LeechingStrike","floor":40,"key":"SMITH"},{"data":"thefirefly:CoveringFire","floor":45,"key":"SMITH"},{"floor":49,"key":"RECALL"},{"data":"infinitespire:SevenWalls","floor":55,"key":"SMITH"},{"data":"infinitespire:Collect","floor":57,"key":"SMITH"}],"circlet_count":0,"master_deck":["thefirefly:Defend","thefirefly:Defend","thefirefly:StealthMode+1","thefirefly:FlakCannon","thefirefly:ArtillleryBeam","thefirefly:Teleport","thefirefly:ReverseEngine","Menagerie:BeastSpirit+1","thefirefly:MindControl+1","thefirefly:EMP+1","thefirefly:ChargedLaser","thefirefly:Quine","thefirefly:Teleport","thefirefly:Kugelblitz+1","thefirefly:Flight","thefirefly:CoveringFire+1","thefirefly:DataMiner+1","thefirefly:Pacify+1","thefirefly:LaserMail+1","thefirefly:RerouteCircuit+1","infinitespire:Fortify","thefirefly:Reposition+1","thefirefly:IonizedBarrier+1","thefirefly:BreachMissile+1","thefirefly:InterceptingShot+1","thefirefly:RecollectionSubroutine+1","jedi:LeechingStrike","thefirefly:LaserMail+1","thefirefly:ArtillleryBeam+1","thefirefly:EnergyShield+1","thefirefly:ShieldArray","aspiration:Lunge+1","Escape Plan","thefirefly:MirrorShield+1","infinitespire:SevenWalls+1","infinitespire:Collect+1","thefirefly:Dematerialize+1","thefirefly:AuroralDischarge+1"],"relics":["thefirefly:StealthSystem","hubris:SphereOfDissonance","sagemod:Blowpipe","Smiling Mask","conspire:SeveredTorchhead","thefirefly:PlasmaFairy","Happy Flower","Golden Egg","hubris:ToyBattleship","conspire:GlowingRock","infinitespire:Cupcake","Elementarium:ElementariumTrophy","conspire:SpecialSausage","The Courier","StuffTheSpire:ForceGauntlet","aspiration:FetidBarrel","paleoftheancients:Timepiece","paleoftheancients:KeyRelic","CultistMask","paleoftheancients:SoulOfTheWokeBloke","halation:PinkSoulGem","jedi:Pinwheel","Oddly Smooth Stone"],"acts_visited":["Exordium","Menagerie:Menagerie","TheBeyond","TheBeyond"],"potions_floor_usage":[39,48,48,51,52,60,60],"damage_taken":[{"damage":0.0,"enemies":"Menagerie:StygianBoar","floor":1.0,"turns":3.0},{"damage":1.0,"enemies":"Menagerie:2_RABBITS","floor":5.0,"turns":4.0},{"damage":12.0,"enemies":"Menagerie:Hydra","floor":8.0,"turns":7.0},{"damage":4.0,"enemies":"Menagerie:VoidReaper","floor":10.0,"turns":7.0},{"damage":0.0,"enemies":"Menagerie:MonstrousExperiment","floor":11.0,"turns":2.0},{"damage":0.0,"enemies":"Menagerie:KEEPER_AND_YOUNG_SUNEATER","floor":12.0,"turns":5.0},{"damage":0.0,"enemies":"Gensokyo:Mamizou","floor":14.0,"turns":7.0},{"damage":9.0,"enemies":"Menagerie:AVATARS","floor":16.0,"turns":10.0},{"damage":0.0,"enemies":"Elementarium:2_ELEMENTALS","floor":18.0,"turns":3.0},{"damage":2.0,"enemies":"Elementarium:VoidCorruption","floor":21.0,"turns":2.0},{"damage":4.0,"enemies":"Elementarium:VoidBeast","floor":22.0,"turns":4.0},{"damage":17.0,"enemies":"Elementarium:WarGolem","floor":24.0,"turns":3.0},{"damage":13.0,"enemies":"Elementarium:FIRE_NOBILITY","floor":27.0,"turns":4.0},{"damage":1.0,"enemies":"Elementarium:Hydrostalker","floor":30.0,"turns":4.0},{"damage":0.0,"enemies":"Elementarium:RubyGolem","floor":31.0,"turns":2.0},{"damage":14.0,"enemies":"Elementarium:GolemEmperor","floor":33.0,"turns":11.0},{"damage":9.0,"enemies":"3 Shapes","floor":35.0,"turns":4.0},{"damage":0.0,"enemies":"Orb Walker","floor":36.0,"turns":3.0},{"damage":19,"enemies":"Transient","floor":38,"turns":5},{"damage":6,"enemies":"3 Darklings","floor":39,"turns":2},{"damage":0,"enemies":"Reptomancer","floor":44,"turns":3},{"damage":2,"enemies":"Writhing Mass","floor":46,"turns":4},{"damage":0,"enemies":"R_Hoarder","floor":48,"turns":4},{"damage":20,"enemies":"Awakened One","floor":50,"turns":10},{"damage":14,"enemies":"Awakened One","floor":51,"turns":9},{"damage":5,"enemies":"Awakened One","floor":52,"turns":4},{"damage":0,"enemies":"Awakened One","floor":56,"turns":6},{"damage":19,"enemies":"paleoftheancients:N","floor":60,"turns":7}],"seed_played":"-7136812961242198014","potions_obtained":[{"floor":1.0,"key":"blueLaboratory:BottledHope"},{"floor":11.0,"key":"Fruit Juice"},{"floor":12.0,"key":"blueLaboratory:HorrorPotion"},{"floor":16.0,"key":"blueLaboratory:FruitPunch"},{"floor":18.0,"key":"Strength Potion"},{"floor":21.0,"key":"BlessingOfTheForge"},{"floor":22.0,"key":"blueLaboratory:PhilterOfMotion"},{"floor":30.0,"key":"Swift Potion"},{"floor":33.0,"key":"SkillPotion"},{"floor":36.0,"key":"jedi:StrikingPotion"},{"floor":46,"key":"blueLaboratory:FruitPunch"},{"floor":52,"key":"Explosive Potion"}],"is_trial":false,"path_per_floor":["M","?","?","?","M","R","?","E","T","E","M","M","R","?","R","B",null,"M","?","$","M","M","R","E","R","T","E","?","AVR","M","M","R","B",null,"M","M","$","M","M","R","?","T","T","E","R","M","AVR","E","R","B","M","M","?","T","R","M","R","$","?","B",null],"character_chosen":"THE_FIREFLY","items_purchased":["thefirefly:PlasmaFairy","Happy Flower","thefirefly:CoveringFire","jedi:LeechingStrike","thefirefly:LaserMail","thefirefly:ArtillleryBeam","Oddly Smooth Stone","blueLaboratory:HorrorPotion","blueLaboratory:HorrorPotion"],"campfire_rested":0,"item_purchase_floors":[20,20,20,37,37,37,58,58,58],"current_hp_per_floor":[55,55,55,58,57,57,55,43,43,39,39,44,44,44,44,35,60,66,66,66,64,60,60,43,43,43,30,30,30,29,29,29,15,66,57,57,57,38,45,45,45,45,45,45,45,61,61,63,63,68,67,68,68,68,68,68,68,68,68,68],"gold":33,"neow_bonus":"THREE_CARDS","is_daily":false,"chose_seed":false,"campfire_upgraded":10,"win_rate":0.0,"timestamp":1609738042,"path_taken":["M","?","?","?","?","R","?","E","T","E","M","M","R","?","R","BOSS","M","?","$","M","M","R","E","R","T","E","?","AVR","M","?","R","BOSS","M","M","$","M","M","R","?","?","T","E","R","?","AVR","E","R","BOSS","M","M","?","T","R","M","R","$","?","BOSS"],"items_purchased_type":["Relic","Relic","Card","Card","Card","Card","Relic","Potion","Potion"],"build_version":"2020-12-22","purchased_purges":4,"victory":true,"max_hp_per_floor":[55,55,55,58,58,58,55,55,55,55,55,60,60,60,60,60,60,66,66,66,66,66,66,66,66,66,66,66,66,66,66,66,66,66,66,66,66,66,66,66,66,66,66,66,66,66,66,68,68,68,68,68,68,68,68,68,68,68,68,68],"card_choices":[{"not_picked":["thefirefly:EvasiveManeuver","thefirefly:Reposition"],"picked":"thefirefly:FlakCannon","floor":0.0},{"not_picked":["thefirefly:StarCinder","thefirefly:Teleport"],"picked":"thefirefly:ArtillleryBeam","floor":1.0},{"not_picked":["thefirefly:Rend","thefirefly:ArtillleryBeam"],"picked":"thefirefly:ReverseEngine","floor":5.0},{"not_picked":["thefirefly:FlareScreen","thefirefly:FlakCannon"],"picked":"thefirefly:MindControl","floor":8.0},{"not_picked":["thefirefly:Quine","thefirefly:EvasiveManeuver"],"picked":"thefirefly:EMP","floor":10.0},{"not_picked":["thefirefly:RollBack","thefirefly:AccountUncertainty"],"picked":"thefirefly:ChargedLaser","floor":11.0},{"not_picked":["thefirefly:Bombardment","thefirefly:StarCinder"],"picked":"thefirefly:Quine","floor":12.0},{"not_picked":["thefirefly:SteadyAim","thefirefly:Unweft"],"picked":"thefirefly:Teleport","floor":14.0},{"not_picked":["thefirefly:Dematerialize","thefirefly:SoulStrike"],"picked":"thefirefly:Kugelblitz","floor":16.0},{"not_picked":["thefirefly:SteadyAim","thefirefly:FlakCannon"],"picked":"thefirefly:Flight","floor":18.0},{"not_picked":["thefirefly:Preload","thefirefly:NebulaVeil"],"picked":"thefirefly:DataMiner+1","floor":21.0},{"not_picked":["thefirefly:Flight","thefirefly:RollBack"],"picked":"thefirefly:Pacify+1","floor":22.0},{"not_picked":["thefirefly:ReverseEngine","thefirefly:RollBack"],"picked":"thefirefly:LaserMail","floor":24.0},{"not_picked":["thefirefly:NebulaVeil","thefirefly:Ruminate"],"picked":"thefirefly:RerouteCircuit","floor":27.0},{"not_picked":["thefirefly:ArtillleryBeam+1","thefirefly:ErraticMotions+1"],"picked":"thefirefly:Reposition+1","floor":30.0},{"not_picked":["thefirefly:Reposition","thefirefly:ArtillleryBeam"],"picked":"thefirefly:IonizedBarrier","floor":31.0},{"not_picked":["thefirefly:BoltzmannBrain","thefirefly:SoulStrike"],"picked":"thefirefly:BreachMissile","floor":33.0},{"not_picked":["thefirefly:StoredPower+1","thefirefly:DecoyShot"],"picked":"thefirefly:InterceptingShot+1","floor":35.0},{"not_picked":["thefirefly:EvasiveManeuver","thefirefly:SteadyAim+1"],"picked":"thefirefly:RecollectionSubroutine+1","floor":36.0},{"not_picked":["thefirefly:BreachMissile","thefirefly:FlareScreen"],"picked":"thefirefly:EnergyShield+1","floor":38},{"not_picked":["thefirefly:InterceptingShot","thefirefly:Quine+1"],"picked":"thefirefly:ShieldArray","floor":39},{"not_picked":["thefirefly:Reposition+1","thefirefly:RecollectionSubroutine+1"],"picked":"thefirefly:MirrorShield+1","floor":44},{"not_picked":["thefirefly:SteadyAim","thefirefly:ErraticMotions+1","thefirefly:Distort+1"],"picked":"SKIP","floor":46},{"not_picked":["thefirefly:Prominence+1","thefirefly:Flight"],"picked":"thefirefly:Dematerialize","floor":48},{"not_picked":["thefirefly:QuantumTunneling","thefirefly:DataMiner+1","thefirefly:Rend"],"picked":"SKIP","floor":51},{"not_picked":["thefirefly:RecollectionSubroutine+1","thefirefly:Reposition","thefirefly:Exile"],"picked":"SKIP","floor":52},{"not_picked":["thefirefly:ArtillleryBeam+1","thefirefly:HyperFocus"],"picked":"thefirefly:AuroralDischarge+1","floor":56}],"player_experience":1648394,"relics_obtained":[{"floor":9.0,"key":"hubris:SphereOfDissonance"},{"floor":10.0,"key":"sagemod:Blowpipe"},{"floor":14.0,"key":"Smiling Mask"},{"floor":24.0,"key":"Golden Egg"},{"floor":26.0,"key":"hubris:ToyBattleship"},{"floor":27.0,"key":"conspire:GlowingRock"},{"floor":42,"key":"The Courier"},{"floor":44,"key":"StuffTheSpire:ForceGauntlet"},{"floor":48,"key":"aspiration:FetidBarrel"},{"floor":51,"key":"paleoftheancients:SoulOfTheWokeBloke"},{"floor":52,"key":"paleoftheancients:SoulOfTheWatcher"},{"floor":54,"key":"jedi:Pinwheel"},{"floor":56,"key":"paleoftheancients:SoulOfTheHexaghost"}],"event_choices":[{"damage_healed":0.0,"max_hp_gain":0.0,"max_hp_loss":0.0,"gold_gain":0.0,"event_name":"Menagerie:SpiderNest","player_choice":"Ignored","floor":2.0,"gold_loss":0.0,"damage_taken":0.0},{"damage_healed":0.0,"max_hp_gain":0.0,"max_hp_loss":0.0,"gold_gain":0.0,"event_name":"conspire:Investor","player_choice":"Leave","floor":3.0,"gold_loss":0.0,"damage_taken":0.0},{"damage_healed":0.0,"max_hp_gain":3.0,"max_hp_loss":0.0,"gold_gain":0.0,"cards_transformed":["thefirefly:PhotonBlast"],"event_name":"Menagerie:CloudVision","player_choice":"Vigor","floor":4.0,"gold_loss":0.0,"damage_taken":0.0,"cards_obtained":["thefirefly:Teleport"]},{"damage_healed":0.0,"max_hp_gain":0.0,"max_hp_loss":3.0,"gold_gain":0.0,"event_name":"Menagerie:BeastSpiritShrine","player_choice":"Knelt","floor":7.0,"gold_loss":0.0,"damage_taken":0.0,"cards_obtained":["Menagerie:BeastSpirit"]},{"damage_healed":0.0,"max_hp_gain":0.0,"max_hp_loss":0.0,"gold_gain":0.0,"event_name":"Menagerie:StasisChamber","player_choice":"Release","floor":14.0,"gold_loss":0.0,"damage_taken":0.0},{"cards_removed":["thefirefly:Strike"],"damage_healed":0.0,"max_hp_gain":0.0,"max_hp_loss":0.0,"gold_gain":0.0,"event_name":"Elementarium:LostScrolls","player_choice":"Burn","floor":28.0,"gold_loss":0.0,"damage_taken":0.0}],"is_beta":false,"boss_relics":[{"not_picked":["Kintsugi","StuffTheSpire:RunicConfusion"],"picked":"conspire:SeveredTorchhead"},{"not_picked":["energizedSpire:SpiderWeb","halation:Prosthetics"],"picked":"conspire:SpecialSausage"}],"items_purged_floors":[20,20,29,47],"is_endless":false,"potions_floor_spawned":[1,11,12,16,18,21,22,30,33,36,46,52],"ascension_level":2}}