{"host":"cdnletu4ypo40ld3","time":1609754523,"event":{"mods":["BaseMod","Colored Map","Downfall","Googly Eyes","Hermit","Highlight Path","Infinite Spire","Jorbs\u0027s Wanderer Trilogy","Marisa????????","Minty Spire (QoL Compilation)","Rare Cards Sparkle","Replay The Spire","StSLib","The Animator","The Cursed","The Disciple","The Runesmith","The Servant 0.9.4"],"gold_per_floor":[123,36,36,36,50,62,89,103,103,127,142,142,187,33,33,131,131,161,161,161,180,180,180],"floor_reached":22,"playtime":1722,"items_purged":[],"score":196,"play_id":"2707eec4-7f63-42b7-ad7b-7b14ea74d2db","local_time":"20210104170203","is_ascension_mode":false,"campfire_choices":[{"floor":12,"key":"REST"}],"circlet_count":0,"master_deck":["animator:Strike_GATE","animator:Defend_GATE+1","animator:Defend+1","animator:TukaLunaMarceau+1","animator:Kuribayashi","animator:MaesHughes","animator:Canti","Replay:Fractal Strike","animator:ElricEdward","animator:Mitsurugi","animator:Millim","animator:ElricAlphonse","animator:YunYun","animator:Spearman","animator:Sloth","animator:Hibiki","animator:Urushihara","animator:IchigoKurosaki","animator:Hans","stsjorbsmod:Procrastination","Delirium","animator:Arpeggio","animator:Strike","animator:GoblinSlayer","animator:Priestess"],"relics":["animator:LivingPicture","animator:TheMissingPiece","War Paint","Potion Belt","Bottled Lightning","Runesmith:AutoHammer","ReplayTheSpireMod:ShopPack","Kintsugi"],"acts_visited":["Exordium","TheCity"],"potions_floor_usage":[7,16,22],"damage_taken":[{"damage":0,"enemies":"Small Slimes","floor":1,"turns":3},{"damage":0,"enemies":"2 Louse","floor":5,"turns":4},{"damage":0,"enemies":"Jaw Worm","floor":6,"turns":4},{"damage":10,"enemies":"3 Sentries","floor":7,"turns":11},{"damage":0,"enemies":"Exordium Wildlife","floor":8,"turns":4},{"damage":0,"enemies":"Lots of Slimes","floor":10,"turns":6},{"damage":11,"enemies":"2 Fungi Beasts","floor":11,"turns":3},{"damage":12,"enemies":"Replay:BlueRogue","floor":13,"turns":8},{"damage":58,"enemies":"The Guardian","floor":16,"turns":9},{"damage":20,"enemies":"Spheric Guardian","floor":18,"turns":4},{"damage":17,"enemies":"3 Byrds","floor":21,"turns":4},{"damage":22,"enemies":"Shelled Parasite and Fungi","floor":22,"turns":5}],"seed_played":"1490451603252198801","potions_obtained":[{"floor":6,"key":"DuplicationPotion"},{"floor":10,"key":"FairyPotion"},{"floor":13,"key":"Fire Potion"},{"floor":16,"key":"Doom Potion"},{"floor":21,"key":"Adrenaline Potion"}],"is_trial":false,"path_per_floor":["M","$","?","?","M","M","E","M","T","M","M","R","E","$","R_BF","B",null,"M","?","?","M","M"],"character_chosen":"THE_ANIMATOR","items_purchased":["animator:Canti","animator:Sloth","ReplayTheSpireMod:ShopPack"],"campfire_rested":1,"item_purchase_floors":[2,14,14],"current_hp_per_floor":[66,66,49,49,50,50,40,40,40,40,29,49,37,37,57,36,67,47,35,35,19,0,0],"gold":180,"neow_bonus":"RANDOM_COMMON_RELIC","is_daily":false,"chose_seed":false,"campfire_upgraded":0,"win_rate":0.0,"timestamp":1609754523,"path_taken":["M","$","?","?","M","M","E","M","T","M","M","R","E","?","R_BF","BOSS","M","?","?","?","M"],"items_purchased_type":["Card","Card","Relic"],"build_version":"2020-12-22","purchased_purges":0,"victory":false,"max_hp_per_floor":[66,66,66,66,67,67,67,67,67,67,67,67,67,67,67,67,67,67,72,72,73,73,73],"card_choices":[{"not_picked":["animator:Emonzaemon","animator:ZankiKiguchi"],"picked":"animator:MaesHughes","floor":1},{"not_picked":["infinitespire:SevenWalls","infinitespire:Collect"],"picked":"Replay:Fractal Strike","floor":3},{"not_picked":["animator:TsurugaMeisai","animator:Vesta"],"picked":"animator:ElricEdward","floor":5},{"not_picked":["animator:GazelDwargon","animator:Azekura","animator:Vanir"],"picked":"SKIP","floor":6},{"not_picked":["animator:Aqua","animator:Kazuma"],"picked":"animator:Mitsurugi","floor":7},{"not_picked":["animator:Priestess","animator:Shuna"],"picked":"animator:Millim","floor":8},{"not_picked":["animator:Benimaru","animator:Kazuma"],"picked":"animator:ElricAlphonse","floor":10},{"not_picked":["animator:RoyMustang","animator:Jibril"],"picked":"animator:YunYun","floor":11},{"not_picked":["animator:DwarfShaman","animator:LizardPriest"],"picked":"animator:Spearman","floor":13},{"not_picked":["animator:Lelouch","animator:HououinKyouma"],"picked":"animator:Hibiki","floor":14},{"not_picked":["animator:Kagari","animator:Zero"],"picked":"animator:Urushihara","floor":14},{"not_picked":["animator:MisakiNakahara","animator:NononJakuzure"],"picked":"animator:IchigoKurosaki","floor":14},{"not_picked":["animator:Shizu","animator:Biyorigo"],"picked":"animator:Hans","floor":16},{"not_picked":["animator:UneriGinkaku+1","animator:Konayuki+1"],"picked":"animator:Arpeggio","floor":18},{"not_picked":["animator:Kuribayashi+1","animator:Sloth"],"picked":"animator:Priestess","floor":21}],"player_experience":183228,"relics_obtained":[{"floor":7,"key":"Potion Belt"},{"floor":9,"key":"Bottled Lightning"},{"floor":13,"key":"Runesmith:AutoHammer"}],"event_choices":[{"damage_healed":0,"gold_gain":0,"player_choice":"Shed Blood","damage_taken":17,"max_hp_gain":5,"max_hp_loss":0,"event_name":"Forgotten Altar","floor":19,"gold_loss":0},{"damage_healed":0,"gold_gain":0,"player_choice":"2 cards matched","damage_taken":0,"max_hp_gain":0,"max_hp_loss":0,"event_name":"Match and Keep!","floor":20,"gold_loss":0,"cards_obtained":["animator:Strike","animator:GoblinSlayer"]}],"is_beta":false,"boss_relics":[{"not_picked":["SlaversCollar","Runic Dome"],"picked":"Kintsugi"}],"items_purged_floors":[],"is_endless":false,"potions_floor_spawned":[6,10,13,16,21],"killed_by":"Shelled Parasite and Fungi","ascension_level":0}}