{"host":"vsdszi3rnxsdp24p","time":1609797030,"event":{"mods":["AchievementEnabler","BaseMod","Colored Map","Colored Powertips","Hermit","Highlight Path","Minty Spire (QoL Compilation)","Quick Restart","Relic Sorter","Relic Stats","StSLib","SuperFastMode","Synergy Search","The Cursed","The Mystic"],"gold_per_floor":[113,113,127,127,141,141,166,166,166,197,197,210,230,242,242,339,339,350,368,378,26,37,37,68,68,95,95,125,140,140,153,153,255,255,267,0,0,20,38,38,38,85,85,85,111,111,122,139,139,139,139,139,5,37,37,37],"floor_reached":55,"playtime":2861,"items_purged":["Strike_G"],"score":739,"play_id":"a4aeade9-e094-402f-b8da-dd096c12fefb","local_time":"20210104225030","is_ascension_mode":false,"campfire_choices":[{"data":"Deadly Poison","floor":6,"key":"SMITH"},{"data":"Noxious Fumes","floor":8,"key":"SMITH"},{"data":"Catalyst","floor":15,"key":"SMITH"},{"floor":23,"key":"REST"},{"floor":25,"key":"REST"},{"floor":32,"key":"REST"},{"data":"Calculated Gamble","floor":40,"key":"SMITH"},{"floor":44,"key":"RECALL"},{"data":"Sadistic Nature","floor":46,"key":"SMITH"},{"floor":49,"key":"REST"},{"data":"Terror","floor":52,"key":"SMITH"}],"circlet_count":0,"master_deck":["Strike_G+1","Strike_G+1","Strike_G+1","Defend_G+1","Survivor","Neutralize","Riddle With Holes","Escape Plan","Deadly Poison+1","Noxious Fumes+1","Caltrops","Crippling Poison","Catalyst+1","Dodge and Roll","Burst+1","CurseOfTheBell","Bane+1","Backflip+1","Dash+1","Sadistic Nature+1","Caltrops","Acrobatics","Catalyst+1","All Out Attack+1","Flying Knee+1","Cloak And Dagger+1","Cloak And Dagger","Adrenaline","Tactician+1","Outmaneuver+1","Calculated Gamble+1","Prepared","Flying Knee+1","Parasite","Terror+1","PiercingWail","Accuracy+1","Dagger Throw+1","Catalyst"],"relics":["Ring of the Snake","NeowsBlessing","Odd Mushroom","Eternal Feather","Regal Pillow","Calling Bell","MealTicket","Ornamental Fan","Incense Burner","Molten Egg 2","Pocketwatch","Empty Cage","Red Mask","CaptainsWheel","Frozen Egg 2","Art of War","Bag of Preparation"],"acts_visited":["Exordium","TheCity","TheBeyond","TheEnding"],"potions_floor_usage":[7,14,14,18,24,28,31,31,39,45,47,50,55],"damage_taken":[{"damage":0,"enemies":"Cultist","floor":1,"turns":1},{"damage":0,"enemies":"Small Slimes","floor":3,"turns":1},{"damage":0,"enemies":"2 Louse","floor":5,"turns":1},{"damage":24,"enemies":"The Mushroom Lair","floor":7,"turns":5},{"damage":20,"enemies":"Lagavulin","floor":10,"turns":5},{"damage":11,"enemies":"2 Fungi Beasts","floor":12,"turns":3},{"damage":2,"enemies":"Exordium Thugs","floor":13,"turns":5},{"damage":3,"enemies":"Gremlin Gang","floor":14,"turns":3},{"damage":21,"enemies":"The Guardian","floor":16,"turns":7},{"damage":20,"enemies":"Spheric Guardian","floor":18,"turns":5},{"damage":7,"enemies":"3 Byrds","floor":19,"turns":5},{"damage":37,"enemies":"Cultist and Chosen","floor":20,"turns":5},{"damage":9,"enemies":"Centurion and Healer","floor":22,"turns":4},{"damage":42,"enemies":"Slavers","floor":24,"turns":4},{"damage":29,"enemies":"Book of Stabbing","floor":28,"turns":6},{"damage":0,"enemies":"Snake Plant","floor":29,"turns":2},{"damage":30,"enemies":"3 Cultists","floor":31,"turns":5},{"damage":5,"enemies":"Champ","floor":33,"turns":5},{"damage":6,"enemies":"3 Shapes","floor":35,"turns":5},{"damage":7,"enemies":"Orb Walker","floor":38,"turns":2},{"damage":0,"enemies":"Spire Growth","floor":39,"turns":4},{"damage":37,"enemies":"2 Orb Walkers","floor":42,"turns":4},{"damage":4,"enemies":"Nemesis","floor":45,"turns":5},{"damage":0,"enemies":"Writhing Mass","floor":47,"turns":5},{"damage":38,"enemies":"Sphere and 2 Shapes","floor":48,"turns":4},{"damage":63,"enemies":"Donu and Deca","floor":50,"turns":10},{"damage":40,"enemies":"Shield and Spear","floor":54,"turns":6},{"damage":40,"enemies":"The Heart","floor":55,"turns":5}],"seed_played":"-868859681829761940","potions_obtained":[{"floor":3,"key":"ColorlessPotion"},{"floor":5,"key":"DuplicationPotion"},{"floor":7,"key":"Explosive Potion"},{"floor":10,"key":"SteroidPotion"},{"floor":16,"key":"BlessingOfTheForge"},{"floor":22,"key":"Ancient Potion"},{"floor":24,"key":"BlessingOfTheForge"},{"floor":28,"key":"ColorlessPotion"},{"floor":29,"key":"Regen Potion"},{"floor":38,"key":"PowerPotion"},{"floor":42,"key":"Fire Potion"},{"floor":45,"key":"SkillPotion"},{"floor":54,"key":"Weak Potion"}],"is_trial":false,"path_per_floor":["M","?","M","?","M","R","?","R","T","E","?","M","M","M","R","B",null,"M","M","M","$","M","R","E","R","T","?","E","M","?","M","R","B",null,"M","?","?","M","M","R","?","?","T","R","E","R","M","M","R","B",null,"R","$","E","B"],"character_chosen":"THE_SILENT","items_purchased":["Sadistic Nature","Caltrops","Acrobatics","Accuracy+1","Dagger Throw+1"],"campfire_rested":4,"item_purchase_floors":[21,21,21,53,53],"current_hp_per_floor":[70,70,70,70,70,70,46,46,46,26,80,69,67,64,73,52,80,60,53,16,31,22,76,34,80,80,80,51,51,51,26,80,75,80,74,74,74,67,67,80,80,43,43,61,57,75,75,37,80,17,80,80,80,40,0,0],"gold":37,"neow_bonus":"THREE_ENEMY_KILL","is_daily":false,"chose_seed":false,"campfire_upgraded":6,"win_rate":0.0,"timestamp":1609797030,"path_taken":["M","?","M","?","M","R","?","R","T","E","?","M","M","?","R","BOSS","M","M","M","$","?","R","E","R","T","?","E","M","?","?","R","BOSS","M","?","?","M","?","R","?","?","T","R","E","R","M","M","R","BOSS","R","$","E","BOSS"],"items_purchased_type":["Card","Card","Card","Card","Card"],"build_version":"2020-12-22","purchased_purges":1,"victory":false,"max_hp_per_floor":[70,70,70,70,70,70,70,70,70,70,80,80,80,80,80,80,80,80,80,80,80,80,80,80,80,80,80,80,80,80,80,80,80,80,80,80,80,80,80,80,80,80,80,80,80,80,80,80,80,80,80,80,80,80,80,80],"relic_stats":{"Regal Pillow":34,"counters":[28,122],"Ornamental Fan":[36],"Eternal Feather":127,"MealTicket":15,"Art of War":[8],"Bag of Preparation":[2],"obtain_stats":[{"Regal Pillow":10,"NeowsBlessing":0,"Eternal Feather":9,"Incense Burner":17,"Bag of Preparation":54,"Odd Mushroom":7,"Frozen Egg 2":43,"Empty Cage":34,"Calling Bell":17,"CaptainsWheel":42,"Ornamental Fan":17,"MealTicket":17,"Molten Egg 2":24,"Red Mask":36,"Art of War":45,"Ring of the Snake":0,"Pocketwatch":28},{"Regal Pillow":5,"NeowsBlessing":0,"Eternal Feather":4,"Incense Burner":9,"Bag of Preparation":27,"Odd Mushroom":4,"Frozen Egg 2":22,"Empty Cage":18,"Calling Bell":9,"CaptainsWheel":22,"Ornamental Fan":9,"MealTicket":9,"Molten Egg 2":14,"Red Mask":19,"Art of War":23,"Ring of the Snake":0,"Pocketwatch":15},{"Regal Pillow":13,"NeowsBlessing":0,"Eternal Feather":8,"Incense Burner":31,"Bag of Preparation":117,"Odd Mushroom":8,"Frozen Egg 2":87,"Empty Cage":72,"Calling Bell":31,"CaptainsWheel":87,"Ornamental Fan":31,"MealTicket":31,"Molten Egg 2":54,"Red Mask":77,"Art of War":92,"Ring of the Snake":0,"Pocketwatch":60}],"Ring of the Snake":[56],"Pocketwatch":[33]},"card_choices":[{"not_picked":["Deflect","Bane"],"picked":"Riddle With Holes","floor":1},{"not_picked":["Concentrate","Flying Knee"],"picked":"Escape Plan","floor":3},{"not_picked":["Dodge and Roll","Flechettes"],"picked":"Deadly Poison","floor":5},{"not_picked":["Dagger Throw","Underhanded Strike"],"picked":"Noxious Fumes","floor":7},{"not_picked":["Infinite Blades","Backflip"],"picked":"Caltrops","floor":10},{"not_picked":["Eviscerate","Concentrate"],"picked":"Crippling Poison","floor":12},{"not_picked":["Poisoned Stab","Backflip"],"picked":"Catalyst","floor":13},{"not_picked":["Dagger Spray","All Out Attack"],"picked":"Dodge and Roll","floor":14},{"not_picked":["A Thousand Cuts","Unload"],"picked":"Burst","floor":16},{"not_picked":["Terror","Underhanded Strike"],"picked":"Bane+1","floor":18},{"not_picked":["Flying Knee","Wraith Form v2"],"picked":"Backflip+1","floor":19},{"not_picked":["Concentrate","Prepared"],"picked":"Dash+1","floor":20},{"not_picked":["Flechettes","Dagger Spray"],"picked":"Catalyst+1","floor":22},{"not_picked":["Backflip","Masterful Stab+1"],"picked":"All Out Attack+1","floor":24},{"not_picked":["Dash+1","Accuracy"],"picked":"Flying Knee+1","floor":28},{"not_picked":["Infinite Blades","Deflect"],"picked":"Cloak And Dagger+1","floor":29},{"not_picked":["All Out Attack+1","Backflip+1"],"picked":"Cloak And Dagger","floor":31},{"not_picked":["Venomology","Tools of the Trade"],"picked":"Adrenaline","floor":33},{"not_picked":["Dodge and Roll+1","Acrobatics+1"],"picked":"Tactician+1","floor":35},{"not_picked":["Bane+1","Noxious Fumes"],"picked":"Outmaneuver+1","floor":38},{"not_picked":["Quick Slash+1","Slice+1"],"picked":"Calculated Gamble","floor":39},{"not_picked":["Storm of Steel","Accuracy"],"picked":"Prepared","floor":42},{"not_picked":["Predator+1","Sucker Punch+1"],"picked":"Flying Knee+1","floor":45},{"not_picked":["Backstab+1","Dagger Spray+1"],"picked":"Terror","floor":47},{"not_picked":["Underhanded Strike+1","Dodge and Roll"],"picked":"PiercingWail","floor":48},{"not_picked":["PiercingWail+1","Wraith Form v2+1"],"picked":"Catalyst","floor":54}],"player_experience":126471,"relics_obtained":[{"floor":7,"key":"Odd Mushroom"},{"floor":9,"key":"Eternal Feather"},{"floor":10,"key":"Regal Pillow"},{"floor":17,"key":"MealTicket"},{"floor":17,"key":"Ornamental Fan"},{"floor":17,"key":"Incense Burner"},{"floor":24,"key":"Molten Egg 2"},{"floor":28,"key":"Pocketwatch"},{"floor":42,"key":"CaptainsWheel"},{"floor":43,"key":"Frozen Egg 2"},{"floor":45,"key":"Art of War"},{"floor":54,"key":"Bag of Preparation"}],"event_choices":[{"damage_healed":0,"gold_gain":0,"cards_transformed":["Strike_G"],"player_choice":"Change","damage_taken":0,"max_hp_gain":0,"max_hp_loss":0,"event_name":"Living Wall","floor":2,"gold_loss":0,"cards_obtained":["Glass Knife"]},{"damage_healed":0,"gold_gain":0,"player_choice":"Leave","damage_taken":0,"max_hp_gain":0,"max_hp_loss":0,"event_name":"The Cleric","floor":4,"gold_loss":0},{"damage_healed":0,"gold_gain":0,"player_choice":"Fought Mushrooms","damage_taken":0,"max_hp_gain":0,"max_hp_loss":0,"event_name":"Mushrooms","floor":7,"gold_loss":0},{"cards_removed":["Glass Knife"],"damage_healed":44,"gold_gain":0,"player_choice":"Offered Rare","damage_taken":0,"max_hp_gain":10,"max_hp_loss":0,"event_name":"Bonfire Elementals","floor":11,"gold_loss":0},{"damage_healed":0,"gold_gain":0,"player_choice":"Simplicity","damage_taken":0,"max_hp_gain":0,"max_hp_loss":0,"event_name":"Back to Basics","floor":27,"gold_loss":0,"cards_upgraded":["Strike_G","Strike_G","Strike_G","Defend_G","Defend_G","Defend_G","Defend_G","Defend_G"]},{"cards_removed":["Defend_G"],"damage_healed":0,"gold_gain":0,"player_choice":"Purged","damage_taken":0,"max_hp_gain":0,"max_hp_loss":0,"event_name":"Purifier","floor":30,"gold_loss":0},{"damage_healed":0,"gold_gain":0,"player_choice":"Paid","damage_taken":0,"relics_obtained":["Red Mask"],"max_hp_gain":0,"max_hp_loss":0,"event_name":"Tomb of Lord Red Mask","floor":36,"gold_loss":267},{"damage_healed":0,"gold_gain":0,"player_choice":"Upgraded","damage_taken":0,"max_hp_gain":0,"max_hp_loss":0,"event_name":"Upgrade Shrine","floor":37,"gold_loss":0,"cards_upgraded":["Burst"]},{"cards_removed":["Defend_G"],"damage_healed":0,"gold_gain":0,"player_choice":"Removed Skill","damage_taken":0,"max_hp_gain":0,"max_hp_loss":0,"event_name":"Falling","floor":41,"gold_loss":0},{"damage_healed":0,"gold_gain":0,"player_choice":"Fight","damage_taken":0,"max_hp_gain":0,"max_hp_loss":0,"event_name":"Mysterious Sphere","floor":42,"gold_loss":0}],"is_beta":false,"boss_relics":[{"not_picked":["Sozu","Snecko Eye"],"picked":"Calling Bell"},{"not_picked":["Coffee Dripper","Fusion Hammer"],"picked":"Empty Cage"}],"items_purged_floors":[21],"is_endless":false,"potions_floor_spawned":[3,5,7,10,16,22,24,28,29,38,42,45,54],"killed_by":"The Heart","ascension_level":0}}