{"host":"6zri5syto3048z50","time":1609727756,"event":{"mods":["Bard","BaseMod","Better Third Choice","Colored Map","Colored Powertips","Curses Come First","Downfall","Hermit","Infinite Spire","Minty Spire (QoL Compilation)","Permanent Neow","Quick Restart","Rare Cards Sparkle","Replay The Spire","Shade Mod","Somnambulant","StSLib","The Bladedancer","The Construct","The Cursed","The Disciple","The Druid","The Elementalist","The Hierophant","The Marked","The Mystic","The Necromancer","The Runesmith"],"gold_per_floor":[119,131,151,6,0,33,33],"floor_reached":6,"playtime":1293,"items_purged":[],"score":46,"play_id":"1630b0a5-9894-4a7a-be89-7a7fd5d88b59","local_time":"20210103213556","is_ascension_mode":false,"campfire_choices":[],"circlet_count":0,"master_deck":["construct:Strike_Gold","construct:Strike_Gold","construct:Strike_Gold","construct:Strike_Gold","construct:Strike_Gold","construct:Defend_Gold","construct:Defend_Gold","construct:Defend_Gold","construct:Defend_Gold","construct:Defend_Gold","construct:AttackMode","construct:DefenseMode","construct:Synchronize","construct:SuppressiveFire","construct:Versatility","construct:CripplingShot","construct:Multistage"],"relics":["construct:Cogwheel","betterThird:SlimedRelic","The Courier"],"acts_visited":["Exordium"],"potions_floor_usage":[6],"damage_taken":[{"damage":2,"enemies":"Small Slimes","floor":1,"turns":3},{"damage":0,"enemies":"Cultist","floor":2,"turns":3},{"damage":2,"enemies":"2 Louse","floor":3,"turns":3},{"damage":40,"enemies":"Gremlin Nob","floor":6,"turns":6}],"seed_played":"703625313492297142","potions_obtained":[{"floor":3,"key":"Toxic Potion"}],"is_trial":true,"path_per_floor":["M","M","M","$","?","E"],"character_chosen":"THE_CONSTRUCT_MOD","items_purchased":["construct:CripplingShot","construct:Multistage"],"campfire_rested":0,"item_purchase_floors":[4,4],"current_hp_per_floor":[83,83,81,81,70,30,30],"gold":33,"neow_bonus":"","is_daily":false,"chose_seed":false,"campfire_upgraded":0,"win_rate":0.0,"timestamp":1609727756,"path_taken":["M","M","M","$","?","E"],"items_purchased_type":["Card","Card"],"build_version":"2020-12-22","purchased_purges":0,"victory":false,"max_hp_per_floor":[85,85,85,85,85,85,85],"card_choices":[{"not_picked":["construct:Boost","construct:SyphonStrike"],"picked":"construct:Synchronize","floor":1},{"not_picked":["construct:Boost","construct:ModeShift"],"picked":"construct:SuppressiveFire","floor":2},{"not_picked":["construct:Reinforce","construct:VentSteam"],"picked":"construct:Versatility","floor":3}],"player_experience":19683,"relics_obtained":[{"floor":6,"key":"The Courier"}],"event_choices":[{"damage_healed":0,"gold_gain":0,"player_choice":"Slimed","damage_taken":11,"max_hp_gain":0,"max_hp_loss":0,"event_name":"betterThird:BetterGoop","floor":5,"gold_loss":6}],"is_beta":false,"boss_relics":[],"items_purged_floors":[],"is_endless":false,"potions_floor_spawned":[3],"killed_by":"Gremlin Nob","ascension_level":0}}