{"host":"28p8ce41sjwa6lzf","time":1609783161,"event":{"mods":["BaseMod","Colored Map","Colored Powertips","Highlight Path","Minty Spire (QoL Compilation)","Permanent Neow","Quick Restart","Random Character Button","Rare Cards Sparkle","Relic Stats","StSLib","Unceasing Turn Reminder"],"gold_per_floor":[112,124,144,144,144,144,144],"floor_reached":6,"playtime":317,"items_purged":[],"score":72,"play_id":"32dbed81-d421-43b2-a84f-329c8599e2ef","local_time":"20210104115921","is_ascension_mode":true,"campfire_choices":[],"circlet_count":0,"master_deck":["AscendersBane","Strike_B","Strike_B","Strike_B","Strike_B","Defend_B","Defend_B","Defend_B","Defend_B","Zap","Dualcast","Hologram","Genetic Algorithm","Reinforced Body"],"relics":["Cracked Core","TungstenRod"],"acts_visited":["Exordium"],"potions_floor_usage":[],"damage_taken":[{"damage":0,"enemies":"Cultist","floor":1,"turns":3},{"damage":11,"enemies":"Jaw Worm","floor":2,"turns":3},{"damage":3,"enemies":"Small Slimes","floor":3,"turns":3},{"damage":62,"enemies":"3 Sentries","floor":6,"turns":9}],"seed_played":"8708337973846416610","potions_obtained":[],"is_trial":false,"path_per_floor":["M","M","M","?","?","E"],"character_chosen":"DEFECT","items_purchased":[],"campfire_rested":0,"item_purchase_floors":[],"current_hp_per_floor":[46,35,32,55,55,0,0],"gold":144,"neow_bonus":"ONE_RARE_RELIC","is_daily":false,"chose_seed":false,"campfire_upgraded":0,"win_rate":0.0,"timestamp":1609783161,"path_taken":["M","?","M","?","?","E"],"items_purchased_type":[],"build_version":"2020-12-22","purchased_purges":0,"victory":false,"max_hp_per_floor":[71,71,71,71,71,71,71],"relic_stats":{"counters":[4,18],"obtain_stats":[{"Cracked Core":0,"TungstenRod":0},{"Cracked Core":0,"TungstenRod":0},{"Cracked Core":0,"TungstenRod":0}],"TungstenRod":13},"card_choices":[{"not_picked":["Go for the Eyes","Steam"],"picked":"Hologram","floor":1},{"not_picked":["Stack","Sunder"],"picked":"Genetic Algorithm","floor":2},{"not_picked":["Coolheaded","Turbo"],"picked":"Reinforced Body","floor":3}],"player_experience":1069294,"relics_obtained":[],"event_choices":[{"damage_healed":23,"gold_gain":0,"player_choice":"Banana","damage_taken":0,"max_hp_gain":0,"max_hp_loss":0,"event_name":"Big Fish","floor":4,"gold_loss":0},{"damage_healed":0,"gold_gain":0,"player_choice":"Ignored","damage_taken":0,"max_hp_gain":0,"max_hp_loss":0,"event_name":"Liars Game","floor":5,"gold_loss":0}],"is_beta":false,"boss_relics":[],"items_purged_floors":[],"is_endless":false,"potions_floor_spawned":[],"killed_by":"3 Sentries","ascension_level":20}}