{"host":"ixqzyafodex1tsi5","time":1609766029,"event":{"mods":["ATMod(°¢èªMod)","AchievementEnabler","Act Like it!","BaseMod","Gensokyo","GifTheSpireLib","Luminous","Minty Spire (QoL Compilation)","Relic Stats","Replay The Spire","RumiaBox-Â¶Ã×æ«µÄÉñÃØºÐ×Ó","Shop Mod","Spicy Shops","StSLib","The Cursed","[IsaacMod]ÒÔÈö¼âËþ","¡¾¹¦ÄÜMod¡¿»ìãçÖ®»·ÐÞ¸´²¹¶¡","¡¾ÒÅÎï¿¨ÅÆ¡¿REMEMod"],"gold_per_floor":[119,119,44,44,63,63,63],"floor_reached":6,"playtime":176,"items_purged":["Defend_G"],"score":34,"play_id":"45c073a5-0641-4be7-adc6-04fb11383ed2","local_time":"20210104211349","is_ascension_mode":false,"campfire_choices":[],"circlet_count":0,"master_deck":["Strike_G","Strike_G","Strike_G","Strike_G","Strike_G","Defend_G","Defend_G","Defend_G","Survivor","Neutralize","Defend_G"],"relics":["Ring of the Snake","REME_ComplimentaryCards","HushsDoor","AT_ATBox","MoneyPower","YumHeart"],"acts_visited":["Exordium"],"potions_floor_usage":[],"damage_taken":[{"damage":8,"enemies":"Jaw Worm","floor":1,"turns":4},{"damage":5,"enemies":"Cultist","floor":5,"turns":4},{"damage":13,"enemies":"3 Sentries","floor":6,"turns":2}],"seed_played":"-3052179870262688244","potions_obtained":[{"floor":1,"key":"Explosive Potion"}],"is_trial":false,"path_per_floor":["M","?","$","?","M","E"],"character_chosen":"THE_SILENT","items_purchased":[],"campfire_rested":0,"item_purchase_floors":[],"current_hp_per_floor":[62,62,62,62,57,44,44],"gold":63,"neow_bonus":"REMOVE_CARD","is_daily":false,"chose_seed":false,"campfire_upgraded":0,"win_rate":0.0,"timestamp":1609766029,"path_taken":["M","?","$","?","M","E"],"items_purchased_type":[],"build_version":"2020-12-22","purchased_purges":1,"victory":false,"max_hp_per_floor":[70,70,70,70,70,70,70],"relic_stats":{"counters":[3,10],"obtain_stats":[{"KeepersGift":0,"YumHeart":2,"AT_ATBox":0,"MoneyPower":0,"HushsDoor":0,"Ring of the Snake":0,"REME_ComplimentaryCards":0},{"KeepersGift":0,"YumHeart":1,"AT_ATBox":0,"MoneyPower":0,"HushsDoor":0,"Ring of the Snake":0,"REME_ComplimentaryCards":0},{"KeepersGift":0,"YumHeart":4,"AT_ATBox":0,"MoneyPower":0,"HushsDoor":0,"Ring of the Snake":0,"REME_ComplimentaryCards":0}],"Ring of the Snake":[6]},"card_choices":[{"not_picked":["Deadly Poison","Bane","All Out Attack"],"picked":"SKIP","floor":1},{"not_picked":["Die Die Die","REME_ShadowStrike","Catalyst"],"picked":"SKIP","floor":5}],"player_experience":178108,"relics_obtained":[],"event_choices":[{"damage_healed":0,"gold_gain":0,"player_choice":"Gave Potion","damage_taken":0,"relics_obtained":["YumHeart"],"max_hp_gain":0,"max_hp_loss":0,"event_name":"WeMeetAgain","floor":2,"gold_loss":0},{"cards_removed":["Defend_G"],"damage_healed":0,"gold_gain":0,"player_choice":"Forget","damage_taken":0,"max_hp_gain":0,"max_hp_loss":0,"event_name":"Living Wall","floor":4,"gold_loss":0}],"is_beta":false,"boss_relics":[],"items_purged_floors":[3],"is_endless":false,"potions_floor_spawned":[1],"killed_by":"3 Sentries","ascension_level":0}}