{"host":"q2j4ef1ti78v4imq","time":1609758543,"event":{"mods":["AchievementEnabler","BaseMod","Better Altar","Better Match","Better Note","Better Sensory Stone","Better Skull","Better Third Choice","Block Reminder","Hermit","Minty Spire (QoL Compilation)","Relic Stats","Replay The Spire","Shade Mod","StSLib"],"gold_per_floor":[113,113,38,49,49,63,95,95,95,95,127,144,144,155,155,155,155],"floor_reached":16,"playtime":681,"items_purged":[],"score":187,"play_id":"65a8fc9d-e7d6-4884-82e7-e2990a9dc900","local_time":"20210104110903","is_ascension_mode":true,"campfire_choices":[{"data":"Neutralize","floor":10,"key":"SMITH"},{"floor":15,"key":"DIG"}],"circlet_count":0,"master_deck":["AscendersBane","Strike_G","Strike_G","Strike_G","Strike_G+1","Strike_G","Defend_G","Defend_G","Defend_G","Defend_G","Defend_G","Survivor","Neutralize+1","Bane","Quick Slash+1","Flying Knee","ReplayTheSpireMod:Tripwire","Wraith Form v2","Burn","Deflect","Masterful Stab","Toxin Wave"],"relics":["Ring of the Snake","Omamori","Meat on the Bone","Matryoshka","Nunchaku","GremlinMask","Iron Hammer"],"acts_visited":["Exordium"],"potions_floor_usage":[7,16],"damage_taken":[{"damage":0,"enemies":"Small Slimes","floor":1,"turns":4},{"damage":0,"enemies":"Cultist","floor":4,"turns":4},{"damage":6,"enemies":"Jaw Worm","floor":6,"turns":6},{"damage":17,"enemies":"3 Sentries","floor":7,"turns":12},{"damage":34,"enemies":"Lagavulin","floor":11,"turns":9},{"damage":0,"enemies":"Looter","floor":12,"turns":4},{"damage":4,"enemies":"Blue Slaver","floor":14,"turns":4},{"damage":35,"enemies":"The Guardian","floor":16,"turns":10}],"seed_played":"-8905263600437001680","potions_obtained":[{"floor":4,"key":"Elixir"},{"floor":11,"key":"AttackPotion"},{"floor":12,"key":"SpeedPotion"}],"is_trial":false,"path_per_floor":["M","?","?","M","$","M","E","?","T","R","E","M","?","M","R","B"],"character_chosen":"THE_SILENT","items_purchased":[],"campfire_rested":0,"item_purchase_floors":[],"current_hp_per_floor":[59,59,59,59,59,53,36,36,36,36,14,26,26,34,34,0,0],"gold":155,"neow_bonus":"RANDOM_COMMON_RELIC","is_daily":false,"chose_seed":false,"campfire_upgraded":1,"win_rate":0.0,"timestamp":1609758543,"path_taken":["M","?","?","?","$","M","E","?","T","R","E","M","?","M","R","BOSS"],"items_purchased_type":[],"build_version":"2020-12-22","purchased_purges":0,"victory":false,"max_hp_per_floor":[66,66,66,66,66,66,66,66,66,66,66,66,66,66,66,66,66],"relic_stats":{"Nunchaku":[3],"counters":[8,52],"obtain_stats":[{"Nunchaku":11,"Matryoshka":9,"GremlinMask":13,"Iron Hammer":15,"Omamori":0,"Ring of the Snake":0,"Meat on the Bone":7},{"Nunchaku":5,"Matryoshka":4,"GremlinMask":6,"Iron Hammer":7,"Omamori":0,"Ring of the Snake":0,"Meat on the Bone":4},{"Nunchaku":35,"Matryoshka":26,"GremlinMask":39,"Iron Hammer":43,"Omamori":0,"Ring of the Snake":0,"Meat on the Bone":26}],"Ring of the Snake":[16],"Meat on the Bone":36},"card_choices":[{"not_picked":["Poisoned Stab","Concentrate"],"picked":"Bane","floor":1},{"not_picked":["Flying Knee+1","Slice+1"],"picked":"Quick Slash+1","floor":3},{"not_picked":["Setup","ReplayTheSpireMod:The Works"],"picked":"Flying Knee","floor":4},{"not_picked":["Masterful Stab","Dash"],"picked":"ReplayTheSpireMod:Tripwire","floor":6},{"not_picked":["Concentrate","Prepared"],"picked":"Wraith Form v2","floor":7},{"not_picked":["Calculated Gamble","Dagger Spray"],"picked":"Deflect","floor":11},{"not_picked":["Eviscerate","Dodge and Roll"],"picked":"Masterful Stab","floor":12},{"not_picked":["ReplayTheSpireMod:The Works","Bane"],"picked":"Toxin Wave","floor":14}],"player_experience":827177,"relics_obtained":[{"floor":7,"key":"Meat on the Bone"},{"floor":9,"key":"Matryoshka"},{"floor":11,"key":"Nunchaku"},{"floor":15,"key":"Iron Hammer"}],"event_choices":[{"damage_healed":0,"gold_gain":0,"player_choice":"2","damage_taken":0,"max_hp_gain":0,"max_hp_loss":0,"event_name":"betterMatch:BetterMatch","floor":3,"gold_loss":0,"cards_obtained":["betterMatch:CommonCard"]},{"damage_healed":36,"gold_gain":0,"player_choice":"Embrace Burn","damage_taken":0,"max_hp_gain":0,"max_hp_loss":66,"event_name":"betterThird:BetterShining","floor":8,"gold_loss":0},{"damage_healed":0,"gold_gain":0,"player_choice":"Trade","damage_taken":0,"relics_obtained":["GremlinMask"],"max_hp_gain":0,"max_hp_loss":0,"event_name":"FaceTrader","floor":13,"gold_loss":0}],"is_beta":false,"boss_relics":[],"items_purged_floors":[],"is_endless":false,"potions_floor_spawned":[4,11,12,14],"killed_by":"The Guardian","ascension_level":14}}