{"host":"61r95uy0hn86b9iu","time":1609727035,"event":{"mods":["AchievementEnabler","BaseMod","Better Vampires","BetterRewards","Colored Powertips","Hubris","Minty Spire (QoL Compilation)","Shop Mod","StSLib"],"gold_per_floor":[111,111,111,125,25,25,50,50,74,74,74,97,122,138,138,232,232,256,3,18,34,34,34,34,214,214,214,239,3,3,46,46,139,139,158,158,158,158,172,215,215,215,240,240,30,53,73,88,88,88,88,88],"floor_reached":51,"playtime":3736,"items_purged":["Strike_G","Pain","Injury","Strike_G","Strike_G","Strike_G","Decay"],"score":1770,"play_id":"aa978468-9158-4683-9ee5-ddf704c1f940","local_time":"20210103202355","is_ascension_mode":true,"campfire_choices":[{"data":"Noxious Fumes","floor":6.0,"key":"SMITH"},{"data":"Catalyst","floor":11.0,"key":"SMITH"},{"data":"Catalyst","floor":15.0,"key":"SMITH"},{"data":"Footwork","floor":23.0,"key":"SMITH"},{"floor":27.0,"key":"REST"},{"data":"Crippling Poison","floor":30.0,"key":"SMITH"},{"floor":32.0,"key":"REST"},{"floor":41.0,"key":"REST"},{"floor":49.0,"key":"REST"}],"circlet_count":0,"master_deck":["AscendersBane","Strike_G","Defend_G","Defend_G","Defend_G","Defend_G","Defend_G","Survivor","Neutralize","Noxious Fumes+1","Dash","Backstab","Flash of Steel","Expertise","Poisoned Stab","Catalyst+1","Catalyst+1","Blur","Tools of the Trade","Footwork+1","Backflip","Deadly Poison","Crippling Poison+1","Venomology+1","Impatience","Madness","Madness","Adrenaline"],"relics":["Ring of the Snake","Sundial","Regal Pillow","TwistedFunnel","Golden Idol","WarpedTongs","MerchantsRug","hubris:Potato","The Specimen","hubris:Icosahedron","Pen Nib","hubris:SlimyHat","Frozen Eye"],"acts_visited":["Exordium","TheCity","TheBeyond"],"potions_floor_usage":[51],"damage_taken":[{"damage":7.0,"enemies":"Jaw Worm","floor":1.0,"turns":3.0},{"damage":5.0,"enemies":"Small Slimes","floor":4.0,"turns":2.0},{"damage":0.0,"enemies":"Cultist","floor":7.0,"turns":3.0},{"damage":2.0,"enemies":"Exordium Thugs","floor":12.0,"turns":3.0},{"damage":0.0,"enemies":"Blue Slaver","floor":13.0,"turns":2.0},{"damage":2.0,"enemies":"3 Louse","floor":14.0,"turns":2.0},{"damage":14.0,"enemies":"Hexaghost","floor":16.0,"turns":5.0},{"damage":13.0,"enemies":"Spheric Guardian","floor":18.0,"turns":5.0},{"damage":2.0,"enemies":"2 Thieves","floor":20.0,"turns":4.0},{"damage":0.0,"enemies":"Snake Plant","floor":21.0,"turns":3.0},{"damage":10.0,"enemies":"Centurion and Healer","floor":28.0,"turns":5.0},{"damage":8.0,"enemies":"Gremlin Leader","floor":31.0,"turns":6.0},{"damage":8.0,"enemies":"Champ","floor":33.0,"turns":10.0},{"damage":0.0,"enemies":"3 Shapes","floor":35.0,"turns":2.0},{"damage":10.0,"enemies":"Orb Walker","floor":39.0,"turns":3.0},{"damage":40.0,"enemies":"Giant Head","floor":40.0,"turns":6.0},{"damage":8.0,"enemies":"Spire Growth","floor":46.0,"turns":5.0},{"damage":2.0,"enemies":"Transient","floor":47.0,"turns":6.0},{"damage":18.0,"enemies":"3 Darklings","floor":48.0,"turns":4.0},{"damage":55.0,"enemies":"Donu and Deca","floor":50.0,"turns":6.0},{"damage":73,"enemies":"Time Eater","floor":51,"turns":6}],"seed_played":"410095681648103730","potions_obtained":[{"floor":12.0,"key":"Weak Potion"},{"floor":13.0,"key":"LiquidBronze"},{"floor":16.0,"key":"SpeedPotion"},{"floor":46.0,"key":"Regen Potion"}],"is_trial":false,"path_per_floor":["M","?","?","M","$","R","M","T","T","?","R","M","M","M","R","B",null,"M","$","M","M","?","R","$","?","T","R","M","$","R","E","R","B",null,"M","?","?","?","M","E","R","?","T","$","$","M","M","M","R","B","B"],"character_chosen":"THE_SILENT","items_purchased":["Lee\u0027s Waffle","Noxious Fumes","Sundial","Regal Pillow","TwistedFunnel","Dash","Backstab","Flash of Steel","Expertise","MerchantsRug","Footwork","Backflip","Crippling Poison","Frozen Eye"],"campfire_rested":4,"item_purchase_floors":[0,0,0,0,0,0,0,0,0,19,19,19,29,45],"current_hp_per_floor":[66,66,66,61,61,61,61,61,61,66,66,64,64,62,62,48,71,58,58,56,56,56,56,56,37,37,75,65,65,65,57,78,70,76,76,76,76,76,66,26,64,50,50,38,38,30,28,24,62,7,0,0],"gold":88,"neow_bonus":"","is_daily":false,"chose_seed":false,"campfire_upgraded":5,"win_rate":0.0,"timestamp":1609727035,"path_taken":["M","?","?","M","$","R","?","?","T","?","R","M","M","M","R","BOSS","M","$","M","M","?","R","?","?","T","R","?","$","R","E","R","BOSS","M","?","?","?","M","E","R","?","T","?","$","?","M","M","R","BOSS","BOSS"],"items_purchased_type":["Relic","Card","Relic","Relic","Relic","Card","Card","Card","Card","Relic","Card","Card","Card","Relic"],"build_version":"2020-12-22","purchased_purges":7,"victory":false,"max_hp_per_floor":[73,73,73,73,73,73,73,73,73,78,78,78,78,78,78,78,78,78,78,78,78,78,78,78,78,78,78,78,78,78,78,78,78,78,78,78,78,78,78,78,78,78,78,78,78,78,78,78,78,78,78,78],"card_choices":[{"not_picked":["Flying Knee","Dagger Spray"],"picked":"Poisoned Stab","floor":1.0},{"not_picked":["Dagger Spray","Endless Agony","Blade Dance"],"picked":"SKIP","floor":4.0},{"not_picked":["Backstab","Dagger Throw"],"picked":"Catalyst","floor":7.0},{"not_picked":["Underhanded Strike","Slice"],"picked":"Catalyst","floor":12.0},{"not_picked":["Tactician","Flechettes"],"picked":"Blur","floor":13.0},{"not_picked":["Underhanded Strike","Cloak And Dagger","Expertise"],"picked":"SKIP","floor":14.0},{"not_picked":["Wraith Form v2","Grand Finale"],"picked":"Tools of the Trade","floor":16.0},{"not_picked":["Underhanded Strike","Bane+1","Flying Knee"],"picked":"SKIP","floor":18.0},{"not_picked":["Well Laid Plans","Riddle With Holes"],"picked":"Deadly Poison","floor":20.0},{"not_picked":["Dagger Throw+1","Dagger Spray","Expertise"],"picked":"SKIP","floor":21.0},{"not_picked":["Reflex","Flying Knee","Acrobatics+1"],"picked":"SKIP","floor":28.0},{"not_picked":["Setup","Underhanded Strike","Deflect"],"picked":"SKIP","floor":31.0},{"not_picked":["Glass Knife","Malaise"],"picked":"Venomology","floor":33.0},{"not_picked":["Quick Slash","Crippling Poison","Sucker Punch"],"picked":"SKIP","floor":35.0},{"not_picked":["Flash of Steel","Secret Technique"],"picked":"Impatience","floor":37.0},{"not_picked":["Backstab","hubris:SlightOfHand","PiercingWail+1"],"picked":"SKIP","floor":39.0},{"not_picked":["Dodge and Roll+1","Dagger Spray+1","After Image"],"picked":"SKIP","floor":40.0},{"not_picked":["PiercingWail+1","Backflip","Sucker Punch"],"picked":"SKIP","floor":46.0},{"not_picked":["Bane","Flying Knee"],"picked":"Adrenaline","floor":47.0},{"not_picked":["Bane","Noxious Fumes","Cloak And Dagger+1"],"picked":"SKIP","floor":48.0}],"player_experience":3206614,"relics_obtained":[{"floor":8.0,"key":"hubris:CrystalStatue"},{"floor":9.0,"key":"Boot"},{"floor":26.0,"key":"hubris:Potato"},{"floor":31.0,"key":"The Specimen"},{"floor":40.0,"key":"Pen Nib"},{"floor":43.0,"key":"hubris:SlimyHat"}],"event_choices":[{"damage_healed":0.0,"max_hp_gain":0.0,"max_hp_loss":0.0,"gold_gain":0.0,"event_name":"Golden Idol","player_choice":"Take Wound","floor":2.0,"gold_loss":0.0,"damage_taken":0.0,"relics_obtained":["Golden Idol"],"cards_obtained":["Injury"]},{"damage_healed":0.0,"max_hp_gain":0.0,"max_hp_loss":0.0,"gold_gain":0.0,"event_name":"Accursed Blacksmith","player_choice":"Rummage","floor":3.0,"gold_loss":0.0,"damage_taken":0.0,"relics_obtained":["WarpedTongs"],"cards_obtained":["Pain"]},{"damage_healed":0.0,"max_hp_gain":5.0,"max_hp_loss":0.0,"gold_gain":0.0,"event_name":"Big Fish","player_choice":"Donut","floor":10.0,"gold_loss":0.0,"damage_taken":0.0},{"damage_healed":0.0,"max_hp_gain":0.0,"max_hp_loss":0.0,"gold_gain":0.0,"event_name":"Wheel of Change","player_choice":"Cursed","floor":22.0,"gold_loss":0.0,"damage_taken":0.0,"cards_obtained":["Decay"]},{"damage_healed":0.0,"max_hp_gain":0.0,"max_hp_loss":0.0,"gold_gain":180.0,"event_name":"Knowing Skull","player_choice":"GOLD GOLD ","floor":25.0,"potions_obtained":[],"gold_loss":0.0,"damage_taken":19.0,"cards_obtained":[]},{"damage_healed":0.0,"max_hp_gain":0.0,"max_hp_loss":0.0,"gold_gain":0.0,"event_name":"SensoryStone","player_choice":"Memory 1","floor":37.0,"gold_loss":0.0,"damage_taken":0.0},{"damage_healed":0.0,"max_hp_gain":0.0,"max_hp_loss":0.0,"gold_gain":0.0,"event_name":"Winding Halls","player_choice":"Embrace Madness","floor":42.0,"gold_loss":0.0,"damage_taken":14.0,"cards_obtained":["Madness","Madness"]}],"is_beta":false,"boss_relics":[{"not_picked":["Tiny House","hubris:ScarierMask"],"picked":"Sozu"},{"not_picked":["Philosopher\u0027s Stone","Cursed Key","hubris:GrandSneckoEye"]}],"items_purged_floors":[0,5,19,29,44,44,45],"is_endless":false,"potions_floor_spawned":[12,13,16,21,31,33,46,47,48],"killed_by":"Time Eater","ascension_level":20}}