{"host":"fevvm7bbzuh4s1jc","time":1609736887,"event":{"mods":["BaseMod","Highlight Path","Minty Spire (QoL Compilation)","Relic Stats"],"gold_per_floor":[368,378,391,404,6,6,6,17,91,121,136,171,171,197,197,273,273,286,300,54,104,118,118,143,163,163,176,193,21,21,46,46,121,121,138,158,170,188,203,216,216,43,43,59,83,108,0,25,25,25,25,25,25,25,52,52],"floor_reached":57,"playtime":8188,"items_purged":["Strike_R"],"score":2931,"play_id":"cfa0813f-98c1-4b95-b1f7-031b2f8a113f","local_time":"20210104000807","is_ascension_mode":true,"campfire_choices":[{"data":"Shockwave","floor":6.0,"key":"SMITH"},{"data":"Hemokinesis","floor":13.0,"key":"SMITH"},{"data":"Rupture","floor":15.0,"key":"SMITH"},{"data":"Fiend Fire","floor":23.0,"key":"SMITH"},{"data":"Offering","floor":30.0,"key":"SMITH"},{"data":"Second Wind","floor":32.0,"key":"SMITH"},{"floor":41.0,"key":"REST"},{"floor":49.0,"key":"RECALL"},{"data":"Offering","floor":53.0,"key":"SMITH"}],"circlet_count":0,"master_deck":["AscendersBane","Strike_R","Strike_R","Strike_R","Defend_R","Defend_R","Defend_R","Defend_R","Bash","Shockwave+1","Battle Trance","Cleave","Second Wind+1","Hemokinesis+1","Inflame","Rupture+1","Pommel Strike","Offering+1","Shrug It Off","Impervious","Sword Boomerang","True Grit+1","Fiend Fire+1","Dark Embrace","Power Through","Brutality","Impervious","Hemokinesis+1","Disarm+1","Dark Embrace+1","Limit Break","Sentinel+1","Offering+1","Parasite","Pommel Strike+1","Parasite","Offering"],"relics":["Burning Blood","Incense Burner","Mercury Hourglass","Prayer Wheel","Tiny Chest","Boot","Cursed Key","Singing Bowl","Potion Belt","Akabeko","SlaversCollar","Bag of Preparation","Ancient Tea Set","Pocketwatch","Red Mask","Question Card","Lantern"],"acts_visited":["Exordium","TheCity","TheBeyond","TheEnding"],"potions_floor_usage":[56,56,56],"damage_taken":[{"damage":2.0,"enemies":"Cultist","floor":1.0,"turns":4.0},{"damage":4.0,"enemies":"Jaw Worm","floor":2.0,"turns":4.0},{"damage":0.0,"enemies":"Small Slimes","floor":3.0,"turns":4.0},{"damage":7.0,"enemies":"Red Slaver","floor":4.0,"turns":7.0},{"damage":19.0,"enemies":"Lots of Slimes","floor":8.0,"turns":4.0},{"damage":9.0,"enemies":"3 Sentries","floor":10.0,"turns":3.0},{"damage":14.0,"enemies":"3 Louse","floor":11.0,"turns":2.0},{"damage":9.0,"enemies":"Gremlin Nob","floor":12.0,"turns":4.0},{"damage":33.0,"enemies":"3 Sentries","floor":14.0,"turns":3.0},{"damage":13.0,"enemies":"Hexaghost","floor":16.0,"turns":7.0},{"damage":4.0,"enemies":"3 Byrds","floor":18.0,"turns":3.0},{"damage":7.0,"enemies":"2 Thieves","floor":19.0,"turns":4.0},{"damage":8.0,"enemies":"Centurion and Healer","floor":22.0,"turns":5.0},{"damage":15.0,"enemies":"Gremlin Leader","floor":24.0,"turns":5.0},{"damage":23.0,"enemies":"Shelled Parasite and Fungi","floor":25.0,"turns":4.0},{"damage":11.0,"enemies":"Snake Plant","floor":27.0,"turns":4.0},{"damage":2.0,"enemies":"Centurion and Healer","floor":28.0,"turns":9.0},{"damage":8.0,"enemies":"Book of Stabbing","floor":31.0,"turns":3.0},{"damage":24.0,"enemies":"Champ","floor":33.0,"turns":12.0},{"damage":22.0,"enemies":"3 Darklings","floor":35.0,"turns":5.0},{"damage":1.0,"enemies":"3 Shapes","floor":36.0,"turns":11.0},{"damage":18.0,"enemies":"Transient","floor":37.0,"turns":6.0},{"damage":7.0,"enemies":"Jaw Worm Horde","floor":38.0,"turns":4.0},{"damage":38.0,"enemies":"Writhing Mass","floor":39.0,"turns":7.0},{"damage":8.0,"enemies":"Transient","floor":40.0,"turns":6.0},{"damage":1.0,"enemies":"4 Shapes","floor":44.0,"turns":7.0},{"damage":11.0,"enemies":"Giant Head","floor":46.0,"turns":4.0},{"damage":13.0,"enemies":"Nemesis","floor":48.0,"turns":7.0},{"damage":37.0,"enemies":"Time Eater","floor":50.0,"turns":6.0},{"damage":18.0,"enemies":"Awakened One","floor":51.0,"turns":10.0},{"damage":22.0,"enemies":"Shield and Spear","floor":55.0,"turns":9.0},{"damage":50,"enemies":"The Heart","floor":56,"turns":9}],"seed_played":"-5960739014898083074","potions_obtained":[{"floor":1.0,"key":"Block Potion"},{"floor":2.0,"key":"EssenceOfSteel"},{"floor":3.0,"key":"BloodPotion"},{"floor":11.0,"key":"GamblersBrew"},{"floor":16.0,"key":"Explosive Potion"},{"floor":18.0,"key":"SpeedPotion"},{"floor":25.0,"key":"Explosive Potion"},{"floor":28.0,"key":"EntropicBrew"},{"floor":36.0,"key":"FearPotion"},{"floor":38.0,"key":"BloodPotion"},{"floor":46.0,"key":"EntropicBrew"},{"floor":48.0,"key":"BlessingOfTheForge"}],"is_trial":false,"path_per_floor":["M","M","M","M","$","R","?","M","T","E","M","E","R","E","R","B",null,"M","M","$","?","M","R","E","M","T","M","M","$","R","E","R","B",null,"M","M","M","M","M","M","R","$","T","M","T","E","?","E","R","B","B",null,"R","$","E","B",null],"character_chosen":"IRONCLAD","items_purchased":["Incense Burner","Fire Potion","Fiend Fire","Potion Belt","Bag of Preparation"],"campfire_rested":1,"item_purchase_floors":[5,5,20,29,42],"current_hp_per_floor":[54,56,62,61,61,61,54,56,56,53,45,42,42,15,15,8,58,60,59,59,59,57,57,50,37,37,34,40,40,40,40,40,22,71,57,64,52,55,46,44,73,73,73,80,80,77,77,72,72,41,29,86,86,86,70,26],"gold":52,"neow_bonus":"TWO_FIFTY_GOLD","is_daily":false,"chose_seed":false,"campfire_upgraded":7,"win_rate":0.0,"timestamp":1609736887,"path_taken":["M","M","M","?","$","R","?","M","T","E","M","E","R","E","R","BOSS","M","M","$","?","?","R","E","M","T","M","M","?","R","E","R","BOSS","M","M","M","M","M","M","R","$","T","M","?","E","?","E","R","BOSS","BOSS","R","$","E","BOSS"],"items_purchased_type":["Relic","Potion","Card","Relic","Relic"],"build_version":"2020-12-22","purchased_purges":1,"victory":true,"max_hp_per_floor":[75,75,75,75,75,75,75,75,75,75,75,75,75,75,75,75,75,75,75,75,75,75,75,77,81,81,83,85,85,85,87,87,87,87,89,91,91,95,99,99,99,99,99,101,101,103,103,105,105,105,105,105,105,105,105,105],"relic_stats":{"Singing Bowl":30,"counters":[32,179],"Prayer Wheel":15,"Tiny Chest":1,"Bag of Preparation":[14],"Boot":[34],"Cursed Key":2,"Question Card":1,"obtain_stats":[{"Potion Belt":29,"Lantern":55,"Singing Bowl":24,"Incense Burner":5,"Bag of Preparation":42,"Boot":14,"Cursed Key":17,"Ancient Tea Set":45,"Question Card":48,"Burning Blood":0,"Akabeko":31,"Mercury Hourglass":9,"SlaversCollar":34,"Prayer Wheel":10,"Tiny Chest":12,"Red Mask":47,"Pocketwatch":46},{"Potion Belt":17,"Lantern":31,"Singing Bowl":14,"Incense Burner":4,"Bag of Preparation":25,"Boot":9,"Cursed Key":10,"Ancient Tea Set":26,"Question Card":28,"Burning Blood":0,"Akabeko":18,"Mercury Hourglass":5,"SlaversCollar":19,"Prayer Wheel":6,"Tiny Chest":8,"Red Mask":27,"Pocketwatch":27},{"Potion Belt":76,"Lantern":170,"Singing Bowl":59,"Incense Burner":19,"Bag of Preparation":129,"Boot":35,"Cursed Key":42,"Ancient Tea Set":135,"Question Card":146,"Burning Blood":0,"Akabeko":79,"Mercury Hourglass":23,"SlaversCollar":91,"Prayer Wheel":26,"Tiny Chest":32,"Red Mask":139,"Pocketwatch":139}],"Burning Blood":192,"Mercury Hourglass":[595],"Pocketwatch":[36]},"card_choices":[{"not_picked":["Intimidate","Pommel Strike"],"picked":"Shockwave","floor":1.0},{"not_picked":["Armaments","Flex"],"picked":"Battle Trance","floor":2.0},{"not_picked":["Twin Strike","Fire Breathing"],"picked":"Cleave","floor":3.0},{"not_picked":["Power Through","Havoc"],"picked":"Second Wind","floor":4.0},{"not_picked":["Pommel Strike","Iron Wave"],"picked":"Hemokinesis","floor":8.0},{"not_picked":["Battle Trance","Ghostly Armor"],"picked":"Inflame","floor":10.0},{"not_picked":["Havoc","Sentinel"],"picked":"Rupture","floor":11.0},{"not_picked":["Havoc","Flex"],"picked":"Pommel Strike","floor":11.0},{"not_picked":["Burning Pact","Pommel Strike"],"picked":"Offering","floor":12.0},{"not_picked":["Iron Wave","Combust"],"picked":"Shrug It Off","floor":14.0},{"not_picked":["Barricade","Exhume"],"picked":"Impervious","floor":16.0},{"not_picked":["Wild Strike","Cleave"],"picked":"Sword Boomerang","floor":18.0},{"not_picked":["Perfected Strike","True Grit","Flex+1"],"picked":"SKIP","floor":18.0},{"not_picked":["Reckless Charge","Inflame"],"picked":"True Grit+1","floor":19.0},{"not_picked":["Thunderclap","Barricade","Ghostly Armor"],"picked":"SKIP","floor":19.0},{"not_picked":["Heavy Blade","Cleave"],"picked":"Dark Embrace","floor":22.0},{"not_picked":["Entrench+1","Pommel Strike","Ghostly Armor"],"picked":"SKIP","floor":22.0},{"not_picked":["Clash","Sentinel","Wild Strike"],"picked":"Singing Bowl","floor":24.0},{"not_picked":["Thunderclap","Pommel Strike","Cleave"],"picked":"Singing Bowl","floor":25.0},{"not_picked":["Anger","Dual Wield","Warcry"],"picked":"Singing Bowl","floor":25.0},{"not_picked":["Twin Strike","Sword Boomerang","Headbutt"],"picked":"Singing Bowl","floor":27.0},{"not_picked":["Dropkick","Whirlwind+1"],"picked":"Power Through","floor":27.0},{"not_picked":["Warcry+1","Dropkick"],"picked":"Brutality","floor":28.0},{"not_picked":["Thunderclap","Headbutt","Searing Blow+1"],"picked":"Singing Bowl","floor":28.0},{"not_picked":["Flame Barrier","Bloodletting","Havoc"],"picked":"Singing Bowl","floor":31.0},{"not_picked":["Bludgeon","Double Tap"],"picked":"Impervious","floor":33.0},{"not_picked":["Cleave+1","Combust"],"picked":"Hemokinesis+1","floor":35.0},{"not_picked":["Clothesline","Pummel","Spot Weakness"],"picked":"Singing Bowl","floor":35.0},{"not_picked":["Armaments","Cleave"],"picked":"Disarm+1","floor":36.0},{"not_picked":["Clash","Heavy Blade+1","Headbutt"],"picked":"Singing Bowl","floor":36.0},{"not_picked":["Dropkick","Wild Strike"],"picked":"Dark Embrace+1","floor":37.0},{"not_picked":["Armaments","Flame Barrier+1"],"picked":"Limit Break","floor":37.0},{"not_picked":["Hemokinesis","Body Slam+1","Sword Boomerang"],"picked":"Singing Bowl","floor":38.0},{"not_picked":["Pommel Strike","Shrug It Off","Ghostly Armor+1"],"picked":"Singing Bowl","floor":38.0},{"not_picked":["Uppercut","Perfected Strike","Second Wind+1"],"picked":"Singing Bowl","floor":39.0},{"not_picked":["Clothesline","Warcry","Flame Barrier"],"picked":"Singing Bowl","floor":39.0},{"not_picked":["Sword Boomerang","Searing Blow"],"picked":"Sentinel+1","floor":40.0},{"not_picked":["Body Slam","Flex"],"picked":"Offering","floor":40.0},{"not_picked":["Whirlwind","Pommel Strike","Demon Form"],"picked":"Singing Bowl","floor":44.0},{"not_picked":["Reckless Charge","Headbutt"],"picked":"Pommel Strike+1","floor":44.0},{"not_picked":["Twin Strike","Cleave+1","Clothesline"],"picked":"Singing Bowl","floor":46.0},{"not_picked":["Juggernaut","Havoc","Warcry"],"picked":"Singing Bowl","floor":48.0},{"not_picked":["True Grit+1","Shrug It Off","Twin Strike"],"picked":"Offering","floor":55.0}],"player_experience":2618745,"relics_obtained":[{"floor":9.0,"key":"Mercury Hourglass"},{"floor":10.0,"key":"Prayer Wheel"},{"floor":12.0,"key":"Tiny Chest"},{"floor":14.0,"key":"Boot"},{"floor":24.0,"key":"Singing Bowl"},{"floor":31.0,"key":"Akabeko"},{"floor":45.0,"key":"Ancient Tea Set"},{"floor":46.0,"key":"Pocketwatch"},{"floor":48.0,"key":"Question Card"},{"floor":55.0,"key":"Lantern"}],"event_choices":[{"cards_removed":["Strike_R"],"damage_healed":0.0,"max_hp_gain":0.0,"max_hp_loss":0.0,"gold_gain":0.0,"event_name":"Golden Wing","player_choice":"Card Removal","floor":7.0,"gold_loss":0.0,"damage_taken":7.0},{"damage_healed":0.0,"max_hp_gain":0.0,"max_hp_loss":0.0,"gold_gain":50.0,"event_name":"Golden Shrine","player_choice":"Pray","floor":21.0,"gold_loss":0.0,"damage_taken":0.0},{"damage_healed":0.0,"max_hp_gain":0.0,"max_hp_loss":0.0,"gold_gain":0.0,"event_name":"Tomb of Lord Red Mask","player_choice":"Paid","floor":47.0,"gold_loss":108.0,"damage_taken":0.0,"relics_obtained":["Red Mask"]}],"is_beta":false,"boss_relics":[{"not_picked":["Black Blood","Black Star"],"picked":"Cursed Key"},{"not_picked":["Astrolabe","Runic Cube"],"picked":"SlaversCollar"}],"items_purged_floors":[20],"is_endless":false,"potions_floor_spawned":[1,2,3,11,16,18,25,28,36,38,46,48],"ascension_level":20}}