{"host":"8i4doyxqctgl5qb0","time":1609722569,"event":{"mods":["AchievementEnabler","BaseMod","Block Reminder","Colored Powertips","Downfall","Marisa£®ÏF”Í°°ƒß¿Ì…≥£©","Minty Spire (QoL Compilation)","Permanent Neow","Potion Indicator Mod","Rare Cards Sparkle","StSLib","SuperFastMode"],"gold_per_floor":[111,111,31,42,42,42,42,78,78,78,104,104,128,151,151,271,271,296,315,415,415,415],"floor_reached":21,"playtime":711,"items_purged":[],"score":195,"play_id":"537f597f-8e9a-48e8-aa98-fdee15fa9a58","local_time":"20210104090929","is_ascension_mode":true,"campfire_choices":[{"floor":6.0,"key":"REST"},{"floor":10.0,"key":"REST"},{"floor":12.0,"key":"REST"},{"floor":15.0,"key":"REST"}],"circlet_count":0,"master_deck":["Strike_G","Strike_G","Strike_G","Strike_G","Strike_G","Defend_G","Defend_G","Defend_G","Defend_G","Defend_G","Survivor","Neutralize","expansioncontent:Corrupt","Noxious Fumes","Well Laid Plans","Footwork","Regret","Injury","PiercingWail","Crippling Poison","Terror","Footwork","After Image","Noxious Fumes+1","Dagger Spray"],"relics":["Ring of the Snake","Gremlin Horn","Snake Skull","Golden Idol","Kunai","Pear","Odd Mushroom","SlaversCollar"],"acts_visited":["Exordium","TheCity"],"potions_floor_usage":[21,21],"damage_taken":[{"damage":2.0,"enemies":"Small Slimes","floor":1.0,"turns":3.0},{"damage":3.0,"enemies":"2 Louse","floor":4.0,"turns":2.0},{"damage":50.0,"enemies":"Gremlin Nob","floor":8.0,"turns":6.0},{"damage":10.0,"enemies":"The Mushroom Lair","floor":11.0,"turns":2.0},{"damage":3.0,"enemies":"Cultist","floor":13.0,"turns":4.0},{"damage":8.0,"enemies":"3 Louse","floor":14.0,"turns":4.0},{"damage":56.0,"enemies":"Slime Boss","floor":16.0,"turns":14.0},{"damage":39.0,"enemies":"Shell Parasite","floor":18.0,"turns":8.0},{"damage":17.0,"enemies":"Spheric Guardian","floor":19.0,"turns":6.0},{"damage":34,"enemies":"3 Cultists","floor":21,"turns":5}],"seed_played":"-8554098107974739895","potions_obtained":[{"floor":13.0,"key":"Guardian:BlockOnCardUsePotion"},{"floor":14.0,"key":"SpeedPotion"},{"floor":16.0,"key":"LiquidMemories"}],"is_trial":false,"path_per_floor":["M","?","$","M","?","R","?","E","T","R","?","R","M","M","R","B",null,"M","M","?","M"],"character_chosen":"THE_SILENT","items_purchased":["Well Laid Plans"],"campfire_rested":4,"item_purchase_floors":[3],"current_hp_per_floor":[47,44,44,41,41,62,62,12,22,46,36,60,57,49,73,17,80,41,24,24,0,0],"gold":415,"neow_bonus":"RANDOM_COLORLESS_2","is_daily":false,"chose_seed":false,"campfire_upgraded":0,"win_rate":0.0,"timestamp":1609722569,"path_taken":["M","?","$","M","?","R","?","E","T","R","?","R","M","M","R","BOSS","M","M","?","?"],"items_purchased_type":["Card"],"build_version":"2020-12-22","purchased_purges":0,"victory":false,"max_hp_per_floor":[70,70,70,70,70,70,70,70,80,80,80,80,80,80,80,80,80,80,80,80,80,80],"card_choices":[{"not_picked":["Secret Weapon","Violence"],"picked":"expansioncontent:Corrupt","floor":0.0},{"not_picked":["Backflip","Endless Agony"],"picked":"Noxious Fumes","floor":1.0},{"not_picked":["Deflect","PiercingWail"],"picked":"Footwork","floor":4.0},{"not_picked":["Caltrops","Poisoned Stab"],"picked":"PiercingWail","floor":8.0},{"not_picked":["Tactician","Blade Dance"],"picked":"Crippling Poison","floor":11.0},{"not_picked":["Prepared","Well Laid Plans"],"picked":"Terror","floor":13.0},{"not_picked":["Backflip","Sucker Punch"],"picked":"Footwork","floor":14.0},{"not_picked":["Night Terror","Die Die Die"],"picked":"After Image","floor":16.0},{"not_picked":["Cloak And Dagger","Underhanded Strike"],"picked":"Noxious Fumes+1","floor":18.0},{"not_picked":["Catalyst","Blade Dance"],"picked":"Dagger Spray","floor":19.0}],"player_experience":58101,"relics_obtained":[{"floor":8.0,"key":"Kunai"},{"floor":9.0,"key":"Pear"},{"floor":11.0,"key":"Odd Mushroom"}],"event_choices":[{"damage_healed":0.0,"max_hp_gain":0.0,"max_hp_loss":0.0,"gold_gain":0.0,"event_name":"Scrap Ooze","player_choice":"Success","floor":2.0,"gold_loss":0.0,"damage_taken":3.0,"relics_obtained":["Gremlin Horn"]},{"damage_healed":0.0,"max_hp_gain":0.0,"max_hp_loss":0.0,"gold_gain":0.0,"event_name":"Big Fish","player_choice":"Box","floor":5.0,"gold_loss":0.0,"damage_taken":0.0,"relics_obtained":["Snake Skull"],"cards_obtained":["Regret"]},{"damage_healed":0.0,"max_hp_gain":0.0,"max_hp_loss":0.0,"gold_gain":0.0,"event_name":"Golden Idol","player_choice":"Take Wound","floor":7.0,"gold_loss":0.0,"damage_taken":0.0,"relics_obtained":["Golden Idol"],"cards_obtained":["Injury"]},{"damage_healed":0.0,"max_hp_gain":0.0,"max_hp_loss":0.0,"gold_gain":0.0,"event_name":"Mushrooms","player_choice":"Fought Mushrooms","floor":11.0,"gold_loss":0.0,"damage_taken":0.0},{"damage_healed":0.0,"max_hp_gain":0.0,"max_hp_loss":0.0,"gold_gain":100.0,"event_name":"Golden Shrine","player_choice":"Pray","floor":20.0,"gold_loss":0.0,"damage_taken":0.0}],"is_beta":false,"boss_relics":[{"not_picked":["Fusion Hammer","Velvet Choker"],"picked":"SlaversCollar"}],"items_purged_floors":[],"is_endless":false,"potions_floor_spawned":[13,14,16,19],"killed_by":"3 Cultists","ascension_level":2}}