{"host":"6azrrw3tf7wb0f4b","time":1609781025,"event":{"mods":["BaseMod","DeckTracker","Minty Spire (QoL Compilation)","SuperFastMode"],"gold_per_floor":[109,121,46,46,46,87,87,121,121,145,145,183,202,222,222,346,346,335,335,335],"floor_reached":19,"playtime":271,"items_purged":["Strike_B"],"score":323,"play_id":"6b3dc60d-3c27-414b-97eb-29164a45ffa6","local_time":"20210105022345","is_ascension_mode":true,"campfire_choices":[{"data":"Streamline","floor":7,"key":"SMITH"},{"data":"Static Discharge","floor":11,"key":"SMITH"},{"floor":15,"key":"REST"}],"circlet_count":0,"master_deck":["AscendersBane","Strike_B","Strike_B","Strike_B","Defend_B","Defend_B","Defend_B","Defend_B","Zap","Dualcast","Streamline+1","Static Discharge+1","Barrage","Leap","Rebound","Storm","Go for the Eyes","Creative AI"],"relics":["Cracked Core","NeowsBlessing","Golden Idol","InkBottle","Happy Flower","Lizard Tail","Odd Mushroom","Inserter"],"acts_visited":["Exordium","TheCity"],"potions_floor_usage":[8,8],"damage_taken":[{"damage":0,"enemies":"Cultist","floor":1,"turns":1},{"damage":0,"enemies":"Small Slimes","floor":2,"turns":1},{"damage":0,"enemies":"3 Sentries","floor":6,"turns":1},{"damage":25,"enemies":"Gremlin Nob","floor":8,"turns":4},{"damage":4,"enemies":"Jaw Worm","floor":10,"turns":3},{"damage":16,"enemies":"The Mushroom Lair","floor":12,"turns":3},{"damage":13,"enemies":"Red Slaver","floor":13,"turns":3},{"damage":8,"enemies":"Looter","floor":14,"turns":3},{"damage":17,"enemies":"Hexaghost","floor":16,"turns":8},{"damage":49,"enemies":"2 Thieves","floor":18,"turns":5},{"damage":7,"enemies":"3 Byrds","floor":19,"turns":2}],"seed_played":"5150974357727512263","potions_obtained":[{"floor":2,"key":"FocusPotion"},{"floor":6,"key":"Strength Potion"},{"floor":10,"key":"Ancient Potion"},{"floor":14,"key":"FairyPotion"}],"is_trial":false,"path_per_floor":["M","M","$","?","?","E","R","E","T","M","R","?","M","M","R","B",null,"M","M"],"character_chosen":"DEFECT","items_purchased":[],"campfire_rested":1,"item_purchase_floors":[],"current_hp_per_floor":[68,68,68,68,68,68,68,43,43,39,39,23,10,2,22,5,53,4,17,17],"gold":335,"neow_bonus":"THREE_ENEMY_KILL","is_daily":false,"chose_seed":false,"campfire_upgraded":2,"win_rate":0.0,"timestamp":1609781025,"path_taken":["M","M","?","?","?","E","R","E","T","?","R","?","M","M","R","BOSS","M","M"],"items_purchased_type":[],"build_version":"2020-12-22","purchased_purges":1,"victory":false,"max_hp_per_floor":[75,75,75,69,69,69,69,69,69,69,69,69,69,69,69,69,69,69,69,69],"card_choices":[{"not_picked":["Coolheaded","Force Field"],"picked":"Streamline","floor":1},{"not_picked":["Rebound","Turbo"],"picked":"Static Discharge","floor":2},{"not_picked":["Steam","Blizzard","Multi-Cast"],"picked":"SKIP","floor":6},{"not_picked":["Double Energy","Go for the Eyes"],"picked":"Barrage","floor":8},{"not_picked":["Redo","Tempest"],"picked":"Leap","floor":10},{"not_picked":["Steam","Sweeping Beam"],"picked":"Rebound","floor":12},{"not_picked":["Rebound","Redo"],"picked":"Storm","floor":13},{"not_picked":["Hologram","Gash"],"picked":"Go for the Eyes","floor":14},{"not_picked":["Seek","Reboot"],"picked":"Creative AI","floor":16},{"not_picked":["Rip and Tear","Go for the Eyes","Gash"],"picked":"SKIP","floor":18}],"player_experience":672601,"relics_obtained":[{"floor":6,"key":"InkBottle"},{"floor":8,"key":"Happy Flower"},{"floor":9,"key":"Lizard Tail"},{"floor":12,"key":"Odd Mushroom"}],"event_choices":[{"damage_healed":0,"gold_gain":0,"player_choice":"Lose Max HP","damage_taken":0,"relics_obtained":["Golden Idol"],"max_hp_gain":0,"max_hp_loss":6,"event_name":"Golden Idol","floor":4,"gold_loss":0},{"damage_healed":0,"gold_gain":0,"player_choice":"0 cards matched","damage_taken":0,"max_hp_gain":0,"max_hp_loss":0,"event_name":"Match and Keep!","floor":5,"gold_loss":0,"cards_obtained":[]},{"damage_healed":0,"gold_gain":0,"player_choice":"Fought Mushrooms","damage_taken":0,"max_hp_gain":0,"max_hp_loss":0,"event_name":"Mushrooms","floor":12,"gold_loss":0}],"is_beta":false,"boss_relics":[{"not_picked":["FrozenCore","SacredBark"],"picked":"Inserter"}],"items_purged_floors":[3],"is_endless":false,"potions_floor_spawned":[2,6,10,14],"killed_by":"3 Byrds","ascension_level":12}}