{"host":"mydft8i2zzydgggw","time":1609777142,"event":{"mods":["AchievementEnabler","BaseMod","Colored Map","Colored Powertips","Keyboard Shortcuts","Minty Spire (QoL Compilation)","Quick Restart","StSLib","SuperFastMode","The Poker Player"],"gold_per_floor":[110,110,110,110,110,137,137,169,169,187,167,179,179,206,206,332,332,355,379,397,411,411,411,411,411,461,484,584,584,584],"floor_reached":29,"playtime":611,"items_purged":[],"score":337,"play_id":"56478f61-0e47-4d95-9039-30015a76fe8a","local_time":"20210105011902","is_ascension_mode":true,"campfire_choices":[{"data":"Creative AI","floor":7.0,"key":"SMITH"},{"data":"Heatsinks","floor":15.0,"key":"SMITH"},{"floor":23,"key":"REST"},{"data":"Creative AI","floor":25,"key":"SMITH"}],"circlet_count":0,"master_deck":["Strike_B","Strike_B","Defend_B","Defend_B","Defend_B","Defend_B+1","Zap","Dualcast+1","Creative AI+1","Conserve Battery","Heatsinks+1","Seek","Biased Cognition","Static Discharge+1","Coolheaded+1","Glacier","Creative AI+1","Electrodynamics","Recycle"],"relics":["Cracked Core","NeowsBlessing","StoneCalendar","Pear","Boot","Golden Idol","Smiling Mask","Nuclear Battery"],"acts_visited":["Exordium","TheCity"],"potions_floor_usage":[29,29],"damage_taken":[{"damage":0.0,"enemies":"Jaw Worm","floor":1.0,"turns":1.0},{"damage":0.0,"enemies":"Gremlin Nob","floor":6.0,"turns":1.0},{"damage":0.0,"enemies":"Lagavulin","floor":8.0,"turns":2.0},{"damage":0.0,"enemies":"2 Louse","floor":10.0,"turns":2.0},{"damage":4.0,"enemies":"Small Slimes","floor":12.0,"turns":3.0},{"damage":40,"enemies":"The Guardian","floor":16,"turns":10},{"damage":13,"enemies":"Shell Parasite","floor":18,"turns":6},{"damage":36,"enemies":"2 Thieves","floor":19,"turns":3},{"damage":11,"enemies":"Chosen and Byrds","floor":20,"turns":4},{"damage":10,"enemies":"Snecko","floor":21,"turns":6},{"damage":12,"enemies":"Cultist and Chosen","floor":27,"turns":4},{"damage":25,"enemies":"Gremlin Leader","floor":29,"turns":3}],"seed_played":"-7539478560389748339","potions_obtained":[{"floor":1.0,"key":"BlessingOfTheForge"},{"floor":8.0,"key":"Block Potion"},{"floor":11.0,"key":"GamblersBrew"},{"floor":18,"key":"AttackPotion"}],"is_trial":false,"path_per_floor":["M","?","$","?","$","E","R","E","T","M","?","M","?","T","R","B",null,"M","M","M","M","?","R","?","R","T","M","?","E"],"character_chosen":"DEFECT","items_purchased":[],"campfire_rested":1,"item_purchase_floors":[],"current_hp_per_floor":[75,80,80,64,64,64,64,74,74,74,74,70,70,70,70,30,83,70,34,23,13,13,37,37,37,37,25,25,0,0],"gold":584,"neow_bonus":"THREE_ENEMY_KILL","is_daily":false,"chose_seed":false,"campfire_upgraded":3,"win_rate":0.0,"timestamp":1609777142,"path_taken":["M","?","$","?","?","E","R","E","T","M","?","?","?","?","R","BOSS","M","M","M","M","?","R","?","R","T","M","?","E"],"items_purchased_type":[],"build_version":"2020-12-22","purchased_purges":0,"victory":false,"max_hp_per_floor":[75,80,80,80,80,80,80,90,90,90,90,90,83,83,83,83,83,83,83,83,83,83,83,83,83,83,83,83,83,83],"card_choices":[{"not_picked":["Steam Power","Reprogram","Sweeping Beam"],"picked":"SKIP","floor":1.0},{"not_picked":["Leap","Streamline"],"picked":"Creative AI","floor":6.0},{"not_picked":["Leap","Aggregate"],"picked":"Conserve Battery","floor":8.0},{"not_picked":["Recycle","Doom and Gloom"],"picked":"Heatsinks","floor":10.0},{"not_picked":["Barrage","Leap"],"picked":"Seek","floor":12.0},{"not_picked":["Seek","Creative AI"],"picked":"Biased Cognition","floor":16},{"not_picked":["Leap+1","Coolheaded+1"],"picked":"Static Discharge+1","floor":18},{"not_picked":["Conserve Battery","Ball Lightning"],"picked":"Coolheaded+1","floor":19},{"not_picked":["Rip and Tear","Gash"],"picked":"Glacier","floor":20},{"not_picked":["Darkness","Steam","Sweeping Beam"],"picked":"SKIP","floor":21},{"not_picked":["Redo","Barrage","Cold Snap"],"picked":"SKIP","floor":27}],"player_experience":92182,"relics_obtained":[{"floor":6.0,"key":"StoneCalendar"},{"floor":8.0,"key":"Pear"},{"floor":9.0,"key":"Boot"},{"floor":14.0,"key":"Smiling Mask"}],"event_choices":[{"damage_healed":0.0,"max_hp_gain":5.0,"max_hp_loss":0.0,"gold_gain":0.0,"event_name":"Big Fish","player_choice":"Donut","floor":2.0,"gold_loss":0.0,"damage_taken":0.0},{"damage_healed":0.0,"max_hp_gain":0.0,"max_hp_loss":0.0,"gold_gain":0.0,"event_name":"Shining Light","player_choice":"Entered Light","floor":4.0,"gold_loss":0.0,"damage_taken":16.0,"cards_upgraded":["Dualcast","Defend_B"]},{"damage_healed":0.0,"max_hp_gain":0.0,"max_hp_loss":0.0,"gold_gain":0.0,"event_name":"The Woman in Blue","player_choice":"Bought 1 Potion","floor":11.0,"gold_loss":0.0,"damage_taken":0.0},{"damage_healed":0.0,"max_hp_gain":0.0,"max_hp_loss":7.0,"gold_gain":0.0,"event_name":"Golden Idol","player_choice":"Lose Max HP","floor":13.0,"gold_loss":0.0,"damage_taken":0.0,"relics_obtained":["Golden Idol"]},{"damage_healed":0,"gold_gain":0,"cards_transformed":["Strike_B","Strike_B"],"player_choice":"Became Test Subject","damage_taken":0,"max_hp_gain":0,"max_hp_loss":0,"event_name":"Drug Dealer","floor":22,"gold_loss":0,"cards_obtained":["Creative AI","Electrodynamics"]},{"damage_healed":0,"gold_gain":0,"player_choice":"Read","damage_taken":0,"max_hp_gain":0,"max_hp_loss":0,"event_name":"The Library","floor":24,"gold_loss":0,"cards_obtained":["Recycle"]},{"damage_healed":0,"gold_gain":100,"player_choice":"Pray","damage_taken":0,"max_hp_gain":0,"max_hp_loss":0,"event_name":"Golden Shrine","floor":28,"gold_loss":0}],"is_beta":false,"boss_relics":[{"not_picked":["Sozu","Cursed Key"],"picked":"Nuclear Battery"}],"items_purged_floors":[],"is_endless":false,"potions_floor_spawned":[1,8,18,21],"killed_by":"Gremlin Leader","ascension_level":4}}