{"host":"8r9wnm3f0x81e4d7","time":1609760620,"event":{"mods":["BaseMod","Downfall","Minty Spire (QoL Compilation)","StSLib"],"gold_per_floor":[109,123,141,119,136,136,170,170,170,170,29,60,78,103,103,205,205,222,55,88,101,26,56,56,87,111,111,130,150,164,194,194,297,297,307,323,343,202,202,227,227,238,238,268,281,281,299,72,72,72],"floor_reached":51,"playtime":5821,"items_purged":["Defend_P","Defend_P"],"score":812,"play_id":"3f0ee562-485c-4c50-b627-b6677155f819","local_time":"20210104194340","is_ascension_mode":false,"campfire_choices":[{"data":"CutThroughFate","floor":6,"key":"SMITH"},{"data":"Eruption","floor":8,"key":"SMITH"},{"floor":10,"key":"REST"},{"data":"DeusExMachina","floor":15,"key":"SMITH"},{"data":"Apotheosis","floor":24,"key":"SMITH"},{"data":"EmptyMind","floor":32,"key":"SMITH"},{"data":"Discovery","floor":41,"key":"SMITH"},{"data":"Vault","floor":46,"key":"SMITH"},{"data":"EmptyMind","floor":49,"key":"SMITH"}],"circlet_count":0,"master_deck":["Strike_P","Strike_P","Strike_P","Strike_P","Defend_P","Defend_P","Eruption+1","Vigilance","SandsOfTime","Weave","FlyingSleeves","CutThroughFate+1","Prostrate","ClearTheMind","Brilliance","Nirvana+1","Establishment+1","Adaptation+1","DeusExMachina+1","Judgement","LikeWater+1","Apotheosis+1","Fasting2+1","Study+1","ThirdEye+1","Devotion+1","Judgement","Sanctity+1","EmptyMind+1","Vault+1","Protect","Sanctity","Study+1","Discovery+1","Establishment+1","InnerPeace+1","Perseverance","CutThroughFate+1","Pray+1","EmptyMind+1","Vault+1"],"relics":["PureWater","Gremlin Horn","Frozen Egg 2","Question Card","Pantograph","Coffee Dripper","Red Mask","Art of War","Boot","Strawberry","Vajra","Busted Crown","Molten Egg 2","Darkstone Periapt","White Beast Statue","DollysMirror"],"acts_visited":["Exordium","TheCity","TheBeyond"],"potions_floor_usage":[12,20,23,28,28,35,45,47,50],"damage_taken":[{"damage":0,"enemies":"Cultist","floor":1,"turns":2},{"damage":0,"enemies":"Small Slimes","floor":2,"turns":2},{"damage":5,"enemies":"2 Louse","floor":3,"turns":2},{"damage":3,"enemies":"Red Slaver","floor":5,"turns":2},{"damage":20,"enemies":"Gremlin Nob","floor":7,"turns":4},{"damage":17,"enemies":"3 Sentries","floor":12,"turns":7},{"damage":8,"enemies":"Blue Slaver","floor":13,"turns":2},{"damage":6,"enemies":"Gremlin Nob","floor":14,"turns":3},{"damage":30,"enemies":"Slime Boss","floor":16,"turns":4},{"damage":0,"enemies":"Spheric Guardian","floor":18,"turns":3},{"damage":0,"enemies":"Masked Bandits","floor":20,"turns":2},{"damage":14,"enemies":"3 Byrds","floor":21,"turns":4},{"damage":27,"enemies":"Slavers","floor":23,"turns":4},{"damage":13,"enemies":"Book of Stabbing","floor":25,"turns":3},{"damage":5,"enemies":"Snake Plant","floor":28,"turns":5},{"damage":21,"enemies":"Shelled Parasite and Fungi","floor":29,"turns":3},{"damage":3,"enemies":"Centurion and Healer","floor":30,"turns":4},{"damage":10,"enemies":"Slavers","floor":31,"turns":4},{"damage":5,"enemies":"Collector","floor":33,"turns":6},{"damage":11,"enemies":"Orb Walker","floor":35,"turns":3},{"damage":0,"enemies":"3 Darklings","floor":36,"turns":5},{"damage":3,"enemies":"Sphere and 2 Shapes","floor":37,"turns":3},{"damage":9,"enemies":"Giant Head","floor":40,"turns":7},{"damage":35,"enemies":"Spire Growth","floor":42,"turns":4},{"damage":16,"enemies":"Nemesis","floor":44,"turns":6},{"damage":0,"enemies":"4 Shapes","floor":45,"turns":3},{"damage":0,"enemies":"3 Darklings","floor":47,"turns":4},{"damage":25,"enemies":"Awakened One","floor":50,"turns":5}],"seed_played":"-7934185856032720803","potions_obtained":[{"floor":3,"key":"BottledMiracle"},{"floor":7,"key":"Regen Potion"},{"floor":13,"key":"AttackPotion"},{"floor":16,"key":"Strength Potion"},{"floor":21,"key":"Block Potion"},{"floor":23,"key":"Guardian:BlockOnCardUsePotion"},{"floor":25,"key":"PowerPotion"},{"floor":30,"key":"SteroidPotion"},{"floor":31,"key":"Fruit Juice"},{"floor":36,"key":"Energy Potion"},{"floor":40,"key":"DuplicationPotion"},{"floor":45,"key":"Strength Potion"},{"floor":47,"key":"ColorlessPotion"}],"is_trial":false,"path_per_floor":["M","M","M","$","M","R","E","R","T","R","$","E","M","E","R","B",null,"M","$","?","M","$","E","R","E","T","?","M","M","M","E","R","B",null,"M","M","M","$","?","E","R","M","T","E","M","R","M","$","R","B",null],"character_chosen":"WATCHER","items_purchased":["CutThroughFate","Brilliance","Nirvana+1","Apotheosis","Study+1","EmptyMind","DollysMirror"],"campfire_rested":1,"item_purchase_floors":[4,11,11,19,38,48,48],"current_hp_per_floor":[72,72,67,67,64,64,44,44,44,65,65,63,55,49,49,42,72,72,72,72,58,58,31,31,18,25,79,74,53,50,40,40,60,79,73,73,70,70,70,61,61,26,26,10,10,10,10,10,10,10],"gold":72,"neow_bonus":"THREE_CARDS","is_daily":false,"chose_seed":false,"campfire_upgraded":8,"win_rate":0.0,"timestamp":1609760620,"path_taken":["M","M","?","?","M","R","E","R","T","R","$","E","M","E","R","BOSS","M","?","?","M","$","E","R","E","T","?","?","M","M","E","R","BOSS","M","M","M","$","?","E","R","M","T","E","M","R","?","$","R","BOSS"],"items_purchased_type":["Card","Card","Card","Card","Card","Card","Relic"],"build_version":"2020-12-22","purchased_purges":2,"victory":true,"max_hp_per_floor":[72,72,72,72,72,72,72,72,72,72,72,72,72,72,72,72,72,72,72,72,72,72,72,72,72,79,79,79,79,79,79,79,79,79,84,84,84,84,84,84,84,84,84,84,84,84,84,84,84,84],"card_choices":[{"not_picked":["Fasting2","Weave"],"picked":"SandsOfTime","floor":0},{"not_picked":["Protect","Perseverance"],"picked":"Meditate","floor":1},{"not_picked":["FlyingSleeves","CarveReality"],"picked":"Weave","floor":2},{"not_picked":["Meditate","CarveReality"],"picked":"FlyingSleeves","floor":3},{"not_picked":["Indignation","CrushJoints"],"picked":"Prostrate","floor":5},{"not_picked":["Protect","CrushJoints"],"picked":"ClearTheMind","floor":7},{"not_picked":["ClearTheMind","Worship"],"picked":"Establishment+1","floor":12},{"not_picked":["PathToVictory","ThirdEye","Weave"],"picked":"Adaptation+1","floor":13},{"not_picked":["LikeWater+1","Protect","InnerPeace"],"picked":"DeusExMachina","floor":14},{"not_picked":["Establishment+1","Vault","ConjureBlade"],"picked":"Judgement","floor":16},{"not_picked":["Consecrate","Protect","EmptyBody"],"picked":"LikeWater+1","floor":18},{"not_picked":["JustLucky+1","CarveReality+1","WheelKick"],"picked":"Fasting2+1","floor":20},{"not_picked":["CutThroughFate","Worship","SignatureMove"],"picked":"Study+1","floor":21},{"not_picked":["Collect","Consecrate+1","ClearTheMind"],"picked":"ThirdEye+1","floor":23},{"not_picked":["EmptyFist","Evaluate","Consecrate"],"picked":"Devotion+1","floor":25},{"not_picked":["FollowUp","ClearTheMind","Evaluate","JustLucky"],"picked":"SKIP","floor":28},{"not_picked":["Nirvana+1","Swivel+1","Worship"],"picked":"Judgement","floor":29},{"not_picked":["CrushJoints","Weave","Prostrate"],"picked":"Sanctity+1","floor":30},{"not_picked":["Perseverance","Vengeance","Nirvana+1"],"picked":"EmptyMind","floor":31},{"not_picked":["Establishment+1","LessonLearned","Blasphemy"],"picked":"Vault","floor":33},{"not_picked":["SashWhip"],"picked":"Protect","floor":35},{"not_picked":["WheelKick+1"],"picked":"Sanctity","floor":36},{"not_picked":["EmptyFist+1","WreathOfFlame+1"],"picked":"SKIP","floor":37},{"not_picked":["EmptyFist+1"],"picked":"InnerPeace+1","floor":40},{"not_picked":["FearNoEvil+1"],"picked":"Perseverance","floor":42},{"not_picked":["Protect+1"],"picked":"CutThroughFate+1","floor":44},{"not_picked":["BowlingBash+1"],"picked":"Pray+1","floor":45},{"not_picked":["FlyingSleeves+1","ThirdEye+1"],"picked":"SKIP","floor":47}],"player_experience":35997,"relics_obtained":[{"floor":7,"key":"Gremlin Horn"},{"floor":9,"key":"Frozen Egg 2"},{"floor":12,"key":"Question Card"},{"floor":14,"key":"Pantograph"},{"floor":20,"key":"Red Mask"},{"floor":23,"key":"Art of War"},{"floor":25,"key":"Boot"},{"floor":26,"key":"Strawberry"},{"floor":31,"key":"Vajra"},{"floor":40,"key":"Molten Egg 2"},{"floor":43,"key":"Darkstone Periapt"},{"floor":44,"key":"White Beast Statue"}],"event_choices":[{"damage_healed":0,"gold_gain":0,"player_choice":"Fought Bandits","damage_taken":0,"max_hp_gain":0,"max_hp_loss":0,"event_name":"Masked Bandits","floor":20,"gold_loss":0},{"cards_removed":["Meditate"],"damage_healed":54,"gold_gain":0,"player_choice":"Offered Uncommon","damage_taken":0,"max_hp_gain":0,"max_hp_loss":0,"event_name":"Bonfire Elementals","floor":27,"gold_loss":0},{"damage_healed":0,"gold_gain":0,"player_choice":"2 cards matched","damage_taken":0,"max_hp_gain":0,"max_hp_loss":0,"event_name":"Match and Keep!","floor":39,"gold_loss":0,"cards_obtained":["Discovery","Establishment"]}],"is_beta":false,"boss_relics":[{"not_picked":["Empty Cage","Philosopher\u0027s Stone"],"picked":"Coffee Dripper"},{"not_picked":["SacredBark","Velvet Choker"],"picked":"Busted Crown"}],"items_purged_floors":[22,38],"is_endless":false,"potions_floor_spawned":[3,7,13,16,21,23,25,30,31,36,37,40,44,45,47],"ascension_level":0}}