{"host":"27tk4xseidcli2mr","time":1609797528,"event":{"mods":["2.2 Compatiblity","AchievementEnabler","Aspiration","BaseMod","Better Third Choice","Conspire","Custom Start","Downfall","Hubris","Infinite Spire","Jorbs\u0027s Wanderer Trilogy","Minty Spire (QoL Compilation)","Replay The Spire","StSLib","SuperFastMode","[IsaacMod]????"],"gold_per_floor":[109,26,41,54,65,65,90,90,143,143,158,169,94,123,123,200,200,213,213,213,213,213,243,243,199,223,233,262,292,292,305,305,382,382,394,394,394],"floor_reached":36,"playtime":1834,"items_purged":[],"score":824,"play_id":"b93b168a-12dd-489d-9655-61f1b36e2ab0","local_time":"20210104225848","is_ascension_mode":true,"campfire_choices":[{"data":"Hologram","floor":6.0,"key":"SMITH"},{"floor":8.0,"key":"REST"},{"data":"Self Repair","floor":10.0,"key":"SMITH"},{"floor":15.0,"key":"REST"},{"data":"Consume","floor":24.0,"key":"SMITH"},{"floor":30.0,"key":"REST"}],"circlet_count":0,"master_deck":["AscendersBane","Strike_B","Strike_B","Strike_B","Defend_B","Defend_B","Defend_B","Defend_B","Zap","Dualcast","Leap","Sweeping Beam","Hologram+1","Tempest","Self Repair+1","Cold Snap","White Noise","Consume+1","Echo Form","Cold Snap","Self Repair","Glacier+1","Leap","Conserve Battery","Rainbow"],"relics":["Cracked Core","HushsDoor","SteamSale","Raider\u0027s Mask","StoneCalendar","infinitespire:Freezer","GuppysHead","hubris:Backtick","FossilizedHelix","hubris:Icosahedron","PillsDrop","Vajra","Red Mask","SacredBark"],"acts_visited":["Exordium","TheCity","TheBeyond"],"potions_floor_usage":[36,36],"damage_taken":[{"damage":1.0,"enemies":"Cultist","floor":1.0,"turns":3.0},{"damage":0.0,"enemies":"conspire:RoseBush","floor":3.0,"turns":4.0},{"damage":0.0,"enemies":"Small Slimes","floor":4.0,"turns":2.0},{"damage":0.0,"enemies":"2 Fungi Beasts","floor":5.0,"turns":4.0},{"damage":57.0,"enemies":"3 Sentries","floor":7.0,"turns":13.0},{"damage":3.0,"enemies":"Exordium Wildlife","floor":11.0,"turns":4.0},{"damage":4.0,"enemies":"Looter","floor":12.0,"turns":4.0},{"damage":40.0,"enemies":"Gremlin Nob","floor":14.0,"turns":4.0},{"damage":16.0,"enemies":"The Guardian","floor":16.0,"turns":12.0},{"damage":24.0,"enemies":"Spheric Guardian","floor":18.0,"turns":7.0},{"damage":8.0,"enemies":"Nightmare","floor":23.0,"turns":9.0},{"damage":25.0,"enemies":"2 Thieves","floor":25.0,"turns":5.0},{"damage":8.0,"enemies":"Snake Plant","floor":27.0,"turns":4.0},{"damage":61.0,"enemies":"Book of Stabbing","floor":28.0,"turns":7.0},{"damage":65.0,"enemies":"Masked Bandits","floor":29.0,"turns":6.0},{"damage":18.0,"enemies":"3 Cultists","floor":31.0,"turns":6.0},{"damage":40.0,"enemies":"hubris:MusketHawk","floor":33.0,"turns":13.0},{"damage":11.0,"enemies":"3 Shapes","floor":35.0,"turns":5.0},{"damage":54,"enemies":"2 Orb Walkers","floor":36,"turns":4}],"seed_played":"5606193309393854468","potions_obtained":[{"floor":5.0,"key":"FearPotion"},{"floor":7.0,"key":"PowerPotion"},{"floor":11.0,"key":"Dexterity Potion"},{"floor":14.0,"key":"AttackPotion"},{"floor":16.0,"key":"BlessingOfTheForge"},{"floor":28.0,"key":"conspire:TimeTravelPotion"},{"floor":31.0,"key":"sneckomod:MuddlingPotion"},{"floor":33.0,"key":"BlessingOfTheForge"}],"is_trial":false,"path_per_floor":["M","$","M","M","M","R","E","R","T","R","M","M","?","E","R","B",null,"M","?","AVR","?","?","NM","R","M","T","M","E","?","R","M","R","B",null,"M","?"],"character_chosen":"DEFECT","items_purchased":["Raider\u0027s Mask"],"campfire_rested":3,"item_purchase_floors":[2],"current_hp_per_floor":[70,70,70,70,70,70,13,36,36,36,43,49,49,29,52,46,70,56,56,56,56,56,58,58,43,43,35,51,25,48,30,51,31,65,54,0,0],"gold":394,"neow_bonus":"TEN_PERCENT_HP_BONUS","is_daily":false,"chose_seed":false,"campfire_upgraded":3,"win_rate":0.0,"timestamp":1609797528,"path_taken":["M","$","?","M","M","R","E","R","T","R","?","M","?","E","R","BOSS","M","?","AVR","?","?","NM","R","M","T","?","E","?","R","M","R","BOSS","M","?"],"items_purchased_type":["Relic"],"build_version":"2020-12-22","purchased_purges":0,"victory":false,"max_hp_per_floor":[78,78,78,78,78,78,78,78,78,78,78,78,78,78,78,78,78,78,78,78,78,78,78,78,78,78,78,78,78,78,73,73,76,76,76,76,76],"card_choices":[{"not_picked":["Hologram","Go for the Eyes"],"picked":"Leap","floor":1.0},{"not_picked":["Compile Driver","Steam Power"],"picked":"Sweeping Beam","floor":3.0},{"not_picked":["Streamline","Storm"],"picked":"Hologram","floor":4.0},{"not_picked":["Sweeping Beam","Panic Button"],"picked":"Tempest","floor":5.0},{"not_picked":["Coolheaded","Stack"],"picked":"Self Repair","floor":7.0},{"not_picked":["Beam Cell","Hologram"],"picked":"Cold Snap","floor":11.0},{"not_picked":["Sunder","Thunder Strike"],"picked":"White Noise","floor":12.0},{"not_picked":["Ball Lightning","Go for the Eyes"],"picked":"Consume","floor":14.0},{"not_picked":["All For One","Meteor Strike"],"picked":"Echo Form","floor":16.0},{"not_picked":["Go for the Eyes+1","Lockon"],"picked":"Cold Snap","floor":18.0},{"not_picked":["Rip and Tear","ReplayTheSpireMod:Repulse","Steam"],"picked":"SKIP","floor":23.0},{"not_picked":["Hologram","Rebound","Recycle"],"picked":"SKIP","floor":25.0},{"not_picked":["Melter","Ball Lightning+1"],"picked":"Self Repair","floor":27.0},{"not_picked":["Rip and Tear","FTL"],"picked":"Glacier","floor":28.0},{"not_picked":["ReplaySort","Ball Lightning"],"picked":"Leap","floor":29.0},{"not_picked":["Stack","Gash+1"],"picked":"Conserve Battery","floor":31.0},{"not_picked":["ReplayTheSpireMod:Fabricate Wheel","Mirror Shield"],"picked":"Rainbow","floor":33.0},{"not_picked":["Undo","Cold Snap","Steam+1"],"picked":"SKIP","floor":35.0}],"player_experience":1272770,"relics_obtained":[{"floor":7.0,"key":"StoneCalendar"},{"floor":9.0,"key":"infinitespire:Freezer"},{"floor":14.0,"key":"GuppysHead"},{"floor":23.0,"key":"PillsDrop"},{"floor":28.0,"key":"Vajra"},{"floor":29.0,"key":"Red Mask"}],"event_choices":[{"cards_removed":["Strike_B"],"damage_healed":0.0,"max_hp_gain":0.0,"max_hp_loss":0.0,"gold_gain":0.0,"event_name":"The Cleric","player_choice":"Card Removal","floor":13.0,"gold_loss":75.0,"damage_taken":0.0},{"damage_healed":0.0,"max_hp_gain":0.0,"max_hp_loss":0.0,"gold_gain":0.0,"event_name":"Ghosts","player_choice":"Ignored","floor":19.0,"gold_loss":0.0,"damage_taken":0.0},{"damage_healed":0.0,"max_hp_gain":0.0,"max_hp_loss":0.0,"gold_gain":0.0,"event_name":"Masked Bandits","player_choice":"Fought Bandits","floor":29.0,"gold_loss":0.0,"damage_taken":0.0},{"damage_healed":0,"gold_gain":0,"player_choice":"Fight","damage_taken":0,"max_hp_gain":0,"max_hp_loss":0,"event_name":"Mysterious Sphere","floor":36,"gold_loss":0}],"is_beta":false,"boss_relics":[{"not_picked":["Replay:Drink Me","hubris:BlackHole","ReplayTheSpireMod:DimensionalGlitch"]},{"not_picked":["Snecko Eye","ReplayTheSpireMod:SealedPack"],"picked":"SacredBark"},{"not_picked":[]}],"items_purged_floors":[],"is_endless":true,"potions_floor_spawned":[5,7,11,14,16,28,31,33],"killed_by":"2 Orb Walkers","ascension_level":20}}