{"host":"p4zclu0beiy6gkiq","time":1609773415,"event":{"mods":["AchievementEnabler","BaseMod","Bestiary","Colored Map","Colored Powertips","DeckTracker","Minty Spire (QoL Compilation)","Quick Restart","StSLib","SuperFastMode","The Cursed"],"gold_per_floor":[115,290,369,448,28,61,74,106,132,164,164,64,79,95,95,198,198,209,209,11,37,56,83,83,116,116,116,141,141,151,183,183,288,288,303,303,217,231,231,260,309,343,391,425,441,461,472,501,501,501,501,501,6,34,34],"floor_reached":56,"playtime":25071,"items_purged":["Doubt","Strike_B","Pain","The Bomb"],"score":1675,"play_id":"ff4629ce-d258-40a2-bee3-b42b562b54f9","local_time":"20210105001655","is_ascension_mode":true,"campfire_choices":[{"data":"Defragment","floor":15.0,"key":"SMITH"},{"data":"Fission","floor":24.0,"key":"SMITH"},{"data":"Fission","floor":27.0,"key":"SMITH"},{"data":"Echo Form","floor":32.0,"key":"SMITH"},{"floor":49.0,"key":"RECALL"},{"data":"Hologram","floor":52.0,"key":"SMITH"}],"circlet_count":0,"master_deck":["Zap","Dualcast","Barrage+1","Hologram","Cold Snap","Steam","Defragment+1","Echo Form+1","Loop","All For One+1","Electrodynamics","Echo Form","Force Field","Defragment","Fission+1","Fission+1","Undo","Glacier","Coolheaded","Hologram+1","Capacitor","Go for the Eyes","Turbo","Reboot","Coolheaded","Madness","Madness","Capacitor","Defragment","Secret Technique","Mayhem","Impatience","Hologram+1","Coolheaded+1","Barrage+1","Defragment","Turbo","Turbo+1","Go for the Eyes","Heatsinks","Aggregate+1","Go for the Eyes+1","Double Energy+1","Coolheaded+1","Meteor Strike","All For One","Reinforced Body+1"],"relics":["Cracked Core","Gambling Chip","Mercury Hourglass","Bag of Preparation","Strawberry","Tiny Chest","Happy Flower","Boot","Pandora\u0027s Box","ClockworkSouvenir","Whetstone","Lantern","Girya","Singing Bowl","Smiling Mask","WarpedTongs","Omamori","Cursed Key","Matryoshka","Sundial","Oddly Smooth Stone","Ginger","MealTicket","Bronze Scales","Shuriken","Ancient Tea Set","Orrery","Anchor"],"acts_visited":["Exordium","TheCity","TheBeyond","TheEnding"],"potions_floor_usage":[55],"damage_taken":[{"damage":0.0,"enemies":"Small Slimes","floor":1.0,"turns":3.0},{"damage":13.0,"enemies":"Gremlin Nob","floor":6.0,"turns":3.0},{"damage":0.0,"enemies":"Jaw Worm","floor":7.0,"turns":3.0},{"damage":13.0,"enemies":"Lagavulin","floor":8.0,"turns":5.0},{"damage":12.0,"enemies":"3 Sentries","floor":10.0,"turns":3.0},{"damage":0.0,"enemies":"Cultist","floor":13.0,"turns":4.0},{"damage":3.0,"enemies":"2 Fungi Beasts","floor":14.0,"turns":3.0},{"damage":19.0,"enemies":"The Guardian","floor":16.0,"turns":7.0},{"damage":6.0,"enemies":"3 Byrds","floor":18.0,"turns":4.0},{"damage":7.0,"enemies":"Shell Parasite","floor":22.0,"turns":6.0},{"damage":7.0,"enemies":"Gremlin Leader","floor":23.0,"turns":5.0},{"damage":4.0,"enemies":"Book of Stabbing","floor":25.0,"turns":6.0},{"damage":0.0,"enemies":"Slavers","floor":28.0,"turns":3.0},{"damage":1.0,"enemies":"Cultist and Chosen","floor":30.0,"turns":4.0},{"damage":5.0,"enemies":"Book of Stabbing","floor":31.0,"turns":5.0},{"damage":20.0,"enemies":"Champ","floor":33.0,"turns":11.0},{"damage":1.0,"enemies":"3 Shapes","floor":35.0,"turns":3.0},{"damage":0.0,"enemies":"Orb Walker","floor":38.0,"turns":4.0},{"damage":1.0,"enemies":"Nemesis","floor":40.0,"turns":5.0},{"damage":1.0,"enemies":"Reptomancer","floor":42.0,"turns":5.0},{"damage":16.0,"enemies":"Nemesis","floor":44.0,"turns":7.0},{"damage":3.0,"enemies":"Writhing Mass","floor":45.0,"turns":5.0},{"damage":8.0,"enemies":"4 Shapes","floor":46.0,"turns":3.0},{"damage":0.0,"enemies":"Transient","floor":47.0,"turns":5.0},{"damage":0.0,"enemies":"Giant Head","floor":48.0,"turns":8.0},{"damage":24.0,"enemies":"Awakened One","floor":50.0,"turns":6.0},{"damage":0.0,"enemies":"Shield and Spear","floor":54.0,"turns":6.0},{"damage":41,"enemies":"The Heart","floor":55,"turns":14}],"seed_played":"-5742948268673578340","potions_obtained":[{"floor":6.0,"key":"SteroidPotion"},{"floor":7.0,"key":"PotionOfCapacity"},{"floor":8.0,"key":"Strength Potion"},{"floor":14.0,"key":"LiquidMemories"},{"floor":18.0,"key":"AttackPotion"},{"floor":25.0,"key":"Ancient Potion"},{"floor":31.0,"key":"LiquidBronze"},{"floor":38.0,"key":"LiquidMemories"},{"floor":42.0,"key":"PowerPotion"},{"floor":47.0,"key":"LiquidMemories"},{"floor":48.0,"key":"DistilledChaos"}],"is_trial":false,"path_per_floor":["M","?","T","T","$","E","M","E","T","E","?","$","M","M","R","B",null,"M","?","$","T","M","E","R","E","T","R","E","?","M","E","R","B",null,"M","?","$","M","?","E","T","E","T","E","M","M","M","E","R","B",null,"R","$","E","B",null],"character_chosen":"DEFECT","items_purchased":["Bag of Preparation","The Bomb","ClockworkSouvenir","Coolheaded","Capacitor","Orrery","Meteor Strike","All For One","AttackPotion"],"campfire_rested":0,"item_purchase_floors":[5,5,20,20,37,53,53,53,53],"current_hp_per_floor":[68,68,68,68,68,62,62,49,49,37,37,37,37,34,34,15,75,69,55,55,55,48,41,41,37,37,37,39,39,38,33,33,13,82,81,71,71,71,61,60,60,59,59,43,40,32,32,32,32,8,82,82,82,82,41],"gold":34,"neow_bonus":"ONE_RARE_RELIC","is_daily":false,"chose_seed":false,"campfire_upgraded":5,"win_rate":0.0,"timestamp":1609773415,"path_taken":["M","?","?","?","$","E","M","E","T","E","?","$","?","M","R","BOSS","M","?","$","?","M","E","R","E","T","R","E","?","M","E","R","BOSS","M","?","$","M","?","E","?","E","T","E","?","M","M","E","R","BOSS","R","$","E","BOSS"],"items_purchased_type":["Relic","Card","Relic","Card","Card","Relic","Card","Card","Potion"],"build_version":"2020-12-22","purchased_purges":4,"victory":true,"max_hp_per_floor":[68,68,68,68,68,75,75,75,75,75,75,75,75,75,75,75,75,75,80,80,80,80,80,80,80,80,80,82,82,82,82,82,82,82,82,82,82,82,82,82,82,82,82,82,82,82,82,82,82,82,82,82,82,82,82],"card_choices":[{"not_picked":["Conserve Battery","Redo"],"picked":"Barrage","floor":1.0},{"not_picked":["Melter","Force Field"],"picked":"Hologram","floor":6.0},{"not_picked":["Compile Driver","Ball Lightning"],"picked":"Cold Snap","floor":7.0},{"not_picked":["Streamline","Barrage"],"picked":"Steam","floor":8.0},{"not_picked":["Cold Snap","Chill"],"picked":"Defragment","floor":10.0},{"not_picked":["Darkness","Steam"],"picked":"Loop","floor":13.0},{"not_picked":["Hologram","Force Field"],"picked":"All For One","floor":14.0},{"not_picked":["Hyperbeam","Rainbow"],"picked":"Electrodynamics","floor":16.0},{"not_picked":["Scrape","Stack"],"picked":"Glacier","floor":18.0},{"not_picked":["Streamline","Conserve Battery"],"picked":"Hologram","floor":22.0},{"not_picked":["Defragment","Gash+1"],"picked":"Capacitor","floor":23.0},{"not_picked":["Compile Driver","Gash","Steam Power"],"picked":"SKIP","floor":25.0},{"not_picked":["Sweeping Beam","Compile Driver","Undo+1"],"picked":"Singing Bowl","floor":28.0},{"not_picked":["Ball Lightning","Tempest"],"picked":"Go for the Eyes","floor":30.0},{"not_picked":["Thunder Strike","Fusion"],"picked":"Turbo","floor":31.0},{"not_picked":["Multi-Cast","Thunder Strike"],"picked":"Reboot","floor":33.0},{"not_picked":["Sweeping Beam+1","Compile Driver+1"],"picked":"Coolheaded","floor":35.0},{"not_picked":["Doom and Gloom+1","Barrage"],"picked":"Defragment","floor":38.0},{"not_picked":["Enlightenment","Dramatic Entrance"],"picked":"Secret Technique","floor":39.0},{"not_picked":["Madness","Forethought"],"picked":"Mayhem","floor":39.0},{"not_picked":["Dramatic Entrance","Finesse"],"picked":"Impatience","floor":39.0},{"not_picked":["Rebound+1","Rip and Tear"],"picked":"Hologram+1","floor":40.0},{"not_picked":["Doom and Gloom+1","FTL"],"picked":"Coolheaded+1","floor":42.0},{"not_picked":["Coolheaded","Gash"],"picked":"Barrage+1","floor":44.0},{"not_picked":["Streamline+1","Melter"],"picked":"Defragment","floor":45.0},{"not_picked":["BootSequence","Gash+1"],"picked":"Turbo","floor":46.0},{"not_picked":["Gash+1","Steam"],"picked":"Turbo+1","floor":47.0},{"not_picked":["Beam Cell+1","Barrage"],"picked":"Go for the Eyes","floor":48.0},{"not_picked":["FTL","Cold Snap+1"],"picked":"Heatsinks","floor":53.0},{"not_picked":["Rip and Tear","Force Field"],"picked":"Aggregate+1","floor":53.0},{"not_picked":["Barrage+1","Leap+1"],"picked":"Go for the Eyes+1","floor":53.0},{"not_picked":["All For One","Heatsinks"],"picked":"Double Energy+1","floor":53.0},{"not_picked":["Heatsinks","Steam"],"picked":"Coolheaded+1","floor":53.0},{"not_picked":["Rip and Tear+1","Go for the Eyes"],"picked":"Reinforced Body+1","floor":54.0}],"player_experience":179909,"relics_obtained":[{"floor":4.0,"key":"Mercury Hourglass"},{"floor":6.0,"key":"Strawberry"},{"floor":8.0,"key":"Tiny Chest"},{"floor":9.0,"key":"Happy Flower"},{"floor":10.0,"key":"Boot"},{"floor":21.0,"key":"Whetstone"},{"floor":23.0,"key":"Lantern"},{"floor":25.0,"key":"Girya"},{"floor":26.0,"key":"Singing Bowl"},{"floor":28.0,"key":"Smiling Mask"},{"floor":31.0,"key":"Omamori"},{"floor":40.0,"key":"Matryoshka"},{"floor":41.0,"key":"Sundial"},{"floor":41.0,"key":"Oddly Smooth Stone"},{"floor":42.0,"key":"Ginger"},{"floor":43.0,"key":"MealTicket"},{"floor":43.0,"key":"Bronze Scales"},{"floor":44.0,"key":"Shuriken"},{"floor":48.0,"key":"Ancient Tea Set"},{"floor":54.0,"key":"Anchor"}],"event_choices":[{"damage_healed":0.0,"max_hp_gain":0.0,"max_hp_loss":0.0,"gold_gain":175.0,"event_name":"Liars Game","player_choice":"AGREE","floor":2.0,"gold_loss":0.0,"damage_taken":0.0,"cards_obtained":["Doubt"]},{"damage_healed":0.0,"max_hp_gain":0.0,"max_hp_loss":0.0,"gold_gain":0.0,"cards_transformed":["Defend_B"],"event_name":"Living Wall","player_choice":"Change","floor":11.0,"gold_loss":0.0,"damage_taken":0.0,"cards_obtained":["Echo Form"]},{"damage_healed":0.0,"max_hp_gain":5.0,"max_hp_loss":0.0,"gold_gain":0.0,"event_name":"Forgotten Altar","player_choice":"Shed Blood","floor":19.0,"gold_loss":0.0,"damage_taken":19.0},{"damage_healed":0.0,"max_hp_gain":0.0,"max_hp_loss":0.0,"gold_gain":0.0,"event_name":"Accursed Blacksmith","player_choice":"Rummage","floor":29.0,"gold_loss":0.0,"damage_taken":0.0,"relics_obtained":["WarpedTongs"],"cards_obtained":["Pain"]},{"damage_healed":0.0,"max_hp_gain":0.0,"max_hp_loss":0.0,"gold_gain":0.0,"event_name":"Winding Halls","player_choice":"Embrace Madness","floor":36.0,"gold_loss":0.0,"damage_taken":10.0,"cards_obtained":["Madness","Madness"]},{"damage_healed":0.0,"max_hp_gain":0.0,"max_hp_loss":0.0,"gold_gain":0.0,"event_name":"SensoryStone","player_choice":"Memory 3","floor":39.0,"gold_loss":0.0,"damage_taken":10.0}],"is_beta":false,"boss_relics":[{"not_picked":["SacredBark","FrozenCore"],"picked":"Pandora\u0027s Box"},{"not_picked":["Inserter","SlaversCollar"],"picked":"Cursed Key"}],"items_purged_floors":[5,12,37,53],"is_endless":false,"potions_floor_spawned":[6,7,8,14,18,25,31,38,42,47,48],"ascension_level":2}}