{"host":"kabf61oc9jgfwufg","time":1609774957,"event":{"mods":["AchievementEnabler","Act Like it!","Aspiration","BaseMod","Conspire","GifTheSpireLib","Halation","HexUI Lib","Hubris","Infinite Spire","Minty Spire (QoL Compilation)","Pale of the Ancients","Rare Cards Sparkle","Replay The Spire","StSLib","The Jungle"],"gold_per_floor":[110,143,69,69,69,69,69],"floor_reached":6,"playtime":141,"items_purged":[],"score":32,"play_id":"b0849deb-aec1-4d2a-95de-5907d9597c7b","local_time":"20210104154237","is_ascension_mode":false,"campfire_choices":[],"circlet_count":0,"master_deck":["Strike_P","Strike_P","Strike_P","Strike_P","Defend_P","Defend_P","Defend_P","Defend_P","Eruption+1","Vigilance","Vengeance","EmptyFist","Replay:Hum","Regret"],"relics":["PureWater","halation:PrussianBluePaint","conspire:Flyswatter"],"acts_visited":["Exordium"],"potions_floor_usage":[],"damage_taken":[{"damage":0,"enemies":"2 Louse","floor":1,"turns":1},{"damage":37,"enemies":"conspire:MimicChest","floor":2,"turns":3},{"damage":55,"enemies":"Gremlin Nob","floor":6,"turns":3}],"seed_played":"-520999799803321447","potions_obtained":[],"is_trial":false,"path_per_floor":["M","?","$","?","?","E"],"character_chosen":"WATCHER","items_purchased":["Replay:Hum"],"campfire_rested":0,"item_purchase_floors":[3],"current_hp_per_floor":[72,35,35,35,35,0,0],"gold":69,"neow_bonus":"UPGRADE_CARD","is_daily":false,"chose_seed":false,"campfire_upgraded":0,"win_rate":0.0,"timestamp":1609774957,"path_taken":["M","?","$","?","?","E"],"items_purchased_type":["Card"],"build_version":"2020-12-22","purchased_purges":0,"victory":false,"max_hp_per_floor":[72,72,72,72,72,72,72],"card_choices":[{"not_picked":["ThirdEye","CutThroughFate"],"picked":"Vengeance","floor":1},{"not_picked":["Replay:ManipulateFuture","ThirdEye"],"picked":"EmptyFist","floor":2}],"player_experience":30600,"relics_obtained":[{"floor":2,"key":"halation:PrussianBluePaint"}],"event_choices":[{"damage_healed":0,"gold_gain":0,"player_choice":"Box","damage_taken":0,"relics_obtained":["conspire:Flyswatter"],"max_hp_gain":0,"max_hp_loss":0,"event_name":"Big Fish","floor":4,"gold_loss":0,"cards_obtained":["Regret"]},{"damage_healed":0,"gold_gain":0,"player_choice":"Upgraded","damage_taken":0,"max_hp_gain":0,"max_hp_loss":0,"event_name":"Upgrade Shrine","floor":5,"gold_loss":0,"cards_upgraded":["Regret"]}],"is_beta":false,"boss_relics":[],"items_purged_floors":[],"is_endless":false,"potions_floor_spawned":[],"killed_by":"Gremlin Nob","ascension_level":0}}