{"host":"2htowdb5wria0zm7","time":1609796527,"event":{"mods":["BaseMod","Better Third Choice","BetterRewards","Googly Eyes","Hyrulean Relics","Minty Spire (QoL Compilation)","StSLib"],"gold_per_floor":[110,110,110,124,135,135,162,162,162,197,197,216,234,234,234,339,339,356,356,133,152,152,152,180,196,196,215,230,230,246,280,280,380,380,393,9,19,72,72,99,99,117,172,172,172],"floor_reached":44,"playtime":2321,"items_purged":["Strike_B"],"score":688,"play_id":"75b29190-6c5b-4537-a9f6-d520bc7cafbe","local_time":"20210104164207","is_ascension_mode":false,"campfire_choices":[{"floor":6,"key":"REST"},{"floor":8,"key":"REST"},{"data":"Sunder","floor":11,"key":"SMITH"},{"floor":15,"key":"REST"},{"data":"Defragment","floor":23,"key":"SMITH"},{"floor":29,"key":"REST"},{"floor":32,"key":"REST"},{"floor":41,"key":"REST"}],"circlet_count":0,"master_deck":["Strike_B","Strike_B","Strike_B","Defend_B","Defend_B","Defend_B","Zap","Dualcast","Defragment+1","Sunder+1","Apotheosis+1","Capacitor+1","Metallicize+1","Buffer+1","Ball Lightning","Barrage","Sweeping Beam+1","Self Repair+1","Echo Form+1","Thunder Strike+1","Rebound+1","Defragment+1","Storm+1"],"relics":["Cracked Core","Orichalcum","Frozen Egg 2","Eternal Feather","Happy Flower","Velvet Choker","Runic Capacitor","Nloth\u0027s Gift","Letter Opener","Molten Egg 2","Pear","Nuclear Battery","Lee\u0027s Waffle","Pantograph","Emotion Chip","Bronze Scales","Dream Catcher"],"acts_visited":["Exordium","TheCity","TheBeyond"],"potions_floor_usage":[3,7,10,16,25,25,38,38,38,44],"damage_taken":[{"damage":10,"enemies":"Jaw Worm","floor":1,"turns":4},{"damage":0,"enemies":"Cultist","floor":4,"turns":3},{"damage":11,"enemies":"2 Louse","floor":5,"turns":2},{"damage":21,"enemies":"Gremlin Nob","floor":7,"turns":4},{"damage":12,"enemies":"Lagavulin","floor":10,"turns":5},{"damage":18,"enemies":"Exordium Thugs","floor":12,"turns":4},{"damage":8,"enemies":"Blue Slaver","floor":13,"turns":3},{"damage":7,"enemies":"The Guardian","floor":16,"turns":9},{"damage":0,"enemies":"Chosen","floor":18,"turns":5},{"damage":0,"enemies":"Shell Parasite","floor":21,"turns":4},{"damage":37,"enemies":"Book of Stabbing","floor":24,"turns":6},{"damage":11,"enemies":"Snake Plant","floor":25,"turns":4},{"damage":0,"enemies":"Cultist and Chosen","floor":27,"turns":4},{"damage":0,"enemies":"Centurion and Healer","floor":28,"turns":5},{"damage":10,"enemies":"Sentry and Sphere","floor":30,"turns":4},{"damage":29,"enemies":"Slavers","floor":31,"turns":4},{"damage":37,"enemies":"Automaton","floor":33,"turns":9},{"damage":0,"enemies":"3 Shapes","floor":35,"turns":5},{"damage":9,"enemies":"Orb Walker","floor":37,"turns":4},{"damage":43,"enemies":"2 Orb Walkers","floor":38,"turns":4},{"damage":46,"enemies":"Giant Head","floor":40,"turns":7},{"damage":35,"enemies":"Writhing Mass","floor":42,"turns":4},{"damage":53,"enemies":"Reptomancer","floor":44,"turns":3}],"seed_played":"6010922871399074988","potions_obtained":[{"floor":3,"key":"Fruit Juice"},{"floor":3,"key":"Energy Potion"},{"floor":3,"key":"SmokeBomb"},{"floor":7,"key":"LiquidMemories"},{"floor":12,"key":"AttackPotion"},{"floor":16,"key":"DuplicationPotion"},{"floor":21,"key":"EssenceOfSteel"},{"floor":25,"key":"Energy Potion"},{"floor":33,"key":"FocusPotion"},{"floor":35,"key":"PowerPotion"},{"floor":42,"key":"Fire Potion"}],"is_trial":false,"path_per_floor":["M","?","?","M","M","R","E","R","T","E","R","M","M","?","R","B",null,"M","?","$","M","?","R","E","M","T","M","M","R","M","E","R","B",null,"M","$","M","?","?","E","R","M","T","E"],"character_chosen":"DEFECT","items_purchased":["Singing Bowl","Defragment","Sunder","Runic Capacitor","Lee\u0027s Waffle","Pantograph"],"campfire_rested":6,"item_purchase_floors":[0,0,0,20,36,36],"current_hp_per_floor":[54,54,59,61,52,77,58,84,84,72,78,62,56,12,48,41,92,92,92,92,92,92,92,55,44,44,44,44,80,70,51,90,63,102,102,109,100,67,67,31,75,50,50,0,0],"gold":172,"neow_bonus":"","is_daily":false,"chose_seed":false,"campfire_upgraded":2,"win_rate":0.0,"timestamp":1609796527,"path_taken":["M","?","?","M","?","R","E","R","T","E","R","M","M","?","R","BOSS","M","?","$","M","?","R","E","M","T","M","M","R","?","E","R","BOSS","M","$","M","?","?","E","R","M","T","E"],"items_purchased_type":["Relic","Card","Card","Relic","Relic","Relic"],"build_version":"2020-12-22","purchased_purges":1,"victory":false,"max_hp_per_floor":[77,77,82,84,86,86,88,88,88,88,88,90,92,92,92,92,92,92,92,92,92,92,92,92,92,92,92,92,92,92,102,102,102,102,102,109,109,109,109,109,109,109,109,109,109],"card_choices":[{"not_picked":["Compile Driver","Cold Snap","Force Field"],"picked":"Singing Bowl","floor":1},{"not_picked":["Barrage","Streamline","Turbo"],"picked":"Singing Bowl","floor":4},{"not_picked":["Stack","Compile Driver","Cold Snap"],"picked":"Singing Bowl","floor":5},{"not_picked":["Go for the Eyes","Glacier","Aggregate"],"picked":"Singing Bowl","floor":7},{"not_picked":["Stack","Melter"],"picked":"Capacitor+1","floor":10},{"not_picked":["Go for the Eyes","Gash","Hologram"],"picked":"Singing Bowl","floor":12},{"not_picked":["Go for the Eyes","Reboot","Sunder"],"picked":"Singing Bowl","floor":13},{"not_picked":["Echo Form+1","Hyperbeam"],"picked":"Buffer+1","floor":16},{"not_picked":["Hologram+1","Gash"],"picked":"Ball Lightning","floor":18},{"not_picked":["Coolheaded","Tempest+1"],"picked":"Barrage","floor":21},{"not_picked":["Reinforced Body","Reprogram","Glacier+1"],"picked":"SKIP","floor":24},{"not_picked":["Hologram","Turbo","Barrage"],"picked":"SKIP","floor":25},{"not_picked":["Skim","Coolheaded+1"],"picked":"Sweeping Beam+1","floor":27},{"not_picked":["Stack","Sweeping Beam+1","Fission"],"picked":"SKIP","floor":28},{"not_picked":["Sweeping Beam+1","Cold Snap+1","Steam+1"],"picked":"SKIP","floor":30},{"not_picked":["Buffer+1","Skim"],"picked":"Self Repair+1","floor":31},{"not_picked":["Machine Learning+1","Amplify"],"picked":"Echo Form+1","floor":33},{"not_picked":["Turbo","Barrage+1"],"picked":"Thunder Strike+1","floor":35},{"not_picked":["Leap","Turbo"],"picked":"Rebound+1","floor":37},{"not_picked":["Genetic Algorithm+1","Buffer+1"],"picked":"Defragment+1","floor":38},{"not_picked":["Rainbow","Heatsinks+1"],"picked":"Storm+1","floor":40},{"not_picked":["Rebound+1","Sweeping Beam+1","Turbo"],"picked":"SKIP","floor":42}],"player_experience":490332,"relics_obtained":[{"floor":7,"key":"Orichalcum"},{"floor":9,"key":"Frozen Egg 2"},{"floor":10,"key":"Eternal Feather"},{"floor":24,"key":"Letter Opener"},{"floor":26,"key":"Molten Egg 2"},{"floor":31,"key":"Pear"},{"floor":38,"key":"Emotion Chip"},{"floor":40,"key":"Bronze Scales"},{"floor":43,"key":"Dream Catcher"}],"event_choices":[{"damage_healed":54,"gold_gain":0,"player_choice":"Embrace","damage_taken":0,"max_hp_gain":0,"max_hp_loss":77,"event_name":"betterThird:BetterShining","floor":2,"gold_loss":0},{"damage_healed":0,"gold_gain":0,"player_choice":"Got Potions","damage_taken":0,"max_hp_gain":0,"max_hp_loss":0,"event_name":"Lab","floor":3,"gold_loss":0},{"damage_healed":0,"gold_gain":0,"player_choice":"Ignored","damage_taken":0,"max_hp_gain":0,"max_hp_loss":0,"event_name":"Ghosts","floor":19,"gold_loss":0},{"damage_healed":0,"gold_gain":0,"player_choice":"Traded Relic","damage_taken":0,"relics_obtained":["Nloth\u0027s Gift"],"max_hp_gain":0,"max_hp_loss":0,"event_name":"N\u0027loth","floor":22,"relics_lost":["Singing Bowl"],"gold_loss":0},{"damage_healed":0,"gold_gain":0,"player_choice":"Fight","damage_taken":0,"max_hp_gain":0,"max_hp_loss":0,"event_name":"Mysterious Sphere","floor":38,"gold_loss":0},{"cards_removed":["Defend_B"],"damage_healed":0,"gold_gain":0,"player_choice":"Removed Skill","damage_taken":0,"max_hp_gain":0,"max_hp_loss":0,"event_name":"Falling","floor":39,"gold_loss":0}],"is_beta":false,"boss_relics":[{"not_picked":["Pandora\u0027s Box","Runic Pyramid"],"picked":"Velvet Choker"},{"not_picked":["Fusion Hammer","Astrolabe"],"picked":"Nuclear Battery"}],"items_purged_floors":[20],"is_endless":false,"potions_floor_spawned":[7,12,16,21,25,33,35,40,42],"killed_by":"Reptomancer","ascension_level":0}}