{"host":"h5acbxt0wmjo1kpm","time":1609746396,"event":{"mods":["2.2 Compatiblity","Act Like it!","AlwaysNeverKeys","Aspiration","Bard","Bartender","BaseMod","Better Third Choice","Colored Map","Elementarium","Gensokyo","GifTheSpireLib","Hallownest","Marisa????????","Menagerie","Minty Spire (QoL Compilation)","Permanent Neow","Potionbrewer","Relic Filter","Replay The Spire","Robot Space Explorer","RumiaBox-????????","Shade Mod","Spicy Shops","StSLib","Strawberry Spire","The Blackbeard","The Dragon Tamer","The Forsaken","The Gatherer","The Problem Sleuth","The Servant 0.9.4","Wandering Minibosses","vexMod"],"gold_per_floor":[115,115,115,115,129,129,154,154,177,191,226,113,113,122,122,173,173,179,188,197,197,205,205,212,225,237,246,246,266,273,279,279,330,330,336,336,336,341,346,346,358,358,358,146,162,167,46,52,52,52,52,52,52,72,72],"floor_reached":54,"playtime":2907,"items_purged":["Shame"],"score":1050,"play_id":"8a913fa3-52f0-4fc0-83ab-6faaf9f9eab9","local_time":"20210103234636","is_ascension_mode":true,"campfire_choices":[{"data":"Quick Slash","floor":6,"key":"SMITH"},{"data":"Shade:Brains","floor":8,"key":"SMITH"},{"data":"Shade:CommandSoldier","floor":13,"key":"SMITH"},{"data":"Shade:FreshBones","floor":15,"key":"SMITH"},{"data":"Shade:AnimateDead","floor":23,"key":"SMITH"},{"data":"Elementarium:WindblessedBlade","floor":32,"key":"SMITH"},{"data":"Shade:OfferingToTheBeyond","floor":40,"key":"SMITH"},{"data":"Shade:PoundOfFlesh","floor":42,"key":"SMITH"},{"floor":49,"key":"RECALL"},{"data":"Shade:SkeletonArmy","floor":52,"key":"SMITH"}],"circlet_count":0,"master_deck":["Shade:Strike_Shade","Shade:Defend_Shade","Shade:Defend_Shade","Shade:Defend_Shade","Shade:AnimateDead+1","Shade:CarefulCut+1","Shade:CommandSoldier+1","Quick Slash+1","Slice","Backstab+1","Shade:Brains+1","Shade:ClawBack+1","Shade:FeralStrike+1","Shade:FreshBones+1","Shade:SoulPierce+1","Shade:AncientSpear+1","Shade:Bonestorm+1","Shade:GraveStillness+1","Elementarium:WindblessedBlade+1","Shade:FleshLikeOak+1","Shade:StitchTogether+1","Shade:Frenzy+1","Clumsy","Shade:FeralStrike+1","wanderingMiniBosses:FinaleOfPromise+1","Shade:OfferingToTheBeyond+1","Shade:FuneraryArmor+1","Shade:Excise+1","Shade:PoundOfFlesh+1","Shade:SkeletonArmy+1","Shade:DarkOfNight","Shade:AuraOfUnlife","Shade:FleshLikeOak","Shade:Brains"],"relics":["Shade:YorickSkull","aspiration:Nostalgia","potionbrewer:PotionKit","MealTicket","Akabeko","Menagerie:Aurumvore","Cursed Key","aspiration:ChemicalBlood","Gremlin Horn","wanderingMiniBosses:Blackblade","Elementarium:ElementariumTrophy","Coffee Dripper","Baka2","potionbrewer:AlchemistFlask","aspiration:SeaSaltIceCream","vexMod:ImprovementManual","Ancient Tea Set"],"acts_visited":["Menagerie:Menagerie","Elementarium:Elementarium","Gensokyo:Gensokyoest","TheEnding"],"potions_floor_usage":[18,19,20,22,24,25,29,29,30,33,33,39,41,41,45,45,45,45,50,50,54],"damage_taken":[{"damage":2,"enemies":"Menagerie:StygianBoar","floor":1,"turns":3},{"damage":0,"enemies":"Menagerie:2_RABBITS","floor":5,"turns":1},{"damage":26,"enemies":"Menagerie:VoidReaper","floor":7,"turns":5},{"damage":0,"enemies":"Menagerie:WhisperingWraith","floor":10,"turns":1},{"damage":0,"enemies":"Menagerie:MOSSY_WILDLIFE","floor":11,"turns":1},{"damage":0,"enemies":"Menagerie:BEAST_MAGE_AND_PROWLING_AMALGAM","floor":14,"turns":4},{"damage":7,"enemies":"Menagerie:Chimera","floor":16,"turns":6},{"damage":18,"enemies":"Elementarium:VoidCorruption","floor":18,"turns":7},{"damage":16,"enemies":"Elementarium:MUD_AND_TAR_GOLEMS","floor":19,"turns":2},{"damage":0,"enemies":"Elementarium:RubyGolem","floor":20,"turns":1},{"damage":0,"enemies":"Elementarium:VOID_CORRUPTION_AND_TAR_GOLEM","floor":22,"turns":2},{"damage":7,"enemies":"Elementarium:VOID_CORRUPTION_AND_ORB_OF_FIRE","floor":24,"turns":6},{"damage":0,"enemies":"Elementarium:ElementalPortal","floor":25,"turns":4},{"damage":0,"enemies":"Elementarium:3_ELEMENTALS","floor":27,"turns":1},{"damage":0,"enemies":"Elementarium:FIRE_NOBILITY","floor":29,"turns":3},{"damage":0,"enemies":"Elementarium:STONE_GOLEMS","floor":30,"turns":4},{"damage":0,"enemies":"Elementarium:VOID_CORRUPTION_AND_ORB_OF_FIRE","floor":31,"turns":2},{"damage":0,"enemies":"Elementarium:GolemEmperor","floor":33,"turns":5},{"damage":0,"enemies":"Gensokyo:3_Bats","floor":35,"turns":1},{"damage":0,"enemies":"Gensokyo:AncientGuardian","floor":38,"turns":1},{"damage":0,"enemies":"Gensokyo:AtlasGolem","floor":39,"turns":2},{"damage":9,"enemies":"Gensokyo:Marisa","floor":41,"turns":4},{"damage":29,"enemies":"Gensokyo:Kasen","floor":45,"turns":8},{"damage":7,"enemies":"Gensokyo:Rafflesia","floor":46,"turns":4},{"damage":0,"enemies":"Gensokyo:Dusk_and_Dawn","floor":48,"turns":1},{"damage":18,"enemies":"Gensokyo:Scarlet_Devils","floor":50,"turns":4},{"damage":90,"enemies":"Shield and Spear","floor":54,"turns":2}],"seed_played":"6948871784754571600","potions_obtained":[{"floor":10,"key":"Explosive Potion"},{"floor":16,"key":"Adrenaline Potion"},{"floor":20,"key":"Strength Potion"},{"floor":22,"key":"potionbrewer:MidasPotion"},{"floor":24,"key":"Block Potion"},{"floor":29,"key":"potionbrewer:QuicksilverPotion"},{"floor":30,"key":"potionbrewer:CleansingPotion"},{"floor":31,"key":"AttackPotion"},{"floor":35,"key":"Fruit Juice"},{"floor":39,"key":"Explosive Potion"},{"floor":46,"key":"DuplicationPotion"}],"is_trial":false,"path_per_floor":["M","?","?","?","M","R","E","R","T","M","?","?","R","M","R","B",null,"M","M","M","?","M","R","M","E","T","M","?","E","M","M","R","B",null,"M","?","?","M","M","R","E","R","T","$","E","M","$","M","R","B",null,"R","$","E"],"character_chosen":"SHADE","items_purchased":["aspiration:SeaSaltIceCream","Shade:SkeletonArmy","Shade:FleshLikeOak"],"campfire_rested":0,"item_purchase_floors":[44,44,47],"current_hp_per_floor":[57,57,57,52,52,52,26,26,26,26,26,26,26,26,26,19,54,36,30,30,30,30,30,23,23,23,23,31,31,41,41,41,51,68,68,68,68,68,78,78,78,78,78,78,49,32,47,47,47,29,72,72,86,0,0],"gold":72,"neow_bonus":"NOSTALGIA","is_daily":false,"chose_seed":false,"campfire_upgraded":9,"win_rate":0.0,"timestamp":1609746396,"path_taken":["M","?","?","?","M","R","E","R","T","M","?","?","R","M","R","BOSS","M","?","M","?","M","R","M","E","T","M","?","E","M","?","R","BOSS","M","?","?","M","M","R","E","R","T","$","E","?","?","?","R","BOSS","R","$","E"],"items_purchased_type":["Relic","Card","Card"],"build_version":"2020-12-22","purchased_purges":1,"victory":false,"max_hp_per_floor":[65,65,65,65,65,65,65,65,65,65,65,65,65,65,65,65,65,65,65,65,65,65,65,65,65,65,65,73,73,73,73,73,73,73,73,73,73,73,78,78,78,78,78,78,78,86,86,86,86,86,86,86,86,86,86],"card_choices":[{"not_picked":["Shade:GraveStillness","Shade:OpenGraves"],"picked":"Shade:CommandSoldier","floor":1},{"not_picked":["Shade:GreyBargain","Shade:SpectralStrikes"],"picked":"Shade:Brains","floor":5},{"not_picked":["Shade:RitualOffering","Shade:PotionOfRestlessness"],"picked":"Shade:ClawBack","floor":7},{"not_picked":["Shade:FleshToFlesh","Shade:ExtraLimbs"],"picked":"Shade:FeralStrike","floor":10},{"not_picked":["Shade:Premonition","Shade:LoseControl"],"picked":"Shade:FreshBones","floor":14},{"not_picked":["Shade:LastGasp","Shade:MadHubris"],"picked":"Shade:SoulPierce","floor":16},{"not_picked":["Shade:TouchOfTheGrave","Shade:CloudOfShrapnel"],"picked":"Shade:AncientSpear+1","floor":18},{"not_picked":["Shade:Excise","Shade:StitchTogether+1"],"picked":"Shade:Bonestorm+1","floor":19},{"not_picked":["Shade:Carnophage","Shade:WallOfFlesh+1"],"picked":"Shade:GraveStillness+1","floor":20},{"not_picked":["Shade:FreshBones+1","Shade:GoDigging+1"],"picked":"Shade:FleshLikeOak+1","floor":22},{"not_picked":["Shade:Awaken","Shade:ExtraLimbs"],"picked":"Shade:StitchTogether+1","floor":24},{"not_picked":["Shade:Bonestorm","Shade:FreshBones"],"picked":"Shade:Frenzy+1","floor":25},{"not_picked":["Shade:CommandSoldier","Shade:GraveStillness","Shade:Frenzy"],"picked":"SKIP","floor":27},{"not_picked":["Shade:ExtraLimbs","Shade:SanguineRitual"],"picked":"Shade:FeralStrike+1","floor":29},{"not_picked":[],"picked":"wanderingMiniBosses:FinaleOfPromise","floor":30},{"not_picked":["Shade:WallOfFlesh","Shade:DangerousRitual","Shade:SoulToxin"],"picked":"SKIP","floor":30},{"not_picked":["Shade:SpontaneousRitual","Shade:CoffinDance","Shade:SkeletonHug"],"picked":"SKIP","floor":31},{"not_picked":["Shade:OneIsEnough","Shade:Consume"],"picked":"Shade:OfferingToTheBeyond","floor":33},{"not_picked":["Shade:CoffinDance","Shade:Trample+1"],"picked":"Shade:FuneraryArmor+1","floor":35},{"not_picked":["Shade:BoneShards","Shade:WallOfFlesh"],"picked":"Shade:Excise+1","floor":38},{"not_picked":["Shade:WallOfFlesh+1","Shade:CommandSoldier","Shade:FingerOfDeath"],"picked":"SKIP","floor":39},{"not_picked":["Shade:CommandSoldier+1","Shade:Doomsay+1"],"picked":"Shade:PoundOfFlesh","floor":41},{"not_picked":["Shade:CoffinDance","Shade:GreyBargain"],"picked":"Shade:DarkOfNight","floor":45},{"not_picked":["Shade:PoundOfFlesh","Shade:RitualOffering"],"picked":"Shade:AuraOfUnlife","floor":46},{"not_picked":["Shade:BoneShards+1","Shade:Premonition+1"],"picked":"Shade:Brains","floor":48}],"player_experience":2030659,"relics_obtained":[{"floor":1,"key":"Baka"},{"floor":7,"key":"MealTicket"},{"floor":9,"key":"Akabeko"},{"floor":25,"key":"aspiration:ChemicalBlood"},{"floor":29,"key":"Gremlin Horn"},{"floor":30,"key":"wanderingMiniBosses:Blackblade"},{"floor":41,"key":"Baka2"},{"floor":41,"key":"potionbrewer:AlchemistFlask"},{"floor":45,"key":"Ancient Tea Set"}],"event_choices":[{"cards_removed":["Shade:Defend_Shade"],"damage_healed":0,"gold_gain":0,"player_choice":"Snake","damage_taken":0,"max_hp_gain":0,"max_hp_loss":0,"event_name":"Menagerie:ThreeAnimals","floor":3,"gold_loss":0},{"damage_healed":0,"gold_gain":0,"player_choice":"Accept","damage_taken":0,"max_hp_gain":0,"max_hp_loss":5,"event_name":"Menagerie:HarrowingRitual","floor":4,"gold_loss":0,"cards_upgraded":["Shade:CarefulCut"]},{"damage_healed":0,"gold_gain":0,"player_choice":"Detour","damage_taken":0,"max_hp_gain":0,"max_hp_loss":0,"event_name":"Menagerie:MossyPath","floor":11,"gold_loss":0},{"damage_healed":0,"gold_gain":0,"player_choice":"Pacify","damage_taken":0,"relics_obtained":["Menagerie:Aurumvore"],"max_hp_gain":0,"max_hp_loss":0,"event_name":"Menagerie:ScentOfGold","floor":12,"gold_loss":0},{"damage_healed":0,"gold_gain":0,"player_choice":"Take","damage_taken":0,"max_hp_gain":0,"max_hp_loss":0,"event_name":"Elementarium:BladeSeller","floor":21,"gold_loss":0,"cards_obtained":["Elementarium:WindblessedBlade"]},{"damage_healed":0,"gold_gain":0,"player_choice":"Graft","damage_taken":0,"max_hp_gain":8,"max_hp_loss":0,"event_name":"Elementarium:SculptureGarden","floor":28,"gold_loss":0}],"is_beta":false,"boss_relics":[{"not_picked":["aspiration:ServantSkillbook","strawberrySpire:Dictionifier"],"picked":"Cursed Key"},{"not_picked":["aspiration:WatcherSkillbook","Snecko Eye"],"picked":"Coffee Dripper"}],"items_purged_floors":[44],"is_endless":false,"potions_floor_spawned":[10,16,20,22,24,29,30,31,35,39,46],"killed_by":"Shield and Spear","ascension_level":6}}