{"host":"hfxp6ue4pvwo3fit","time":1609773877,"event":{"mods":["AchievementEnabler","BaseMod","Colored Map","Colored Powertips","Highlight Path","Minty Spire (QoL Compilation)","Relic Stats","StSLib","SuperFastMode"],"gold_per_floor":[99,99,99,59,59,59,59,59,59,59,59,59,59,24,24,24,24,24,24,0,0,0,0,0],"floor_reached":23,"playtime":792,"items_purged":[],"score":422,"play_id":"89184297-2471-42ef-9d5e-18a4827b3fee","local_time":"20210104092437","is_ascension_mode":true,"campfire_choices":[{"data":"Crippling Poison","floor":7,"key":"SMITH"},{"floor":11,"key":"REST"},{"data":"Poisoned Stab","floor":15,"key":"SMITH"}],"circlet_count":0,"master_deck":["AscendersBane","Strike_G","Strike_G","Strike_G","Strike_G","Defend_G","Defend_G","Defend_G","Defend_G","Defend_G","Survivor","Neutralize","Dagger Spray","PiercingWail","Quick Slash","Acrobatics","Crippling Poison+1","Heel Hook","Backflip","Poisoned Stab+1","Sucker Punch","Envenom","Reflex+1","Deadly Poison","Dagger Throw"],"relics":["Ectoplasm","Dream Catcher","Lantern","MealTicket","Ninja Scroll","HoveringKite"],"acts_visited":["Exordium","TheCity"],"potions_floor_usage":[10,16,16,23],"damage_taken":[{"damage":4,"enemies":"Small Slimes","floor":1,"turns":5},{"damage":0,"enemies":"2 Louse","floor":2,"turns":3},{"damage":0,"enemies":"Cultist","floor":3,"turns":4},{"damage":3,"enemies":"Looter","floor":4,"turns":4},{"damage":0,"enemies":"3 Louse","floor":5,"turns":3},{"damage":45,"enemies":"Gremlin Nob","floor":6,"turns":5},{"damage":28,"enemies":"Lagavulin","floor":10,"turns":9},{"damage":1,"enemies":"2 Fungi Beasts","floor":12,"turns":3},{"damage":15,"enemies":"3 Sentries","floor":13,"turns":9},{"damage":9,"enemies":"Hexaghost","floor":16,"turns":8},{"damage":13,"enemies":"Shell Parasite","floor":18,"turns":5},{"damage":3,"enemies":"2 Thieves","floor":20,"turns":4},{"damage":26,"enemies":"Shelled Parasite and Fungi","floor":21,"turns":6},{"damage":12,"enemies":"Slavers","floor":23,"turns":1}],"seed_played":"-2476263006989860656","potions_obtained":[{"floor":3,"key":"FairyPotion"},{"floor":6,"key":"DuplicationPotion"},{"floor":10,"key":"SkillPotion"},{"floor":13,"key":"Poison Potion"},{"floor":16,"key":"LiquidMemories"},{"floor":20,"key":"AttackPotion"}],"is_trial":false,"path_per_floor":["M","M","M","M","M","E","R","?","T","E","R","M","E","?","R","B",null,"M","?","M","M","?","E"],"character_chosen":"THE_SILENT","items_purchased":[],"campfire_rested":1,"item_purchase_floors":[],"current_hp_per_floor":[55,55,55,52,52,7,7,7,7,8,27,26,11,27,27,18,54,41,41,38,12,12,0,0],"gold":0,"neow_bonus":"BOSS_RELIC","is_daily":false,"chose_seed":false,"campfire_upgraded":2,"win_rate":0.0,"timestamp":1609773877,"path_taken":["M","M","M","M","M","E","R","?","T","E","R","M","E","?","R","BOSS","M","?","M","?","?","E"],"items_purchased_type":[],"build_version":"2020-12-22","purchased_purges":0,"victory":false,"max_hp_per_floor":[66,66,66,66,66,66,66,66,66,66,66,66,66,66,66,66,66,66,66,66,66,66,66,66],"relic_stats":{"Dream Catcher":1,"counters":[14,69],"HoveringKite":[5],"MealTicket":0,"Ectoplasm":321,"obtain_stats":[{"Dream Catcher":6,"Lantern":9,"Ninja Scroll":13,"HoveringKite":17,"MealTicket":10,"Ectoplasm":0,"Ring of the Snake":0},{"Dream Catcher":6,"Lantern":6,"Ninja Scroll":9,"HoveringKite":10,"MealTicket":7,"Ectoplasm":0,"Ring of the Snake":0},{"Dream Catcher":24,"Lantern":24,"Ninja Scroll":45,"HoveringKite":53,"MealTicket":33,"Ectoplasm":0,"Ring of the Snake":0}]},"card_choices":[{"not_picked":["Flying Knee","Underhanded Strike"],"picked":"Dagger Spray","floor":1},{"not_picked":["Expertise","Escape Plan"],"picked":"PiercingWail","floor":2},{"not_picked":["Prepared","Dagger Spray"],"picked":"Quick Slash","floor":3},{"not_picked":["Bane","PiercingWail"],"picked":"Acrobatics","floor":4},{"not_picked":["Deflect","Bane","Tools of the Trade"],"picked":"SKIP","floor":5},{"not_picked":["A Thousand Cuts","PiercingWail"],"picked":"Crippling Poison","floor":6},{"not_picked":["Well Laid Plans","Blur"],"picked":"Heel Hook","floor":10},{"not_picked":["Acrobatics","Bane"],"picked":"Backflip","floor":11},{"not_picked":["Expertise","Acrobatics"],"picked":"Poisoned Stab","floor":12},{"not_picked":["Phantasmal Killer","Outmaneuver"],"picked":"Sucker Punch","floor":13},{"not_picked":["Grand Finale","Burst"],"picked":"Envenom","floor":16},{"not_picked":["Deflect","Tactician"],"picked":"Reflex+1","floor":18},{"not_picked":["Infinite Blades","Backflip"],"picked":"Deadly Poison","floor":20},{"not_picked":["Bane","Glass Knife"],"picked":"Dagger Throw","floor":21}],"player_experience":473789,"relics_obtained":[{"floor":6,"key":"Dream Catcher"},{"floor":9,"key":"Lantern"},{"floor":10,"key":"MealTicket"},{"floor":13,"key":"Ninja Scroll"}],"event_choices":[{"damage_healed":0,"gold_gain":0,"player_choice":"Ignored","damage_taken":0,"max_hp_gain":0,"max_hp_loss":0,"event_name":"Golden Wing","floor":8,"gold_loss":0},{"damage_healed":16,"gold_gain":0,"player_choice":"Healed","damage_taken":0,"max_hp_gain":0,"max_hp_loss":0,"event_name":"The Cleric","floor":14,"gold_loss":35},{"cards_removed":["Strike_G"],"damage_healed":0,"gold_gain":0,"player_choice":"Offered Basic","damage_taken":0,"max_hp_gain":0,"max_hp_loss":0,"event_name":"Bonfire Elementals","floor":19,"gold_loss":0},{"damage_healed":0,"gold_gain":0,"player_choice":"Ignored","damage_taken":0,"max_hp_gain":0,"max_hp_loss":0,"event_name":"The Mausoleum","floor":22,"gold_loss":0}],"is_beta":false,"boss_relics":[{"not_picked":["SacredBark","Cursed Key"],"picked":"HoveringKite"}],"items_purged_floors":[],"is_endless":false,"potions_floor_spawned":[3,6,10,13,16,20,21],"killed_by":"Slavers","ascension_level":20}}