{"host":"n3pcl7mteoua0i12","time":1609738240,"event":{"mods":["BaseMod","Bestiary","Curses Come First","Googly Eyes","Minty Spire (QoL Compilation)","StSLib","The Factory","The Jungle","The Necromancer"],"gold_per_floor":[116,133,233,253,268,297,297,308,354,354,386,400,419,430,430,531,531,545,564,578,593,609,609,649,649,649,406,424,456,456,479,479,577,577,589,604,614,639,237,276,276,300,326,350,369,369,117,176,176,176],"floor_reached":51,"playtime":2301,"items_purged":["Strike_W"],"score":839,"play_id":"ef1461b0-5c30-49a9-9b30-aaeb7ff77df4","local_time":"20210103213040","is_ascension_mode":false,"campfire_choices":[{"data":"Death_March_Dance","floor":7,"key":"SMITH"},{"data":"Blood_Curse","floor":10,"key":"SMITH"},{"floor":15,"key":"REST"},{"data":"Pandemic","floor":23,"key":"SMITH"},{"data":"Siphon_Strength","floor":25,"key":"SMITH"},{"data":"Negative_Energy_Mist","floor":30,"key":"SMITH"},{"floor":32,"key":"REST"},{"data":"Summon_Undead","floor":41,"key":"SMITH"},{"floor":49,"key":"REST"}],"circlet_count":0,"master_deck":["Negative_Energy_Arrows","Bone_Wall","Siphon_Strength+1","Death_March_Dance+1","Blood_Curse+1","Summon_Undead+1","Death_Knell+1","Pandemic+1","Negative_Energy_Shield+1","Death_March_Dance+1","Negative_Energy_Mist+1","Negative_Energy_Shield","Bone_Armor+1","Blood_Curse+1","Negative_Energy_Mist+1","Bone_Spikes+1","Negative_Energy_Shield+1","Spectral_Walk","Toxic_Smoke_Screen","Negative_Energy_Shield","Bone_Bullets+1"],"relics":["Busted Crown","Smiling Mask","Strawberry","Molten Egg 2","Runic Pyramid","CeramicFish","Bottled Flame","ClockworkSouvenir","Regal Pillow","Pandora\u0027s Box","Ornamental Fan","Sling","PreservedInsect","Bag of Marbles","Bottled Lightning","StoneCalendar"],"acts_visited":["Exordium","TheCity","TheBeyond"],"potions_floor_usage":[24],"damage_taken":[{"damage":0,"enemies":"Jaw Worm","floor":1,"turns":4},{"damage":0,"enemies":"Cultist","floor":2,"turns":3},{"damage":9,"enemies":"Small Slimes","floor":4,"turns":3},{"damage":4,"enemies":"Blue Slaver","floor":5,"turns":4},{"damage":20,"enemies":"3 Sentries","floor":6,"turns":9},{"damage":9,"enemies":"2 Fungi Beasts","floor":8,"turns":2},{"damage":4,"enemies":"Gremlin Nob","floor":11,"turns":3},{"damage":0,"enemies":"Red Slaver","floor":12,"turns":2},{"damage":0,"enemies":"Lots of Slimes","floor":13,"turns":3},{"damage":18,"enemies":"Large Slime","floor":14,"turns":6},{"damage":7,"enemies":"Hexaghost","floor":16,"turns":8},{"damage":0,"enemies":"Chosen","floor":18,"turns":3},{"damage":1,"enemies":"Shell Parasite","floor":19,"turns":3},{"damage":3,"enemies":"Snecko","floor":20,"turns":4},{"damage":5,"enemies":"Cultist and Chosen","floor":21,"turns":4},{"damage":9,"enemies":"Shelled Parasite and Fungi","floor":22,"turns":4},{"damage":16,"enemies":"Slavers","floor":24,"turns":5},{"damage":0,"enemies":"Snecko","floor":28,"turns":3},{"damage":2,"enemies":"Book of Stabbing","floor":29,"turns":4},{"damage":8,"enemies":"Centurion and Healer","floor":31,"turns":4},{"damage":28,"enemies":"Collector","floor":33,"turns":10},{"damage":17,"enemies":"3 Darklings","floor":35,"turns":4},{"damage":0,"enemies":"3 Shapes","floor":36,"turns":4},{"damage":9,"enemies":"Transient","floor":37,"turns":5},{"damage":3,"enemies":"Sphere and 2 Shapes","floor":38,"turns":7},{"damage":3,"enemies":"Nemesis","floor":40,"turns":3},{"damage":1,"enemies":"Writhing Mass","floor":42,"turns":3},{"damage":0,"enemies":"3 Darklings","floor":44,"turns":4},{"damage":0,"enemies":"Spire Growth","floor":45,"turns":2},{"damage":0,"enemies":"Mind Bloom Boss Battle","floor":48,"turns":5},{"damage":1,"enemies":"Time Eater","floor":50,"turns":10}],"seed_played":"-7795711541091222283","potions_obtained":[{"floor":1,"key":"FairyPotion"},{"floor":11,"key":"SteroidPotion"},{"floor":12,"key":"EssenceOfSteel"},{"floor":24,"key":"SmokeBomb"},{"floor":35,"key":"LiquidMemories"}],"is_trial":false,"path_per_floor":["M","M","?","M","M","E","R","M","T","R","E","M","M","M","R","B",null,"M","M","M","M","M","R","E","R","T","$","M","E","R","M","R","B",null,"M","M","M","M","$","E","R","M","T","M","M","?","$","?","R","B",null],"character_chosen":"NECROMANCER","items_purchased":["Blood_Curse+1","ClockworkSouvenir","Ornamental Fan","Sling","Bottled Lightning"],"campfire_rested":3,"item_purchase_floors":[27,27,39,39,47],"current_hp_per_floor":[75,75,75,66,62,42,42,33,40,40,36,36,36,18,42,35,82,82,81,78,79,70,70,57,57,57,57,57,55,55,47,82,54,82,65,65,56,53,53,53,53,52,52,52,52,52,52,52,82,81],"gold":176,"neow_bonus":"BOSS_RELIC","is_daily":false,"chose_seed":false,"campfire_upgraded":6,"win_rate":0.0,"timestamp":1609738240,"path_taken":["M","M","?","M","M","E","R","M","T","R","E","M","M","M","R","BOSS","M","M","M","M","M","R","E","R","T","$","M","E","R","M","R","BOSS","M","?","M","M","$","E","R","M","T","M","M","?","$","?","R","BOSS"],"items_purchased_type":["Card","Relic","Relic","Relic","Relic"],"build_version":"2020-12-22","purchased_purges":1,"victory":true,"max_hp_per_floor":[75,75,75,75,75,75,75,75,82,82,82,82,82,82,82,82,82,82,82,82,82,82,82,82,82,82,82,82,82,82,82,82,82,82,82,82,82,82,82,82,82,82,82,82,82,82,82,82,82,82],"card_choices":[{"not_picked":[],"picked":"Siphon_Strength","floor":1},{"not_picked":[],"picked":"Death_March_Dance","floor":2},{"not_picked":[],"picked":"Blood_Curse","floor":4},{"not_picked":["Corrupt"],"picked":"SKIP","floor":5},{"not_picked":["Flesh_Made_Foul"],"picked":"SKIP","floor":6},{"not_picked":[],"picked":"Summon_Undead","floor":8},{"not_picked":["Necromantic_Selection"],"picked":"SKIP","floor":11},{"not_picked":[],"picked":"Death_Knell+1","floor":12},{"not_picked":[],"picked":"Pandemic","floor":13},{"not_picked":["Pandemic"],"picked":"SKIP","floor":14},{"not_picked":[],"picked":"Negative_Energy_Shield+1","floor":18},{"not_picked":[],"picked":"Death_March_Dance+1","floor":19},{"not_picked":[],"picked":"Negative_Energy_Mist","floor":20},{"not_picked":["Toxic_Smoke_Screen+1"],"picked":"SKIP","floor":21},{"not_picked":[],"picked":"Negative_Energy_Shield","floor":22},{"not_picked":[],"picked":"Bone_Armor+1","floor":24},{"not_picked":["Toxic_Smoke_Screen+1"],"picked":"SKIP","floor":28},{"not_picked":["Death_Knell+1"],"picked":"SKIP","floor":29},{"not_picked":[],"picked":"Negative_Energy_Mist+1","floor":31},{"not_picked":["Bone_Shift"],"picked":"SKIP","floor":35},{"not_picked":["Negative_Energy_Mist"],"picked":"SKIP","floor":36},{"not_picked":["Death_Coil+1"],"picked":"SKIP","floor":37},{"not_picked":[],"picked":"Bone_Spikes+1","floor":38},{"not_picked":[],"picked":"Negative_Energy_Shield+1","floor":40},{"not_picked":[],"picked":"Spectral_Walk","floor":42},{"not_picked":[],"picked":"Toxic_Smoke_Screen","floor":44},{"not_picked":[],"picked":"Negative_Energy_Shield","floor":45},{"not_picked":[],"picked":"Bone_Bullets+1","floor":48}],"player_experience":417664,"relics_obtained":[{"floor":6,"key":"Smiling Mask"},{"floor":9,"key":"Strawberry"},{"floor":11,"key":"Molten Egg 2"},{"floor":24,"key":"CeramicFish"},{"floor":26,"key":"Bottled Flame"},{"floor":29,"key":"Regal Pillow"},{"floor":40,"key":"PreservedInsect"},{"floor":43,"key":"Bag of Marbles"},{"floor":48,"key":"StoneCalendar"}],"event_choices":[{"damage_healed":0,"gold_gain":100,"player_choice":"Gold","damage_taken":0,"max_hp_gain":0,"max_hp_loss":0,"event_name":"Wheel of Change","floor":3,"gold_loss":0},{"damage_healed":0,"gold_gain":0,"player_choice":"Ignored","damage_taken":0,"max_hp_gain":0,"max_hp_loss":0,"event_name":"Tomb of Lord Red Mask","floor":46,"gold_loss":0},{"damage_healed":0,"gold_gain":0,"player_choice":"Fight","damage_taken":0,"max_hp_gain":0,"max_hp_loss":0,"event_name":"MindBloom","floor":48,"gold_loss":0}],"is_beta":false,"boss_relics":[{"not_picked":["Black Star","Snecko Eye"],"picked":"Runic Pyramid"},{"not_picked":["SlaversCollar","SacredBark"],"picked":"Pandora\u0027s Box"}],"items_purged_floors":[27],"is_endless":false,"potions_floor_spawned":[1,11,12,14,16,18,20,24,28,29,35,37,38,45],"ascension_level":0}}