{"host":"54vghy6hfkyy1r39","time":1609719865,"event":{"mods":["AchievementEnabler","BaseMod","Minty Spire (QoL Compilation)","StSLib","SuperFastMode","everything is the same but u backflip on backflip"],"gold_per_floor":[117,117,117,117,117,117,133,177,177,20,34,34,54,54,329,329,329,329],"floor_reached":17,"playtime":316,"items_purged":[],"score":113,"play_id":"90cc0e14-3089-4a01-b0a6-c4eb2131cb61","local_time":"20210104092425","is_ascension_mode":true,"campfire_choices":[{"floor":6,"key":"REST"},{"floor":16,"key":"REST"}],"circlet_count":0,"master_deck":["Strike_R","Strike_R","Strike_R","Defend_R","Defend_R","Defend_R","Defend_R","Bash","Wild Strike","Armaments","Metallicize","Limit Break","Sword Boomerang+1","Regret"],"relics":["Burning Blood","Nunchaku","Golden Idol","Molten Egg 2","Bottled Flame"],"acts_visited":["Exordium"],"potions_floor_usage":[],"damage_taken":[{"damage":15.0,"enemies":"Jaw Worm","floor":1.0,"turns":5.0},{"damage":3,"enemies":"Small Slimes","floor":7,"turns":4},{"damage":55,"enemies":"Gremlin Nob","floor":8,"turns":6},{"damage":7,"enemies":"2 Louse","floor":11,"turns":3},{"damage":19,"enemies":"Large Slime","floor":13,"turns":6},{"damage":38,"enemies":"Hexaghost","floor":17,"turns":10}],"seed_played":"732370834983840153","potions_obtained":[{"floor":8,"key":"SpeedPotion"}],"is_trial":false,"path_per_floor":["M","?","?","?","?","R","M","E","T","$","M","$","M","?","?","R","B"],"character_chosen":"IRONCLAD","items_purchased":["Limit Break"],"campfire_rested":2,"item_purchase_floors":[10],"current_hp_per_floor":[71,76,76,69,48,73,76,27,27,27,26,26,13,13,13,38,0,0],"gold":329,"neow_bonus":"RANDOM_COMMON_RELIC","is_daily":false,"chose_seed":false,"campfire_upgraded":0,"win_rate":0.0,"timestamp":1609719865,"path_taken":["M","?","?","?","?","R","M","E","T","$","M","$","?","?","?","R","BOSS"],"items_purchased_type":["Card"],"build_version":"2020-12-22","purchased_purges":0,"victory":false,"max_hp_per_floor":[80,85,85,85,85,85,85,85,85,85,85,85,85,85,85,85,85,85],"card_choices":[{"not_picked":["Combust","Cleave"],"picked":"Wild Strike","floor":1},{"not_picked":["Iron Wave","Clash"],"picked":"Armaments","floor":7},{"not_picked":["Flex","Dual Wield"],"picked":"Metallicize","floor":8},{"not_picked":["Warcry","Carnage+1","Twin Strike+1"],"picked":"SKIP","floor":11},{"not_picked":["Hemokinesis+1","Bloodletting"],"picked":"Sword Boomerang+1","floor":13}],"player_experience":178398,"relics_obtained":[{"floor":8,"key":"Molten Egg 2"},{"floor":9,"key":"Bottled Flame"}],"event_choices":[{"damage_healed":0,"gold_gain":0,"player_choice":"Donut","damage_taken":0,"max_hp_gain":5,"max_hp_loss":0,"event_name":"Big Fish","floor":2,"gold_loss":0},{"cards_removed":["Strike_R"],"damage_healed":0,"gold_gain":0,"player_choice":"Forget","damage_taken":0,"max_hp_gain":0,"max_hp_loss":0,"event_name":"Living Wall","floor":3,"gold_loss":0},{"cards_removed":["Strike_R"],"damage_healed":0,"gold_gain":0,"player_choice":"Card Removal","damage_taken":7,"max_hp_gain":0,"max_hp_loss":0,"event_name":"Golden Wing","floor":4,"gold_loss":0},{"damage_healed":0,"gold_gain":0,"player_choice":"Take Damage","damage_taken":21,"relics_obtained":["Golden Idol"],"max_hp_gain":0,"max_hp_loss":0,"event_name":"Golden Idol","floor":5,"gold_loss":0},{"damage_healed":0,"gold_gain":275,"player_choice":"Desecrate","damage_taken":0,"max_hp_gain":0,"max_hp_loss":0,"event_name":"Golden Shrine","floor":15,"gold_loss":0,"cards_obtained":["Regret"]}],"is_beta":false,"boss_relics":[],"items_purged_floors":[],"is_endless":false,"potions_floor_spawned":[8],"killed_by":"Hexaghost","ascension_level":2}}