{"host":"6z83uzbynvfpq20b","time":1609793333,"event":{"mods":["2.2 Compatiblity","Act Like it!","Aspiration","BaseMod","Beaked The Cultist","Better Note","BetterRewards","Clawfect","Conjunction","Conspire","Downfall","Energized Spire","Friendly Minions","GifTheSpireLib","Googly Eyes","Halation","Hallownest","Highlight Path","HololiveMod","Hubris","Hyrulean Relics","Infinite Spire","Ironclad Rager","Jedi Mod","LagranYue(???·?)","Lobotomy","Marisa????????","Marked Mod","Minty Spire (QoL Compilation)","Permanent Neow","Quarter Circle Forward PUNCH!","Quick Restart","READ ME - Snecko Mod","Rare Cards Sparkle","RatMod","Replay The Spire","Shop Mod","Small Relic Pack","Somnambulant","Spikes Relics","Spire Birthday Party","StSLib","Stuff the Spire","The Animator","The Construct","The Cursed","The Disciple","The Factory","The Hierophant","The Jungle","The Runesmith","The Servant 0.9.4","TheBandit","Trackpad","Unceasing Turn Reminder","Yuri Mod","[JumpMod]????","everything is the same but u backflip on backflip","slay the spire mod where everything is the same but ironclad has a cowboy hat","vexMod"],"gold_per_floor":[11,11,23,43,59,59,59,86,86,86,104,114,114,131,131,234,234,250,250,250,265,20,20,20,20],"floor_reached":24,"playtime":1168,"items_purged":[],"score":198,"play_id":"a8847d20-f8bd-44f8-9a7b-989f421ad636","local_time":"20210104214853","is_ascension_mode":false,"campfire_choices":[{"data":"Anger","floor":6,"key":"SMITH"},{"data":"Bash","floor":10,"key":"SMITH"},{"data":"Heavy Blade","floor":13,"key":"SMITH"},{"floor":15,"key":"RECALL"}],"circlet_count":0,"master_deck":["Bash+1","Twin Strike","Twin Strike","Twin Strike","Twin Strike","Iron Wave","Iron Wave","Iron Wave","Iron Wave","Anger+1","Heavy Blade+1","Sword Boomerang+1","Looming Evil"],"relics":["Burning Blood","HowToJump","LagranYue:RandomDrawCardRelic","StuffTheSpire:Experiment12","infinitespire:ShieldingShard","Hololive_Finger","infinitespire:EmpoweringShard","Ring of Searing","Ring of Panic"],"acts_visited":["Exordium","TheCity"],"potions_floor_usage":[],"damage_taken":[{"damage":7,"enemies":"2 Louse","floor":1,"turns":2},{"damage":0,"enemies":"Cultist","floor":3,"turns":3},{"damage":0,"enemies":"infinitespire:Voidling","floor":4,"turns":2},{"damage":0,"enemies":"Blue Slaver","floor":5,"turns":3},{"damage":14,"enemies":"3 Sentries","floor":8,"turns":6},{"damage":0,"enemies":"Large Slime","floor":11,"turns":4},{"damage":0,"enemies":"Exordium Thugs","floor":12,"turns":3},{"damage":0,"enemies":"2 Fungi Beasts","floor":14,"turns":2},{"damage":39,"enemies":"Hexaghost","floor":16,"turns":8},{"damage":4,"enemies":"Shell Parasite","floor":18,"turns":3},{"damage":0,"enemies":"conspire:FuzzyDice","floor":21,"turns":4},{"damage":0,"enemies":"conspire:SneckoGhost","floor":24,"turns":1}],"seed_played":"8964629073959543112","potions_obtained":[{"floor":3,"key":"Cursed Concoction"},{"floor":4,"key":"Doom Potion"},{"floor":11,"key":"ColorlessPotion"},{"floor":19,"key":"Toxic Potion"},{"floor":19,"key":"Slimebound:ThreeZeroPotion"}],"is_trial":false,"path_per_floor":["M","?","M","M","M","R","?","E","T","R","M","M","R","M","R","B",null,"M","?","?","M","$","?","E"],"character_chosen":"IRONCLAD","items_purchased":["infinitespire:EmpoweringShard"],"campfire_rested":0,"item_purchase_floors":[22],"current_hp_per_floor":[50,50,56,62,68,68,68,60,60,60,66,72,72,72,72,39,72,72,72,72,72,72,72,72,72],"gold":20,"neow_bonus":"IRONCLAD_BERSERKER","is_daily":false,"chose_seed":false,"campfire_upgraded":3,"win_rate":0.0,"timestamp":1609793333,"path_taken":["M","?","?","M","M","R","?","E","T","R","?","?","R","M","R","BOSS","M","?","?","M","$","?","E"],"items_purchased_type":["Relic"],"build_version":"2020-12-22","purchased_purges":0,"victory":false,"max_hp_per_floor":[72,72,72,72,72,72,72,72,72,72,72,72,72,72,72,72,72,72,72,72,72,72,72,72,72],"card_choices":[{"not_picked":["jedi:fear","Blood for Blood","Clothesline"],"picked":"SKIP","floor":1},{"not_picked":["Second Wind","True Grit"],"picked":"Anger","floor":3},{"not_picked":["StuffTheSpire:RagingBull","Shrug It Off","Run Through"],"picked":"SKIP","floor":4},{"not_picked":["Shockwave","Clothesline","True Grit"],"picked":"SKIP","floor":5},{"not_picked":["StuffTheSpire:Resist","Immolate","Thunderclap"],"picked":"SKIP","floor":8},{"not_picked":["hubris:CleavingFinish","Headbutt","Cleave"],"picked":"SKIP","floor":11},{"not_picked":["Shrug It Off","conspire:Charge"],"picked":"Heavy Blade","floor":12},{"not_picked":["True Grit","StuffTheSpire:Pyroclast","Cleave"],"picked":"SKIP","floor":14},{"not_picked":["Pummel","ReplayTheSpireMod:Corrosion Curse","StuffTheSpire:Incineration"],"picked":"SKIP","floor":18},{"not_picked":["Run Through","Wild Strike+1"],"picked":"Sword Boomerang+1","floor":21}],"player_experience":328518,"relics_obtained":[{"floor":8,"key":"infinitespire:ShieldingShard"},{"floor":23,"key":"Ring of Searing"},{"floor":23,"key":"Ring of Panic"}],"event_choices":[{"cards_removed":["hubris:Envy"],"damage_healed":0,"gold_gain":0,"player_choice":"Gave Card","damage_taken":0,"relics_obtained":["StuffTheSpire:Experiment12"],"max_hp_gain":0,"max_hp_loss":0,"event_name":"WeMeetAgain","floor":2,"gold_loss":0},{"cards_removed":["Twin Strike"],"damage_healed":0,"gold_gain":0,"player_choice":"Offered Basic","damage_taken":0,"max_hp_gain":0,"max_hp_loss":0,"event_name":"Bonfire Elementals","floor":7,"gold_loss":0},{"damage_healed":0,"gold_gain":0,"player_choice":"Got Potions","damage_taken":0,"max_hp_gain":0,"max_hp_loss":0,"event_name":"Lab","floor":19,"gold_loss":0},{"cards_removed":["Twin Strike"],"damage_healed":0,"gold_gain":0,"player_choice":"Give","damage_taken":0,"max_hp_gain":0,"max_hp_loss":0,"event_name":"betterNote:BetterNote","floor":20,"gold_loss":0,"cards_obtained":["Defend_R"]}],"is_beta":false,"boss_relics":[{"not_picked":["aspiration:SecretTechniqueScroll","Replay:Fungal Core"],"picked":"Hololive_Finger"}],"items_purged_floors":[],"is_endless":false,"potions_floor_spawned":[3,4,11],"killed_by":"conspire:SneckoGhost","ascension_level":0}}