{"host":"pq8o62wp0h1hflf3","time":1609783217,"event":{"mods":["BaseMod","Minty Spire (QoL Compilation)","Relic Stats","ojb\u0027s Info Mod"],"gold_per_floor":[210,220,19,19,36,36,66,66,78,125,52,62,89,100,100,179,179,199,217,217,231,146,146,172,192,192,202,235,245,271,287,287,362,362,377,394,394,414,428,759,771,771,771,771,771],"floor_reached":44,"playtime":3669,"items_purged":[],"score":1058,"play_id":"f72f2414-348e-47f3-862e-4388858f9009","local_time":"20210104130017","is_ascension_mode":true,"campfire_choices":[{"data":"Doom and Gloom","floor":6.0,"key":"SMITH"},{"data":"Defragment","floor":15.0,"key":"SMITH"},{"floor":23.0,"key":"REST"},{"data":"Buffer","floor":32.0,"key":"SMITH"},{"floor":42,"key":"RECALL"}],"circlet_count":0,"master_deck":["AscendersBane","Defend_B","Defend_B","Defend_B","Defend_B","Zap","Dualcast","Sweeping Beam","Doom and Gloom+1","Seek","White Noise","Leap","Defragment+1","Self Repair","Cold Snap","Buffer+1","Reboot+1","Melter+1","Melter+1","Sunder+1","Skim","FTL","Self Repair","Conserve Battery","Loop","Buffer","Hologram","Fission","Coolheaded","Consume","Injury"],"relics":["Cracked Core","ClockworkSouvenir","Matryoshka","PreservedInsect","MawBank","Ornamental Fan","Pen Nib","Mummified Hand","Shuriken","Pocketwatch","Astrolabe","Ancient Tea Set","Mango","Orichalcum","Bronze Scales","Strawberry","Cursed Key","Old Coin"],"acts_visited":["Exordium","TheCity","TheBeyond"],"potions_floor_usage":[44,44],"damage_taken":[{"damage":1.0,"enemies":"Cultist","floor":1.0,"turns":3.0},{"damage":7.0,"enemies":"Jaw Worm","floor":2.0,"turns":2.0},{"damage":6.0,"enemies":"Small Slimes","floor":5.0,"turns":3.0},{"damage":11.0,"enemies":"Gremlin Nob","floor":7.0,"turns":3.0},{"damage":15.0,"enemies":"3 Sentries","floor":10.0,"turns":5.0},{"damage":2.0,"enemies":"Looter","floor":12.0,"turns":2.0},{"damage":1.0,"enemies":"Lagavulin","floor":13.0,"turns":4.0},{"damage":11.0,"enemies":"Blue Slaver","floor":14.0,"turns":3.0},{"damage":23.0,"enemies":"Hexaghost","floor":16.0,"turns":9.0},{"damage":19.0,"enemies":"2 Thieves","floor":18.0,"turns":3.0},{"damage":6.0,"enemies":"Shell Parasite","floor":19.0,"turns":3.0},{"damage":20.0,"enemies":"Snake Plant","floor":21.0,"turns":4.0},{"damage":9.0,"enemies":"Slavers","floor":24.0,"turns":2.0},{"damage":25.0,"enemies":"Shelled Parasite and Fungi","floor":25.0,"turns":7.0},{"damage":0.0,"enemies":"Sentry and Sphere","floor":27.0,"turns":2.0},{"damage":20.0,"enemies":"Book of Stabbing","floor":28.0,"turns":5.0},{"damage":9.0,"enemies":"Snake Plant","floor":29.0,"turns":4.0},{"damage":0.0,"enemies":"Snecko","floor":31.0,"turns":4.0},{"damage":72.0,"enemies":"Collector","floor":33.0,"turns":13.0},{"damage":0,"enemies":"3 Shapes","floor":35,"turns":5},{"damage":0,"enemies":"3 Darklings","floor":36,"turns":5},{"damage":15,"enemies":"Maw","floor":38,"turns":8},{"damage":34,"enemies":"Transient","floor":39,"turns":6},{"damage":28,"enemies":"Nemesis","floor":40,"turns":7},{"damage":0,"enemies":"Jaw Worm Horde","floor":41,"turns":4},{"damage":101,"enemies":"Giant Head","floor":44,"turns":8}],"seed_played":"3365924286525812025","potions_obtained":[{"floor":7.0,"key":"GamblersBrew"},{"floor":10.0,"key":"Ancient Potion"},{"floor":12.0,"key":"DistilledChaos"},{"floor":16.0,"key":"Dexterity Potion"},{"floor":25.0,"key":"DuplicationPotion"},{"floor":31.0,"key":"SpeedPotion"},{"floor":33.0,"key":"Strength Potion"},{"floor":35,"key":"EssenceOfDarkness"}],"is_trial":false,"path_per_floor":["M","M","$","?","M","R","E","T","T","E","$","M","E","M","R","B",null,"M","M","?","M","?","R","E","M","T","M","E","M","T","M","R","B",null,"M","M","?","M","M","E","M","R","T","E"],"character_chosen":"DEFECT","items_purchased":["ClockworkSouvenir","Doom and Gloom","Defragment"],"campfire_rested":1,"item_purchase_floors":[3,3,11],"current_hp_per_floor":[63,56,56,56,50,50,39,39,39,24,24,22,28,24,24,8,55,43,44,44,31,31,52,64,46,46,53,47,52,59,73,73,15,73,87,92,92,91,71,57,64,64,64,0,0],"gold":771,"neow_bonus":"HUNDRED_GOLD","is_daily":false,"chose_seed":false,"campfire_upgraded":3,"win_rate":0.0,"timestamp":1609783217,"path_taken":["M","?","$","?","?","R","E","?","T","E","?","?","E","M","R","BOSS","M","M","?","M","?","R","E","M","T","M","E","M","?","M","R","BOSS","M","M","?","?","M","E","M","R","T","E"],"items_purchased_type":["Relic","Card","Card"],"build_version":"2020-12-22","purchased_purges":0,"victory":false,"max_hp_per_floor":[71,71,71,71,71,71,71,71,71,71,71,71,71,71,71,71,71,71,71,71,71,71,71,85,85,85,85,85,85,92,92,92,92,92,92,92,92,92,92,92,92,92,92,92,92],"relic_stats":{"counters":[26,124],"Astrolabe":["Reboot","Melter","Melter"],"PreservedInsect":324,"Pen Nib":[17],"Orichalcum":[78],"MawBank":36,"Cursed Key":1,"Ornamental Fan":[64],"Mummified Hand":[123],"Shuriken":[16],"Bronze Scales":[157],"obtain_stats":[{"Astrolabe":17,"Mango":24,"PreservedInsect":7,"Pen Nib":9,"Orichalcum":26,"MawBank":8,"Ancient Tea Set":22,"Cursed Key":34,"ClockworkSouvenir":3,"Old Coin":40,"Matryoshka":4,"Ornamental Fan":8,"Mummified Hand":9,"Shuriken":10,"Bronze Scales":28,"Strawberry":30,"Cracked Core":0,"Pocketwatch":13},{"Astrolabe":9,"Mango":13,"PreservedInsect":4,"Pen Nib":4,"Orichalcum":14,"MawBank":4,"Ancient Tea Set":12,"Cursed Key":19,"ClockworkSouvenir":2,"Old Coin":24,"Matryoshka":2,"Ornamental Fan":4,"Mummified Hand":4,"Shuriken":5,"Bronze Scales":16,"Strawberry":17,"Cracked Core":0,"Pocketwatch":7},{"Astrolabe":34,"Mango":46,"PreservedInsect":11,"Pen Nib":11,"Orichalcum":53,"MawBank":11,"Ancient Tea Set":44,"Cursed Key":81,"ClockworkSouvenir":5,"Old Coin":112,"Matryoshka":5,"Ornamental Fan":11,"Mummified Hand":11,"Shuriken":16,"Bronze Scales":60,"Strawberry":64,"Cracked Core":0,"Pocketwatch":22}],"Pocketwatch":[78]},"card_choices":[{"not_picked":["Go for the Eyes","Cold Snap"],"picked":"Sweeping Beam","floor":1.0},{"not_picked":["Redo","Recycle"],"picked":"Melter","floor":2.0},{"not_picked":["Undo","Hello World"],"picked":"Seek","floor":5.0},{"not_picked":["Steam","Tempest"],"picked":"White Noise","floor":7.0},{"not_picked":["Compile Driver","Rebound"],"picked":"Leap","floor":10.0},{"not_picked":["Skim","Steam"],"picked":"Self Repair","floor":12.0},{"not_picked":["Beam Cell","Doom and Gloom","Aggregate"],"picked":"SKIP","floor":13.0},{"not_picked":["Beam Cell","Ball Lightning"],"picked":"Cold Snap","floor":14.0},{"not_picked":["Amplify","Multi-Cast"],"picked":"Buffer","floor":16.0},{"not_picked":["Hello World","Compile Driver","Sweeping Beam"],"picked":"SKIP","floor":18.0},{"not_picked":["Scrape","Turbo"],"picked":"Sunder+1","floor":19.0},{"not_picked":["Hello World+1","Meteor Strike","Consume"],"picked":"SKIP","floor":21.0},{"not_picked":["Blizzard","Doom and Gloom"],"picked":"FTL","floor":24.0},{"not_picked":["Reinforced Body","Ball Lightning+1"],"picked":"Self Repair","floor":25.0},{"not_picked":["FTL","Compile Driver"],"picked":"Conserve Battery","floor":27.0},{"not_picked":["Ball Lightning","Steam"],"picked":"Loop","floor":28.0},{"not_picked":["Conserve Battery","Recycle"],"picked":"Buffer","floor":29.0},{"not_picked":["Darkness","Double Energy"],"picked":"Hologram","floor":31.0},{"not_picked":["Hyperbeam","Seek"],"picked":"Fission","floor":33.0},{"not_picked":["Hologram","Sweeping Beam"],"picked":"Coolheaded","floor":35},{"not_picked":["White Noise","Steam Power","Steam+1"],"picked":"SKIP","floor":36},{"not_picked":["Compile Driver","Steam","Stack"],"picked":"SKIP","floor":38},{"not_picked":["Conserve Battery","Stack","Compile Driver"],"picked":"SKIP","floor":39},{"not_picked":["Lockon","Turbo","Leap"],"picked":"SKIP","floor":40},{"not_picked":["Stack","Steam","Ball Lightning"],"picked":"SKIP","floor":41}],"player_experience":1093577,"relics_obtained":[{"floor":4.0,"key":"Matryoshka"},{"floor":7.0,"key":"PreservedInsect"},{"floor":8.0,"key":"MawBank"},{"floor":8.0,"key":"Ornamental Fan"},{"floor":9.0,"key":"Pen Nib"},{"floor":9.0,"key":"Mummified Hand"},{"floor":10.0,"key":"Shuriken"},{"floor":13.0,"key":"Pocketwatch"},{"floor":24.0,"key":"Mango"},{"floor":26.0,"key":"Orichalcum"},{"floor":28.0,"key":"Bronze Scales"},{"floor":30.0,"key":"Strawberry"},{"floor":40,"key":"Old Coin"}],"event_choices":[{"damage_healed":0.0,"max_hp_gain":0.0,"max_hp_loss":0.0,"gold_gain":0.0,"event_name":"Wheel of Change","player_choice":"Relic","floor":4.0,"gold_loss":0.0,"damage_taken":0.0},{"damage_healed":0.0,"max_hp_gain":0.0,"max_hp_loss":0.0,"gold_gain":0.0,"cards_transformed":["Melter","Strike_B"],"event_name":"Drug Dealer","player_choice":"Became Test Subject","floor":20.0,"gold_loss":0.0,"damage_taken":0.0,"cards_obtained":["Blizzard","Skim"]},{"damage_healed":0.0,"max_hp_gain":0.0,"max_hp_loss":0.0,"gold_gain":0.0,"event_name":"Addict","player_choice":"Obtained Relic","floor":22.0,"gold_loss":85.0,"damage_taken":0.0,"relics_obtained":["Ancient Tea Set"]},{"damage_healed":0,"gold_gain":0,"cards_transformed":["Blizzard"],"player_choice":"Transformed","damage_taken":0,"max_hp_gain":0,"max_hp_loss":0,"event_name":"Transmorgrifier","floor":37,"gold_loss":0,"cards_obtained":["Consume"]}],"is_beta":false,"boss_relics":[{"not_picked":["Black Star","Busted Crown"],"picked":"Astrolabe"},{"not_picked":["Pandora\u0027s Box","Velvet Choker"],"picked":"Cursed Key"}],"items_purged_floors":[],"is_endless":false,"potions_floor_spawned":[7,10,12,16,24,25,27,31,33,35,40,41],"killed_by":"Giant Head","ascension_level":20}}