{"host":"l60rmjjsfi0fipmi","time":1609728156,"event":{"mods":["BaseMod","Colored Map","DeckTracker","Highlight Path","Minty Spire (QoL Compilation)"],"gold_per_floor":[117,135,135,151,151,151,161,161,241,276,287,287,313,331,331,432,432,445,462,462,476,496,496,421,441,496,56,56,56,56,71,71,168,168,185,67,83,133,133,133,144,144,144,155,155,155],"floor_reached":45,"playtime":4389,"items_purged":["Defend_P","Strike_P"],"score":417,"play_id":"9811bce2-4657-4077-848d-fcd05a962337","local_time":"20210103214236","is_ascension_mode":false,"campfire_choices":[{"data":"Eruption","floor":6,"key":"SMITH"},{"data":"Vigilance","floor":8,"key":"SMITH"},{"floor":12,"key":"REST"},{"data":"Protect","floor":15,"key":"SMITH"},{"floor":23,"key":"REST"},{"floor":30,"key":"REST"},{"floor":32,"key":"REST"},{"floor":40,"key":"REST"},{"data":"DevaForm","floor":42,"key":"SMITH"}],"circlet_count":0,"master_deck":["Defend_P","Eruption+1","Vigilance+1","PathToVictory","FlyingSleeves","Protect+1","BowlingBash","ClearTheMind","Meditate","FollowUp","DevaForm+1","Collect+1","Vault+1","Prostrate+1","BattleHymn","Halt+1","ThirdEye","SashWhip","Pray","EmptyFist+1","LikeWater","Wish","FlurryOfBlows"],"relics":["PureWater","Torii","Bottled Lightning","Blood Vial","Ancient Tea Set","Astrolabe","Potion Belt","Ice Cream","The Courier","Black Star","Lee\u0027s Waffle","Pocketwatch","Incense Burner"],"acts_visited":["Exordium","TheCity","TheBeyond"],"potions_floor_usage":[10,16,16,31,33,33,38],"damage_taken":[{"damage":0,"enemies":"2 Louse","floor":1,"turns":3},{"damage":0,"enemies":"Cultist","floor":2,"turns":4},{"damage":0,"enemies":"Jaw Worm","floor":4,"turns":3},{"damage":3,"enemies":"Exordium Wildlife","floor":7,"turns":5},{"damage":30,"enemies":"Lagavulin","floor":10,"turns":7},{"damage":19,"enemies":"Exordium Thugs","floor":11,"turns":7},{"damage":1,"enemies":"3 Louse","floor":14,"turns":3},{"damage":25,"enemies":"Hexaghost","floor":16,"turns":13},{"damage":3,"enemies":"3 Byrds","floor":18,"turns":5},{"damage":2,"enemies":"2 Thieves","floor":19,"turns":4},{"damage":8,"enemies":"Snecko","floor":21,"turns":7},{"damage":34,"enemies":"3 Cultists","floor":22,"turns":9},{"damage":16,"enemies":"Snake Plant","floor":25,"turns":6},{"damage":27,"enemies":"Sentry and Sphere","floor":31,"turns":6},{"damage":32,"enemies":"Collector","floor":33,"turns":10},{"damage":19,"enemies":"3 Darklings","floor":35,"turns":9},{"damage":46,"enemies":"Orb Walker","floor":37,"turns":8},{"damage":1,"enemies":"Mind Bloom Boss Battle","floor":38,"turns":9},{"damage":9,"enemies":"Maw","floor":41,"turns":7},{"damage":33,"enemies":"Spire Growth","floor":44,"turns":9},{"damage":24,"enemies":"4 Shapes","floor":45,"turns":6}],"seed_played":"-6333537899354259917","potions_obtained":[{"floor":7,"key":"StancePotion"},{"floor":10,"key":"Block Potion"},{"floor":14,"key":"SpeedPotion"},{"floor":25,"key":"Regen Potion"},{"floor":31,"key":"Weak Potion"},{"floor":35,"key":"ColorlessPotion"}],"is_trial":false,"path_per_floor":["M","M","?","M","?","R","M","R","T","E","M","R","T","M","R","B",null,"M","M","?","M","M","R","$","M","T","$","?","?","R","M","R","B",null,"M","$","M","?","?","R","M","R","T","M","M"],"character_chosen":"WATCHER","items_purchased":["Ice Cream","Explosive Potion","Lee\u0027s Waffle"],"campfire_rested":5,"item_purchase_floors":[27,27,36],"current_hp_per_floor":[65,65,70,70,70,70,67,67,67,37,20,41,41,42,42,19,70,67,67,67,61,29,50,50,36,36,36,36,36,57,32,53,38,70,51,77,31,32,32,55,48,48,48,17,0,0],"gold":155,"neow_bonus":"ONE_RARE_RELIC","is_daily":false,"chose_seed":false,"campfire_upgraded":4,"win_rate":0.0,"timestamp":1609728156,"path_taken":["M","M","?","M","?","R","?","R","T","E","M","R","?","M","R","BOSS","M","M","?","M","M","R","?","M","T","$","?","?","R","M","R","BOSS","M","$","M","?","?","R","M","R","T","M","M"],"items_purchased_type":["Relic","Potion","Relic"],"build_version":"2020-12-22","purchased_purges":2,"victory":false,"max_hp_per_floor":[65,65,70,70,70,70,70,70,70,70,70,70,70,70,70,70,70,70,70,70,70,70,70,70,70,70,70,70,70,70,70,70,70,70,70,77,77,77,77,77,77,77,77,77,77,77],"card_choices":[{"not_picked":["Prostrate","SashWhip"],"picked":"PathToVictory","floor":1},{"not_picked":["TalkToTheHand","ClearTheMind"],"picked":"FlyingSleeves","floor":2},{"not_picked":["Vengeance","SashWhip"],"picked":"Protect","floor":4},{"not_picked":["DeceiveReality","Prostrate"],"picked":"BowlingBash","floor":7},{"not_picked":["ConjureBlade","JustLucky"],"picked":"ClearTheMind","floor":10},{"not_picked":["Swivel","Protect"],"picked":"Meditate","floor":11},{"not_picked":["JustLucky","Crescendo"],"picked":"FollowUp","floor":14},{"not_picked":["Omniscience","Ragnarok"],"picked":"DevaForm","floor":16},{"not_picked":["SandsOfTime","CutThroughFate"],"picked":"BattleHymn","floor":18},{"not_picked":["FlurryOfBlows","SashWhip"],"picked":"Halt+1","floor":19},{"not_picked":["Vengeance","EmptyMind"],"picked":"SashWhip","floor":21},{"not_picked":["BowlingBash","Prostrate"],"picked":"Pray","floor":22},{"not_picked":["MentalFortress","Evaluate"],"picked":"EmptyFist+1","floor":25},{"not_picked":["ReachHeaven+1","Ragnarok"],"picked":"LikeWater","floor":31},{"not_picked":["Alpha","Scrawl"],"picked":"Wish","floor":33},{"not_picked":["JustLucky+1","WreathOfFlame","ClearTheMind+1"],"picked":"SKIP","floor":35},{"not_picked":["SashWhip","EmptyMind+1"],"picked":"FlurryOfBlows","floor":37},{"not_picked":["FearNoEvil","MentalFortress+1","FollowUp+1"],"picked":"SKIP","floor":41},{"not_picked":["WreathOfFlame+1","Evaluate","Prostrate+1"],"picked":"SKIP","floor":44}],"player_experience":223226,"relics_obtained":[{"floor":9,"key":"Bottled Lightning"},{"floor":10,"key":"Blood Vial"},{"floor":13,"key":"Ancient Tea Set"},{"floor":26,"key":"Potion Belt"},{"floor":38,"key":"Pocketwatch"},{"floor":43,"key":"Incense Burner"}],"event_choices":[{"damage_healed":0,"gold_gain":0,"player_choice":"Donut","damage_taken":0,"max_hp_gain":5,"max_hp_loss":0,"event_name":"Big Fish","floor":3,"gold_loss":0},{"cards_removed":["Strike_P"],"damage_healed":0,"gold_gain":0,"player_choice":"Purged","damage_taken":0,"max_hp_gain":0,"max_hp_loss":0,"event_name":"Purifier","floor":5,"gold_loss":0},{"damage_healed":0,"gold_gain":0,"player_choice":"Read","damage_taken":0,"max_hp_gain":0,"max_hp_loss":0,"event_name":"The Library","floor":20,"gold_loss":0,"cards_obtained":["ThirdEye"]},{"cards_removed":["Strike_P"],"damage_healed":0,"gold_gain":0,"player_choice":"Elegance","damage_taken":0,"max_hp_gain":0,"max_hp_loss":0,"event_name":"Back to Basics","floor":28,"gold_loss":0},{"damage_healed":0,"gold_gain":0,"player_choice":"Opened","damage_taken":0,"relics_obtained":["The Courier"],"max_hp_gain":0,"max_hp_loss":0,"event_name":"The Mausoleum","floor":29,"gold_loss":0,"cards_obtained":["Writhe"]},{"damage_healed":0,"gold_gain":0,"player_choice":"Fight","damage_taken":0,"max_hp_gain":0,"max_hp_loss":0,"event_name":"MindBloom","floor":38,"gold_loss":0},{"cards_removed":["Writhe"],"damage_healed":0,"gold_gain":0,"player_choice":"Removed Curses","damage_taken":0,"max_hp_gain":0,"max_hp_loss":0,"event_name":"Fountain of Cleansing","floor":39,"gold_loss":0}],"is_beta":false,"boss_relics":[{"not_picked":["SacredBark","Runic Pyramid"],"picked":"Astrolabe"},{"not_picked":["Philosopher\u0027s Stone","Runic Dome"],"picked":"Black Star"}],"items_purged_floors":[24,27],"is_endless":false,"potions_floor_spawned":[7,10,14,25,31,35],"killed_by":"4 Shapes","ascension_level":0}}