{"host":"a1u4jo6xlg3w0wsm","time":1609739975,"event":{"mods":["BaseMod","Better Third Choice","DeckTracker","Downfall","Hermit","Hubris","Minty Spire (QoL Compilation)","Replay The Spire","StSLib"],"gold_per_floor":[114,133,483,658,35,61,3,29,29,29,29,61,80,80,80,181,181,201,41,41],"floor_reached":19,"playtime":985,"items_purged":["ReplayTheSpireMod:Splinters"],"score":264,"play_id":"b41abcb8-e3c0-4921-b8fb-09a7dd89bdf7","local_time":"20210104185935","is_ascension_mode":true,"campfire_choices":[{"data":"hermit:CursedWeapon","floor":10,"key":"SMITH"},{"floor":15,"key":"REST"}],"circlet_count":0,"master_deck":["hermit:Strike_Hermit","hermit:Strike_Hermit","hermit:Strike_Hermit","hermit:Strike_Hermit","hermit:Defend_Hermit","hermit:Defend_Hermit","hermit:Defend_Hermit","hermit:Defend_Hermit","hermit:Snapshot","hermit:Covet","hermit:Gestalt","hermit:Snipe","Hallucinations","Doubt","Clumsy","hermit:Showdown","hermit:Determination","hermit:CursedWeapon+1","Spreading Infection","hermit:CalledShot","hermit:Dissolve","hermit:Quickdraw"],"relics":["hermit:Momento","NeowsBlessing","Ring of Greed","Old Coin","The Courier","ReplayTheSpireMod:Ring of Exchange","hubris:ToyBattleship","hubris:PeanutButter","Singing Bowl","hubris:BottledRain","Mango","StoneCalendar","Pear","Sundial","HandDrill"],"acts_visited":["Exordium","TheCity"],"potions_floor_usage":[8,18],"damage_taken":[{"damage":0,"enemies":"Jaw Worm","floor":1,"turns":1},{"damage":0,"enemies":"Small Slimes","floor":2,"turns":2},{"damage":0,"enemies":"Replay:BlueRogue","floor":6,"turns":1},{"damage":28,"enemies":"Gremlin Nob","floor":8,"turns":6},{"damage":49,"enemies":"3 Sentries","floor":12,"turns":7},{"damage":0,"enemies":"2 Louse","floor":13,"turns":2},{"damage":1,"enemies":"Slime Boss","floor":16,"turns":7},{"damage":59,"enemies":"3 Byrds","floor":18,"turns":7},{"damage":17,"enemies":"2 Thieves","floor":19,"turns":3}],"seed_played":"-7869912333854394426","potions_obtained":[{"floor":1,"key":"hermit:BlackBile"},{"floor":12,"key":"BlessingOfTheForge"},{"floor":16,"key":"Explosive Potion"}],"is_trial":false,"path_per_floor":["M","M","?","?","$","E","$","E","T","R","T","E","M","?","R","B",null,"M","M"],"character_chosen":"HERMIT","items_purchased":["hubris:ToyBattleship","hermit:Showdown","hubris:PeanutButter","Singing Bowl","hermit:Determination"],"campfire_rested":1,"item_purchase_floors":[5,5,5,5,7],"current_hp_per_floor":[75,75,75,75,75,77,77,63,63,63,73,24,26,26,56,55,103,44,27,27],"gold":41,"neow_bonus":"THREE_ENEMY_KILL","is_daily":false,"chose_seed":false,"campfire_upgraded":1,"win_rate":0.0,"timestamp":1609739975,"path_taken":["M","M","?","?","$","E","$","E","T","R","?","E","M","?","R","BOSS","M","M"],"items_purchased_type":["Relic","Card","Relic","Relic","Card"],"build_version":"2020-12-13","purchased_purges":1,"victory":false,"max_hp_per_floor":[75,75,75,75,75,77,77,91,91,91,101,101,103,103,103,103,103,103,103,103],"card_choices":[{"not_picked":["hermit:Misfire","hermit:Desperado"],"picked":"hermit:Gestalt","floor":1},{"not_picked":["hermit:Desperado","hermit:TakeCover"],"picked":"hermit:Snipe","floor":2},{"not_picked":["hermit:WideOpen","hermit:Misfire","hermit:Reprieve"],"picked":"Singing Bowl","floor":6},{"not_picked":["hermit:Quickdraw","hermit:LuckOfTheDraw"],"picked":"hermit:CursedWeapon","floor":8},{"not_picked":["hermit:ItchyTrigger","hermit:LuckOfTheDraw"],"picked":"hermit:CalledShot","floor":12},{"not_picked":["hermit:NoHoldsBarred","hermit:Ricochet","hermit:Snipe"],"picked":"Singing Bowl","floor":13},{"not_picked":["hermit:OverwhelmingPower","hermit:Purgatory"],"picked":"hermit:Dissolve","floor":16},{"not_picked":["hermit:Dive","hermit:Coalescence+1"],"picked":"hermit:Quickdraw","floor":18}],"player_experience":300138,"relics_obtained":[{"floor":3,"key":"Ring of Greed"},{"floor":3,"key":"Old Coin"},{"floor":3,"key":"The Courier"},{"floor":3,"key":"ReplayTheSpireMod:Ring of Exchange"},{"floor":6,"key":"hubris:BottledRain"},{"floor":8,"key":"Mango"},{"floor":9,"key":"StoneCalendar"},{"floor":11,"key":"Pear"},{"floor":12,"key":"Sundial"}],"event_choices":[{"damage_healed":0,"gold_gain":175,"player_choice":"AGREE","damage_taken":483,"max_hp_gain":0,"max_hp_loss":0,"event_name":"betterThird:BetterSerpent","floor":4,"gold_loss":0},{"damage_healed":0,"gold_gain":0,"player_choice":"Searched \u00270\u0027 times","damage_taken":0,"max_hp_gain":0,"max_hp_loss":0,"event_name":"Dead Adventurer","floor":14,"gold_loss":0}],"is_beta":false,"boss_relics":[{"not_picked":["Replay:Wanted Poster","Cauldron"],"picked":"HandDrill"}],"items_purged_floors":[5],"is_endless":false,"potions_floor_spawned":[1,12,16],"killed_by":"2 Thieves","ascension_level":3}}