{"host":"whloki2o3dp1b07n","time":1609769407,"event":{"mods":["100% Spire Juice","Abigail Mod","Act Like it!","Arknights The Spire","BaseMod","Better Synergies","Block Reminder","CapriCore","Colored Map","Colored Powertips","DNKmod","Evolution","Friendly Minions","GifTheSpireLib","GungeonMod","HexUI Lib","Koishi","Marked Mod","Minty Spire (QoL Compilation)","StSLib","Swap Starting Deck Mod","The Bug Knight","The Marked","Transform Curses"],"gold_per_floor":[114,128,8,24,35,35,69,80,80,27,27,27,47,47,47,150,30,42,42,42],"floor_reached":19,"playtime":636,"items_purged":[],"score":194,"play_id":"cafd7fbf-abf0-43f8-9133-d0fb05a0bf45","local_time":"20210104091007","is_ascension_mode":false,"campfire_choices":[{"floor":6,"key":"REST"},{"data":"Moonworks:AnotherUltimateWeapon","floor":11,"key":"SMITH"},{"data":"Moonworks:CookingTime","floor":15,"key":"SMITH"}],"circlet_count":0,"master_deck":["Moonworks:CloudOfSeagulls","Moonworks:Strike","Moonworks:Strike","Moonworks:Strike","Moonworks:Defend","Moonworks:Defend","Moonworks:Defend","Moonworks:Defend","Moonworks:Ambush","Moonworks:LongDistanceShot","Moonworks:AccelHyper","Moonworks:IndiscriminateFireSupport","Moonworks:SakisCookie","Moonworks:AwakeningOfTalent","Moonworks:CookingTime+1","Moonworks:AnotherUltimateWeapon+1","Moonworks:JonathanRush","Moonworks:Assault","DemoMod:Casey","Moonworks:Gamble","Moonworks:WindyEnchantment+1"],"relics":["Moonworks:BrokenBomb","Moonworks:Homemark","EVO:Axolotl","DemoMod:BigBoy","Kunai","Pantograph","DemoMod:RiddleOfLead"],"acts_visited":["Exordium","TheCity"],"potions_floor_usage":[7,16],"damage_taken":[{"damage":10,"enemies":"2 Louse","floor":1,"turns":3},{"damage":0,"enemies":"Small Slimes","floor":2,"turns":2},{"damage":5,"enemies":"Cultist","floor":4,"turns":1},{"damage":0,"enemies":"3 Louse","floor":5,"turns":1},{"damage":14,"enemies":"HollowMod:MossKnight","floor":7,"turns":7},{"damage":7,"enemies":"Red Slaver","floor":8,"turns":3},{"damage":0,"enemies":"Gremlin Gang","floor":13,"turns":1},{"damage":49,"enemies":"Slime Boss","floor":16,"turns":9},{"damage":0,"enemies":"Spheric Guardian","floor":18,"turns":1},{"damage":1004,"enemies":"Chosen","floor":19,"turns":3}],"seed_played":"-7875381175865988567","potions_obtained":[{"floor":4,"key":"Fire Potion"},{"floor":8,"key":"Block Potion"},{"floor":16,"key":"SteroidPotion"}],"is_trial":false,"path_per_floor":["M","M","?","M","M","R","E","M","T","$","R","?","M","?","R","B",null,"M","M"],"character_chosen":"THE_STARBREAKER","items_purchased":["Moonworks:JonathanRush"],"campfire_rested":1,"item_purchase_floors":[10],"current_hp_per_floor":[50,50,47,42,42,60,48,47,47,47,47,52,52,52,52,18,75,75,0,0],"gold":42,"neow_bonus":"ONE_RANDOM_RARE_CARD","is_daily":false,"chose_seed":false,"campfire_upgraded":2,"win_rate":0.0,"timestamp":1609769407,"path_taken":["M","M","?","M","M","R","E","M","T","$","R","?","M","?","R","BOSS","M","M"],"items_purchased_type":["Card"],"build_version":"2020-12-22","purchased_purges":0,"victory":false,"max_hp_per_floor":[60,60,60,60,60,60,60,60,60,60,60,65,65,65,65,65,75,75,75,75],"card_choices":[{"not_picked":["Moonworks:BindingChains","Moonworks:NicePresent"],"picked":"Moonworks:IndiscriminateFireSupport","floor":1},{"not_picked":["Moonworks:JonathanRush","Moonworks:SakisCookie"],"picked":"Moonworks:RedAndBlue","floor":2},{"not_picked":["Moonworks:IndiscriminateFireSupport","Moonworks:LulusLuckyEgg"],"picked":"Moonworks:SakisCookie","floor":4},{"not_picked":["Moonworks:NicePresent","Moonworks:ExtendedPhotonRifle"],"picked":"Moonworks:AwakeningOfTalent","floor":5},{"not_picked":["Moonworks:LulusLuckyEgg","Moonworks:NicePresent"],"picked":"Moonworks:CookingTime","floor":7},{"not_picked":["Moonworks:FinalSurgery","Moonworks:BigMagnum"],"picked":"Moonworks:AnotherUltimateWeapon","floor":8},{"not_picked":["Moonworks:IndiscriminateFireSupport","Moonworks:BigMagnum"],"picked":"Moonworks:Assault","floor":13},{"not_picked":["Moonworks:RocketCannon","Moonworks:WeAreWaruda"],"picked":"Moonworks:Gamble","floor":16},{"not_picked":["Moonworks:Wanted","Moonworks:NicePresent"],"picked":"Moonworks:WindyEnchantment+1","floor":18}],"player_experience":1112224,"relics_obtained":[{"floor":7,"key":"Kunai"},{"floor":9,"key":"Pantograph"}],"event_choices":[{"damage_healed":0,"gold_gain":0,"player_choice":"Success","damage_taken":3,"relics_obtained":["DemoMod:BigBoy"],"max_hp_gain":0,"max_hp_loss":0,"event_name":"Scrap Ooze","floor":3,"gold_loss":0},{"damage_healed":0,"gold_gain":0,"player_choice":"Donut","damage_taken":0,"max_hp_gain":5,"max_hp_loss":0,"event_name":"Big Fish","floor":12,"gold_loss":0},{"cards_removed":["Moonworks:RedAndBlue"],"damage_healed":0,"gold_gain":0,"player_choice":"Took Card","damage_taken":0,"max_hp_gain":0,"max_hp_loss":0,"event_name":"NoteForYourself","floor":14,"gold_loss":0,"cards_obtained":["DemoMod:Casey"]}],"is_beta":false,"boss_relics":[{"not_picked":["Fusion Hammer","Tiny House"],"picked":"DemoMod:RiddleOfLead"}],"items_purged_floors":[],"is_endless":false,"potions_floor_spawned":[4,8,16],"killed_by":"Chosen","ascension_level":0}}