{"host":"jx3f6ezc0g3s9edc","time":1609727571,"event":{"mods":["AchievementEnabler","BaseMod","Bestiary","Colored Map","Highlight Path","Minty Spire (QoL Compilation)","StSLib"],"gold_per_floor":[109,109,184,238,261,273,316,341,353,365,406,432,500,531,543,654,666,690,702,726,738,738],"floor_reached":21,"playtime":1476,"items_purged":[],"score":284,"play_id":"b277cbef-d642-440b-a040-6377199b966b","local_time":"20210103213251","is_ascension_mode":true,"campfire_choices":[{"data":"Neutralize","floor":6,"key":"SMITH"},{"floor":10,"key":"REST"},{"floor":15,"key":"REST"}],"circlet_count":0,"master_deck":["AscendersBane","Strike_G","Strike_G","Strike_G","Strike_G","Defend_G","Defend_G","Defend_G","Defend_G","Defend_G","Survivor","Neutralize+1","Cloak And Dagger","Dash","Blade Dance","Blade Dance","Cloak And Dagger","Envenom","Catalyst","All Out Attack+1","A Thousand Cuts","Skewer+1"],"relics":["Ring of the Snake","MawBank","Art of War","Bag of Marbles","Molten Egg 2","Busted Crown","Ancient Tea Set"],"acts_visited":["Exordium","TheCity"],"potions_floor_usage":[11],"damage_taken":[{"damage":2,"enemies":"Small Slimes","floor":1,"turns":4},{"damage":0,"enemies":"Jaw Worm","floor":5,"turns":5},{"damage":27,"enemies":"Lagavulin","floor":7,"turns":10},{"damage":0,"enemies":"Cultist","floor":8,"turns":3},{"damage":32,"enemies":"Gremlin Nob","floor":11,"turns":4},{"damage":0,"enemies":"Looter","floor":12,"turns":2},{"damage":3,"enemies":"Lots of Slimes","floor":14,"turns":5},{"damage":27,"enemies":"The Guardian","floor":16,"turns":15},{"damage":18,"enemies":"Chosen","floor":18,"turns":6},{"damage":16,"enemies":"Shell Parasite","floor":20,"turns":6},{"damage":25,"enemies":"Shelled Parasite and Fungi","floor":21,"turns":3}],"seed_played":"2723127408380839909","potions_obtained":[{"floor":1,"key":"Strength Potion"},{"floor":8,"key":"LiquidMemories"},{"floor":11,"key":"SkillPotion"},{"floor":14,"key":"Explosive Potion"},{"floor":20,"key":"Dexterity Potion"}],"is_trial":false,"path_per_floor":["M","?","?","T","M","R","E","M","T","R","E","M","?","M","R","B",null,"M","?","M","M"],"character_chosen":"THE_SILENT","items_purchased":[],"campfire_rested":2,"item_purchase_floors":[],"current_hp_per_floor":[61,61,50,50,50,50,23,23,23,44,12,12,12,9,30,3,53,35,35,19,0,0],"gold":738,"neow_bonus":"TRANSFORM_CARD","is_daily":false,"chose_seed":false,"campfire_upgraded":1,"win_rate":0.0,"timestamp":1609727571,"path_taken":["M","?","?","?","M","R","E","M","T","R","E","M","?","M","R","BOSS","M","?","?","M"],"items_purchased_type":[],"build_version":"2020-12-22","purchased_purges":0,"victory":false,"max_hp_per_floor":[70,70,70,70,70,70,70,70,70,70,70,70,70,70,70,70,70,70,70,70,70,70],"card_choices":[{"not_picked":["Concentrate","Dodge and Roll"],"picked":"Dash","floor":1},{"not_picked":["Bouncing Flask","Distraction"],"picked":"Blade Dance","floor":5},{"not_picked":["Bouncing Flask","Prepared"],"picked":"Blade Dance","floor":7},{"not_picked":["Bane","Backflip"],"picked":"Cloak And Dagger","floor":8},{"not_picked":["Setup","Infinite Blades"],"picked":"Envenom","floor":11},{"not_picked":["Escape Plan","Acrobatics"],"picked":"Catalyst","floor":12},{"not_picked":["Slice+1","Acrobatics"],"picked":"All Out Attack+1","floor":14},{"not_picked":["Malaise","Phantasmal Killer"],"picked":"A Thousand Cuts","floor":16},{"not_picked":[],"picked":"Skewer+1","floor":18},{"not_picked":["Deflect"],"picked":"SKIP","floor":20}],"player_experience":716247,"relics_obtained":[{"floor":4,"key":"MawBank"},{"floor":7,"key":"Art of War"},{"floor":9,"key":"Bag of Marbles"},{"floor":11,"key":"Molten Egg 2"}],"event_choices":[{"damage_healed":0,"gold_gain":0,"player_choice":"Ignored","damage_taken":0,"max_hp_gain":0,"max_hp_loss":0,"event_name":"Liars Game","floor":2,"gold_loss":0},{"damage_healed":0,"gold_gain":75,"player_choice":"Gather Gold","damage_taken":11,"max_hp_gain":0,"max_hp_loss":0,"event_name":"World of Goop","floor":3,"gold_loss":0},{"damage_healed":0,"gold_gain":56,"player_choice":"Gained Gold","damage_taken":0,"max_hp_gain":0,"max_hp_loss":0,"event_name":"Golden Wing","floor":13,"gold_loss":0},{"damage_healed":0,"gold_gain":0,"player_choice":"Gave Potion","damage_taken":0,"relics_obtained":["Ancient Tea Set"],"max_hp_gain":0,"max_hp_loss":0,"event_name":"WeMeetAgain","floor":19,"gold_loss":0}],"is_beta":false,"boss_relics":[{"not_picked":["Astrolabe","SlaversCollar"],"picked":"Busted Crown"}],"items_purged_floors":[],"is_endless":false,"potions_floor_spawned":[1,8,11,14,18,20],"killed_by":"Shelled Parasite and Fungi","ascension_level":10}}