{"host":"jut1dta95hmxx5jm","time":1609743025,"event":{"mods":["AchievementEnabler","BaseMod","BetterRewards","Colored Map","Colored Powertips","Minty Spire (QoL Compilation)","Quick Restart","StSLib","The Cursed"],"gold_per_floor":[110,110,9,20,20,47,47,59,83,83,83,83,83,99,99,196,196,207,218,41,41,41,41,82,91,116,116,116],"floor_reached":27,"playtime":607,"items_purged":[],"score":302,"play_id":"b9b1682d-1cbf-42c0-9e49-10b47c3ecbb5","local_time":"20210104005025","is_ascension_mode":false,"campfire_choices":[{"floor":7,"key":"REST"},{"floor":10,"key":"REST"},{"data":"MentalFortress","floor":15,"key":"SMITH"},{"floor":23,"key":"REST"},{"floor":25,"key":"REST"}],"circlet_count":0,"master_deck":["Strike_P+1","Strike_P+1","Strike_P+1","Strike_P+1","Defend_P+1","Defend_P+1","Defend_P+1","Defend_P+1","Eruption","Vigilance","Swivel","BattleHymn","Halt","JustLucky","Tantrum","MentalFortress+1","DeceiveReality","EmptyBody","FollowUp","Devotion","Perseverance+1","WheelKick","Crescendo","FollowUp+1","Nirvana+1","ForeignInfluence"],"relics":["PureWater","NeowsBlessing","Dream Catcher","Bag of Preparation","Bronze Scales","Blood Vial","CeramicFish","Pen Nib"],"acts_visited":["Exordium","TheCity"],"potions_floor_usage":[8,14,14],"damage_taken":[{"damage":0,"enemies":"2 Louse","floor":1,"turns":1},{"damage":0,"enemies":"Small Slimes","floor":4,"turns":1},{"damage":0,"enemies":"Lagavulin","floor":6,"turns":1},{"damage":0,"enemies":"Jaw Worm","floor":8,"turns":1},{"damage":0,"enemies":"Large Slime","floor":14,"turns":2},{"damage":0,"enemies":"Slime Boss","floor":16,"turns":5},{"damage":8,"enemies":"3 Byrds","floor":18,"turns":4},{"damage":40,"enemies":"Spheric Guardian","floor":19,"turns":4},{"damage":46,"enemies":"Slavers","floor":24,"turns":5},{"damage":40,"enemies":"3 Cultists","floor":27,"turns":3}],"seed_played":"-5774834654877389263","potions_obtained":[{"floor":1,"key":"DuplicationPotion"},{"floor":6,"key":"Block Potion"},{"floor":8,"key":"Swift Potion"}],"is_trial":false,"path_per_floor":["M","?","$","M","?","E","R","M","T","R","?","?","?","M","R","B",null,"M","M","$","?","T","R","E","R","T","M"],"character_chosen":"WATCHER","items_purchased":["BattleHymn","Halt","Crescendo","Blood Vial"],"campfire_rested":4,"item_purchase_floors":[3,3,20,20],"current_hp_per_floor":[72,72,72,72,54,54,72,72,72,72,77,77,77,77,77,77,77,69,29,29,29,29,52,8,31,31,0,0],"gold":116,"neow_bonus":"THREE_ENEMY_KILL","is_daily":false,"chose_seed":false,"campfire_upgraded":1,"win_rate":0.0,"timestamp":1609743025,"path_taken":["M","?","$","M","?","E","R","?","T","R","?","?","?","M","R","BOSS","M","M","$","?","?","R","E","R","T","?"],"items_purchased_type":["Card","Card","Card","Relic"],"build_version":"2020-12-22","purchased_purges":0,"victory":false,"max_hp_per_floor":[72,72,72,72,72,72,72,72,72,72,77,77,77,77,77,77,77,77,77,77,77,77,77,77,77,77,77,77],"card_choices":[{"not_picked":["EmptyFist","DeceiveReality"],"picked":"Swivel","floor":1},{"not_picked":["CrushJoints","Collect"],"picked":"JustLucky","floor":4},{"not_picked":["FlurryOfBlows","FollowUp"],"picked":"Tantrum","floor":6},{"not_picked":["Indignation","Adaptation"],"picked":"MentalFortress","floor":7},{"not_picked":["ClearTheMind","JustLucky"],"picked":"DeceiveReality","floor":8},{"not_picked":["CutThroughFate","InnerPeace"],"picked":"EmptyBody","floor":10},{"not_picked":["JustLucky","FlyingSleeves"],"picked":"FollowUp","floor":14},{"not_picked":["Blasphemy","SpiritShield"],"picked":"Devotion","floor":16},{"not_picked":["Halt+1","Prostrate"],"picked":"Perseverance+1","floor":18},{"not_picked":["Protect","CrushJoints"],"picked":"WheelKick","floor":19},{"not_picked":["Prostrate","PathToVictory"],"picked":"FollowUp+1","floor":23},{"not_picked":["EmptyBody","Vault"],"picked":"Nirvana+1","floor":24},{"not_picked":["Pray","ClearTheMind"],"picked":"ForeignInfluence","floor":25}],"player_experience":318327,"relics_obtained":[{"floor":6,"key":"Bag of Preparation"},{"floor":9,"key":"Bronze Scales"},{"floor":24,"key":"CeramicFish"},{"floor":26,"key":"Pen Nib"}],"event_choices":[{"damage_healed":0,"gold_gain":0,"player_choice":"Ignored","damage_taken":0,"max_hp_gain":0,"max_hp_loss":0,"event_name":"Golden Wing","floor":2,"gold_loss":0},{"damage_healed":0,"gold_gain":0,"player_choice":"Success","damage_taken":18,"relics_obtained":["Dream Catcher"],"max_hp_gain":0,"max_hp_loss":0,"event_name":"Scrap Ooze","floor":5,"gold_loss":0},{"damage_healed":0,"gold_gain":0,"player_choice":"Donut","damage_taken":0,"max_hp_gain":5,"max_hp_loss":0,"event_name":"Big Fish","floor":11,"gold_loss":0},{"damage_healed":0,"gold_gain":0,"player_choice":"Leave","damage_taken":0,"max_hp_gain":0,"max_hp_loss":0,"event_name":"The Cleric","floor":12,"gold_loss":0},{"damage_healed":0,"gold_gain":0,"player_choice":"Ignored","damage_taken":0,"max_hp_gain":0,"max_hp_loss":0,"event_name":"Liars Game","floor":13,"gold_loss":0},{"damage_healed":0,"gold_gain":0,"player_choice":"Simplicity","damage_taken":0,"max_hp_gain":0,"max_hp_loss":0,"event_name":"Back to Basics","floor":21,"gold_loss":0,"cards_upgraded":["Strike_P","Strike_P","Strike_P","Strike_P","Defend_P","Defend_P","Defend_P","Defend_P"]}],"is_beta":false,"boss_relics":[{"not_picked":["Coffee Dripper","Runic Dome","Ectoplasm"]}],"items_purged_floors":[],"is_endless":false,"potions_floor_spawned":[1,6,8],"killed_by":"3 Cultists","ascension_level":0}}