{"host":"eqn7luyqlbzuqhgd","time":1609744853,"event":{"mods":["2.2 Compatiblity","Act Like it!","BaseMod","CapriCore","Friendly Minions","Hermit","Koishi","KomeijiMod","Marisa£¨Ùöéë¡¡Øª×âÞÞ£©","Minty Spire (QoL Compilation)","Reimu£¨ÚÏ???£©","StSLib","The Cursed","The Dragon Tamer","The Gatherer","The Immortal","The Poker Player"],"gold_per_floor":[111,186,206,206,216,216,245,245,245,259,293,305,333,293,293,396,396,407,407,322,218,237,267,279,279,329,378,392,392,425,437,437,532,532,547,286,286,5,54,54,64,64,64,64,64,114,145,155,155,155],"floor_reached":51,"playtime":3125,"items_purged":["hermit:Strike_Hermit","hermit:Strike_Hermit","hermit:Strike_Hermit"],"score":973,"play_id":"03c04a94-21d0-4155-870c-8cf3cd364840","local_time":"20210104162053","is_ascension_mode":true,"campfire_choices":[{"data":"hermit:LoneWolf","floor":6.0,"key":"SMITH"},{"data":"hermit:WideOpen","floor":8.0,"key":"SMITH"},{"data":"hermit:CalledShot","floor":15.0,"key":"SMITH"},{"data":"hermit:Cheat","floor":25.0,"key":"SMITH"},{"data":"hermit:Dissolve","floor":29.0,"key":"SMITH"},{"data":"hermit:DeadMansHand","floor":32.0,"key":"SMITH"},{"data":"hermit:LoneWolf","floor":40.0,"key":"SMITH"},{"data":"hermit:DeadMansHand","floor":45.0,"key":"SMITH"},{"data":"hermit:Gambit","floor":49.0,"key":"SMITH"}],"circlet_count":0,"master_deck":["hermit:Defend_Hermit","hermit:Defend_Hermit","hermit:Defend_Hermit","hermit:Snapshot","hermit:Covet","hermit:HighCaliber","hermit:WideOpen+1","hermit:LoneWolf+1","hermit:CalledShot+1","hermit:BodyArmor","hermit:Gambit+1","hermit:RoundhouseKick","CurseOfTheBell","hermit:Cheat+1","hermit:Vantage+1","hermit:Combo","hermit:Dissolve+1","hermit:DeadMansHand+1","hermit:LuckOfTheDraw","hermit:Magnum","hermit:Manifest+1","hermit:LoneWolf+1","hermit:DeadMansHand+1"],"relics":["hermit:Momento","PureWhite:ReiMu","Question Card","Tiny Chest","Smiling Mask","PaintedHorse:ReiMu","Calling Bell","Pen Nib","The Courier","Ginger","CrazyTorch:ReiMu","Shuriken","Omamori","Potion Belt","HornCleat","Busted Crown","Juzu Bracelet","Oddly Smooth Stone","Art of War","CatCart","hermit:RyeStalk","hermit:Horseshoe","Sundial","Lizard Tail","Bottled Lightning"],"acts_visited":["Exordium","TheCity","TheBeyond"],"potions_floor_usage":[],"damage_taken":[{"damage":0.0,"enemies":"2 Louse","floor":1.0,"turns":3.0},{"damage":0.0,"enemies":"Cultist","floor":3.0,"turns":3.0},{"damage":5.0,"enemies":"Small Slimes","floor":5.0,"turns":2.0},{"damage":10.0,"enemies":"Gremlin Nob","floor":7.0,"turns":3.0},{"damage":0.0,"enemies":"Looter","floor":10.0,"turns":3.0},{"damage":30.0,"enemies":"Lagavulin","floor":11.0,"turns":4.0},{"damage":9.0,"enemies":"Exordium Thugs","floor":12.0,"turns":4.0},{"damage":10.0,"enemies":"3 Sentries","floor":13.0,"turns":4.0},{"damage":16.0,"enemies":"Hexaghost","floor":16.0,"turns":9.0},{"damage":8.0,"enemies":"2 Thieves","floor":18.0,"turns":3.0},{"damage":0.0,"enemies":"Spheric Guardian","floor":22.0,"turns":1.0},{"damage":19.0,"enemies":"Book of Stabbing","floor":23.0,"turns":5.0},{"damage":0.0,"enemies":"Chosen and Byrds","floor":24.0,"turns":3.0},{"damage":31.0,"enemies":"Snake Plant","floor":28.0,"turns":4.0},{"damage":13.0,"enemies":"Gremlin Leader","floor":30.0,"turns":5.0},{"damage":0.0,"enemies":"Cultist and Chosen","floor":31.0,"turns":5.0},{"damage":0.0,"enemies":"Champ","floor":33.0,"turns":7.0},{"damage":6.0,"enemies":"Orb Walker","floor":35.0,"turns":2.0},{"damage":13.0,"enemies":"Orin","floor":39.0,"turns":7.0},{"damage":4.0,"enemies":"3 Shapes","floor":41.0,"turns":3.0},{"damage":0.0,"enemies":"Mind Bloom Boss Battle","floor":46.0,"turns":2.0},{"damage":10.0,"enemies":"Reptomancer","floor":47.0,"turns":8.0},{"damage":0.0,"enemies":"Jaw Worm Horde","floor":48.0,"turns":4.0},{"damage":0,"enemies":"Awakened One","floor":50,"turns":9}],"seed_played":"1745352385186625020","potions_obtained":[{"floor":1.0,"key":"FairyPotion"},{"floor":3.0,"key":"FairyPotion"},{"floor":7.0,"key":"LiquidMemories"},{"floor":18.0,"key":"FearPotion"},{"floor":23.0,"key":"GrandPatriotsElixir:ReiMu"},{"floor":31.0,"key":"AttackPotion"},{"floor":46.0,"key":"hermit:Tonic"},{"floor":47.0,"key":"Ancient Potion"}],"is_trial":false,"path_per_floor":["M","?","M","?","M","R","E","R","T","M","E","M","E","?","R","B",null,"M","?","?","$","M","E","M","R","T","T","M","R","E","M","R","B",null,"M","$","?","$","?","R","M","?","T","T","R","?","E","M","R","B",null],"character_chosen":"HERMIT","items_purchased":["hermit:Cheat","hermit:LoneWolf","hermit:DeadMansHand","Juzu Bracelet","Oddly Smooth Stone","Art of War"],"campfire_rested":0,"item_purchase_floors":[21,36,36,36,38,38],"current_hp_per_floor":[75,64,64,64,59,59,49,49,49,49,19,10,22,22,22,6,75,67,75,75,75,75,56,56,56,56,56,25,25,12,12,12,12,75,69,69,69,69,56,56,52,52,52,52,52,52,42,42,42,42],"gold":155,"neow_bonus":"RANDOM_COLORLESS","is_daily":false,"chose_seed":false,"campfire_upgraded":9,"win_rate":0.0,"timestamp":1609744853,"path_taken":["M","?","M","?","?","R","E","R","T","?","E","M","E","?","R","BOSS","M","?","?","$","M","E","M","R","T","?","M","R","E","M","R","BOSS","M","$","?","$","?","R","M","?","T","?","R","?","E","M","R","BOSS"],"items_purchased_type":["Card","Card","Card","Relic","Relic","Relic"],"build_version":"2020-12-22","purchased_purges":3,"victory":true,"max_hp_per_floor":[75,75,75,75,75,75,75,75,75,75,75,75,75,75,75,75,75,75,75,75,75,75,75,75,75,75,75,75,75,75,75,75,75,75,75,75,75,75,75,75,75,75,75,75,75,75,75,75,75,75],"card_choices":[{"not_picked":["Purity","PanicButton"],"picked":"Discovery","floor":0.0},{"not_picked":["hermit:Coalescence","hermit:ItchyTrigger"],"picked":"hermit:HighCaliber","floor":1.0},{"not_picked":["hermit:BodyArmor","hermit:Dive"],"picked":"hermit:WideOpen","floor":3.0},{"not_picked":["hermit:BodyArmor","hermit:Cheat"],"picked":"hermit:LoneWolf","floor":5.0},{"not_picked":["hermit:FinalCanter","hermit:Coalescence","hermit:WideOpen"],"picked":"SKIP","floor":7.0},{"not_picked":["hermit:Deadeye","hermit:Coalescence","hermit:BodyArmor"],"picked":"hermit:CalledShot","floor":10.0},{"not_picked":["hermit:Quickdraw","hermit:Misfire","hermit:Glare","hermit:NoHoldsBarred"],"picked":"SKIP","floor":11.0},{"not_picked":["hermit:Malice","hermit:PistolWhip","hermit:HighCaliber"],"picked":"hermit:BodyArmor","floor":12.0},{"not_picked":["hermit:Cheat","hermit:Deadeye","hermit:ItchyTrigger"],"picked":"hermit:Gambit","floor":13.0},{"not_picked":["hermit:FatalDesire","hermit:EternalForm","hermit:Reprieve"],"picked":"hermit:RoundhouseKick","floor":16.0},{"not_picked":["hermit:WideOpen","hermit:Midnight","hermit:Vantage","hermit:Desperado+1"],"picked":"SKIP","floor":18.0},{"not_picked":["hermit:Glare","hermit:Snipe","hermit:Roulette+1"],"picked":"hermit:Vantage+1","floor":22.0},{"not_picked":["hermit:Headshot","hermit:LowProfile","hermit:WideOpen+1","hermit:Feint"],"picked":"SKIP","floor":23.0},{"not_picked":["hermit:BodyArmor","hermit:Gestalt","hermit:GoldenBullet"],"picked":"hermit:Combo","floor":24.0},{"not_picked":["hermit:NoHoldsBarred","hermit:CursedWeapon+1","hermit:Headshot+1"],"picked":"hermit:Dissolve","floor":28.0},{"not_picked":["hermit:CalledShot","hermit:Scavenge","hermit:Roughhouse"],"picked":"hermit:DeadMansHand","floor":30.0},{"not_picked":["hermit:Horror","hermit:FlashPowder+1","hermit:CursedWeapon"],"picked":"hermit:LuckOfTheDraw","floor":31.0},{"not_picked":["hermit:BlackWind","hermit:HighNoon","hermit:RoundhouseKick"],"picked":"hermit:Magnum","floor":33.0},{"not_picked":["hermit:Coalescence"],"picked":"hermit:Manifest+1","floor":35.0},{"not_picked":["hermit:TakeAim","hermit:Maintenance+1"],"picked":"SKIP","floor":41.0},{"not_picked":["hermit:Vantage","hermit:Coalescence"],"picked":"SKIP","floor":47.0},{"not_picked":["hermit:TakeCover+1","hermit:Cheat+1"],"picked":"SKIP","floor":48.0}],"player_experience":785751,"relics_obtained":[{"floor":7.0,"key":"PureWhite:ReiMu"},{"floor":9.0,"key":"Question Card"},{"floor":11.0,"key":"Tiny Chest"},{"floor":13.0,"key":"Smiling Mask"},{"floor":17.0,"key":"Pen Nib"},{"floor":17.0,"key":"The Courier"},{"floor":17.0,"key":"Ginger"},{"floor":23.0,"key":"Shuriken"},{"floor":26.0,"key":"Omamori"},{"floor":27.0,"key":"Potion Belt"},{"floor":30.0,"key":"HornCleat"},{"floor":39.0,"key":"CatCart"},{"floor":43.0,"key":"hermit:Horseshoe"},{"floor":44.0,"key":"Sundial"},{"floor":46.0,"key":"Lizard Tail"},{"floor":47.0,"key":"Bottled Lightning"}],"event_choices":[{"damage_healed":0.0,"max_hp_gain":0.0,"max_hp_loss":0.0,"gold_gain":75.0,"event_name":"World of Goop","player_choice":"Gather Gold","floor":2.0,"gold_loss":0.0,"damage_taken":11.0},{"cards_removed":["hermit:Strike_Hermit"],"damage_healed":0.0,"max_hp_gain":0.0,"max_hp_loss":0.0,"gold_gain":0.0,"event_name":"Bonfire Elementals","player_choice":"Offered Basic","floor":4.0,"gold_loss":0.0,"damage_taken":0.0},{"damage_healed":0.0,"max_hp_gain":0.0,"max_hp_loss":0.0,"gold_gain":0.0,"event_name":"yidonshenshe","player_choice":"Donate","floor":14.0,"gold_loss":40.0,"damage_taken":0.0,"relics_obtained":["PaintedHorse:ReiMu"]},{"damage_healed":0.0,"max_hp_gain":0.0,"max_hp_loss":0.0,"gold_gain":0.0,"event_name":"Addict","player_choice":"Obtained Relic","floor":20.0,"gold_loss":85.0,"damage_taken":0.0,"relics_obtained":["CrazyTorch:ReiMu"]},{"cards_removed":["hermit:Defend_Hermit"],"damage_healed":0.0,"max_hp_gain":0.0,"max_hp_loss":0.0,"gold_gain":0.0,"event_name":"Falling","player_choice":"Removed Skill","floor":37.0,"gold_loss":0.0,"damage_taken":0.0},{"damage_healed":0.0,"max_hp_gain":0.0,"max_hp_loss":0.0,"gold_gain":0.0,"event_name":"OrinTheCat","player_choice":"Fight","floor":39.0,"gold_loss":0.0,"damage_taken":0.0},{"cards_removed":["Discovery"],"damage_healed":0.0,"max_hp_gain":0.0,"max_hp_loss":0.0,"gold_gain":0.0,"event_name":"WeMeetAgain","player_choice":"Gave Card","floor":42.0,"gold_loss":0.0,"damage_taken":0.0,"relics_obtained":["hermit:RyeStalk"]},{"damage_healed":0.0,"max_hp_gain":0.0,"max_hp_loss":0.0,"gold_gain":0.0,"event_name":"MindBloom","player_choice":"Fight","floor":46.0,"gold_loss":0.0,"damage_taken":0.0}],"is_beta":false,"boss_relics":[{"not_picked":["Sozu","Ectoplasm"],"picked":"Calling Bell"},{"not_picked":["Runic Pyramid","RedLine:ReiMu"],"picked":"Busted Crown"}],"items_purged_floors":[21,36,38],"is_endless":false,"potions_floor_spawned":[1,3,7,18,23,24,31,46,47],"ascension_level":3}}