{"host":"fdmexzkyss3ff9bv","time":1609792267,"event":{"mods":["BaseMod","Beaked The Cultist","BetterRewards","Downfall","Glutton Mod","Halation","Hubris","Infinite Spire","Minty Spire (QoL Compilation)","Replay The Spire","StSLib","The Animator","The Blackbeard","The Bug Knight","The Construct","The Mystic","The Servant 0.9.4","The Witch"],"gold_per_floor":[218,218,236,256,35,69,69,96,96,96,96,107,127,127,127,223,223,243,243,243,263,276,301,301,104,128,128,128,143,143,158,158,266,266,294,294,326,367,462,526,574,574,598,598,558,612,685,250,250,267,267,267,117,160,263,263],"floor_reached":55,"playtime":4430,"items_purged":[],"score":892,"play_id":"68337aec-3c1e-40cf-82bd-4bc52ce99e5e","local_time":"20210104213107","is_ascension_mode":false,"campfire_choices":[{"floor":7,"key":"REST"},{"floor":11,"key":"REST"},{"floor":15,"key":"REST"},{"data":"Ghostly","floor":24,"key":"SMITH"},{"data":"Ghostly","floor":28,"key":"SMITH"},{"floor":32,"key":"RECALL"},{"floor":42,"key":"REST"},{"data":"Ghostly","floor":44,"key":"SMITH"},{"data":"Ghostly","floor":49,"key":"SMITH"},{"data":"Ghostly","floor":52,"key":"SMITH"}],"circlet_count":0,"master_deck":["Strike_G","Strike_G+1","Strike_G","Strike_G","Strike_G","Defend_G","Defend_G+1","Defend_G","Defend_G","Defend_G+1","Survivor","Neutralize+1","Hidden Blade","Hidden Blade","Cloak And Dagger","Cloak And Dagger","Cloak And Dagger","Blade Dance","Flying Knee","Storm of Steel","HollowMod:FocusHealStart","Burst","Replay:Bootleg Shield Generator","ReplayTheSpireMod:Chaos Vortex","Dagger Spray+1","infinitespire:Punishment","Ghostly+1","Ghostly+1","Ghostly+1","Ghostly+1","Ghostly+1","Deflect","Acrobatics","Cloak And Dagger","Cloak And Dagger","hubris:SlightOfHand","Noxious Fumes","Noxious Fumes","expansioncontent:Hexaburn","hubris:Counter","Dagger Throw","Deflect","Expertise","Wraith Form v2","hubris:TrickCloak","infinitespire:FutureSight","Blade Dance","Venomology","Backflip+1","Cloak And Dagger+1","Blade Dance+1","Blade Dance+1","Terror","Acrobatics","Distraction","Blade Dance","ReplayTheSpireMod:Necrogeddon","Dodge and Roll+1"],"relics":["Ring of the Snake","halation:LettersToHer","Oddly Smooth Stone","War Paint","hubris:Metronome","Omamori","ReplayTheSpireMod:SealedPack","Pantograph","Happy Flower","BargainBundle","hubris:Towel","halation:YellowSoulGem","infinitespire:EvilPickle","Runic Pyramid","Quantum Egg","Regal Pillow","halation:SwordOfLegend","halation:IllGainedPizza","HandDrill","halation:Sosunser","hubris:ToyBattleship"],"acts_visited":["Exordium","TheCity","TheBeyond","TheEnding"],"potions_floor_usage":[6,6,6,16,23,33,33,41,46,47,50,50,55,55,55,55],"damage_taken":[{"damage":5,"enemies":"Cultist","floor":1,"turns":4},{"damage":7,"enemies":"Small Slimes","floor":3,"turns":3},{"damage":14,"enemies":"Jaw Worm","floor":4,"turns":4},{"damage":33,"enemies":"Gremlin Nob","floor":6,"turns":6},{"damage":0,"enemies":"Looter","floor":12,"turns":2},{"damage":4,"enemies":"3 Louse","floor":13,"turns":2},{"damage":9,"enemies":"Hexaghost","floor":16,"turns":10},{"damage":0,"enemies":"Chosen","floor":18,"turns":4},{"damage":0,"enemies":"Spheric Guardian","floor":21,"turns":1},{"damage":0,"enemies":"Snecko","floor":22,"turns":5},{"damage":0,"enemies":"Gremlin Leader","floor":23,"turns":5},{"damage":1,"enemies":"Centurion and Healer","floor":29,"turns":4},{"damage":0,"enemies":"Shelled Parasite and Fungi","floor":31,"turns":2},{"damage":15,"enemies":"Pondfish","floor":33,"turns":7},{"damage":9,"enemies":"3 Darklings","floor":35,"turns":4},{"damage":0,"enemies":"Orb Walker","floor":37,"turns":2},{"damage":0,"enemies":"Writhing Mass","floor":38,"turns":6},{"damage":0,"enemies":"Reptomancer","floor":40,"turns":5},{"damage":10,"enemies":"4 Shapes","floor":41,"turns":3},{"damage":0,"enemies":"Maw","floor":46,"turns":7},{"damage":1,"enemies":"3 Darklings","floor":47,"turns":6},{"damage":16,"enemies":"Replay:Hell Engine","floor":50,"turns":11},{"damage":3,"enemies":"Shield and Spear","floor":54,"turns":5},{"damage":49,"enemies":"The Heart","floor":55,"turns":11}],"seed_played":"9125302451124808782","potions_obtained":[{"floor":6,"key":"DistilledChaos"},{"floor":12,"key":"Dexterity Potion"},{"floor":13,"key":"SpeedPotion"},{"floor":18,"key":"AttackPotion"},{"floor":35,"key":"ColorlessPotion"},{"floor":38,"key":"Swift Potion"},{"floor":45,"key":"Block Potion"},{"floor":45,"key":"Weak Potion"},{"floor":47,"key":"LifebloodPotion"}],"is_trial":false,"path_per_floor":["M","?","M","M","$","E","R","T","T","?","R","M","M","?","R","B",null,"M","AVR","?","M","M","E","R","$","T","?","R","M","?","M","R","B",null,"M","AVR","M","M","?","E","M","R","T","R","?","M","M","$","R","B",null,"R","$","E","B"],"character_chosen":"THE_SILENT","items_purchased":["Cloak And Dagger","Guardian:BlockOnCardUsePotion","Block Potion","Dexterity Potion","BargainBundle","Cloak And Dagger","hubris:SlightOfHand","Noxious Fumes","expansioncontent:Hexaburn","hubris:Counter","Dagger Throw","ColorlessPotion","ColorlessPotion","HandDrill","Distraction","Blade Dance","ReplayTheSpireMod:Necrogeddon","halation:Sosunser"],"campfire_rested":4,"item_purchase_floors":[5,5,5,5,25,25,25,25,25,25,25,25,25,48,48,48,48,53],"current_hp_per_floor":[65,65,58,44,44,11,32,32,32,14,35,35,31,17,38,29,70,70,70,35,35,35,35,35,35,35,35,35,34,34,34,34,20,35,26,26,26,26,18,18,8,32,32,32,32,32,31,31,34,19,35,35,35,32,0,0],"gold":263,"neow_bonus":"HUNDRED_GOLD","is_daily":false,"chose_seed":false,"campfire_upgraded":5,"win_rate":0.0,"timestamp":1609792267,"path_taken":["M","?","M","M","$","E","R","?","T","?","R","M","M","?","R","BOSS","M","AVR","?","M","M","E","R","$","T","?","R","M","?","M","R","BOSS","M","AVR","M","M","?","E","?","R","T","R","?","?","M","$","R","BOSS","R","$","E","BOSS"],"items_purchased_type":["Card","Potion","Potion","Potion","Relic","Card","Card","Card","Card","Card","Card","Potion","Potion","Relic","Card","Card","Card","Relic"],"build_version":"2020-12-13","purchased_purges":0,"victory":false,"max_hp_per_floor":[70,70,70,70,70,70,70,70,70,70,70,70,70,70,70,70,70,70,70,35,35,35,35,35,35,35,35,35,35,35,35,35,35,35,35,35,35,35,35,35,35,35,35,35,35,35,35,35,35,35,35,35,35,35,35,35],"card_choices":[{"not_picked":["Riddle With Holes","hubris:SlightOfHand"],"picked":"Hidden Blade","floor":1},{"not_picked":["Unload","Infinite Blades"],"picked":"Hidden Blade","floor":3},{"not_picked":["Poisoned Stab","Hidden Blade"],"picked":"Cloak And Dagger","floor":4},{"not_picked":["Outmaneuver","Bane"],"picked":"Cloak And Dagger","floor":6},{"not_picked":["Slice","Backstab"],"picked":"Blade Dance","floor":12},{"not_picked":["Sucker Punch","PiercingWail"],"picked":"Flying Knee","floor":13},{"not_picked":["Unload","A Thousand Cuts"],"picked":"Storm of Steel","floor":16},{"not_picked":["Slimebound:CorrosiveSpit","blackbeard:IntimidatingStrike"],"picked":"HollowMod:FocusHealStart","floor":17},{"not_picked":["Poison Darts","infinitespire:Neurotoxin"],"picked":"Burst","floor":17},{"not_picked":["Replay:SS_fish_3","expansioncontent:LastStand"],"picked":"Replay:Bootleg Shield Generator","floor":17},{"not_picked":["infinitespire:Menacing","infinitespire:Starlight"],"picked":"ReplayTheSpireMod:Chaos Vortex","floor":17},{"not_picked":["Prepared","Underhanded Strike+1"],"picked":"Dagger Spray+1","floor":18},{"not_picked":["Outmaneuver","Atom Bomb"],"picked":"Deflect","floor":21},{"not_picked":["Prepared","Flying Knee"],"picked":"Acrobatics","floor":22},{"not_picked":["Replay:Poison Smokescreen+1","Toxin Wave"],"picked":"Cloak And Dagger","floor":23},{"not_picked":["Deadly Poison+1","Replay:Bag of Tricks"],"picked":"Deflect","floor":29},{"not_picked":["hubris:SlightOfHand+1","ReplayTheSpireMod:Shiv Toss"],"picked":"Expertise","floor":31},{"not_picked":["Doppelganger","ReplayTheSpireMod:Necrosis"],"picked":"Wraith Form v2","floor":33},{"not_picked":["Bane","Deflect"],"picked":"hubris:TrickCloak","floor":35},{"not_picked":["Outmaneuver+1","Finisher+1"],"picked":"Blade Dance","floor":37},{"not_picked":["Acrobatics+1","Poisoned Stab"],"picked":"Venomology","floor":38},{"not_picked":["Caltrops+1","Dagger Throw"],"picked":"Backflip+1","floor":39},{"not_picked":["Predator+1","hubris:SlightOfHand+1"],"picked":"Cloak And Dagger+1","floor":39},{"not_picked":["Crippling Poison","Atom Bomb"],"picked":"Blade Dance+1","floor":40},{"not_picked":["hubris:SlightOfHand","hubris:TrickCloak+1"],"picked":"Blade Dance+1","floor":41},{"not_picked":["Deadly Poison+1","hubris:SlightOfHand"],"picked":"Terror","floor":46},{"not_picked":["ReplayTheSpireMod:Exploit Weakness","Reflex"],"picked":"Acrobatics","floor":47},{"not_picked":["Deadly Poison+1","Crippling Poison"],"picked":"Dodge and Roll+1","floor":54}],"player_experience":57534,"relics_obtained":[{"floor":2,"key":"halation:LettersToHer"},{"floor":6,"key":"Oddly Smooth Stone"},{"floor":8,"key":"halation:LettersToHer"},{"floor":8,"key":"War Paint"},{"floor":9,"key":"halation:LettersToHer"},{"floor":9,"key":"hubris:Metronome"},{"floor":23,"key":"Happy Flower"},{"floor":26,"key":"halation:LettersToHer"},{"floor":39,"key":"Regal Pillow"},{"floor":40,"key":"halation:SwordOfLegend"},{"floor":43,"key":"halation:LettersToHer"},{"floor":43,"key":"halation:IllGainedPizza"},{"floor":54,"key":"hubris:ToyBattleship"}],"event_choices":[{"damage_healed":0,"gold_gain":0,"player_choice":"Success","damage_taken":18,"relics_obtained":["Omamori"],"max_hp_gain":0,"max_hp_loss":0,"event_name":"Scrap Ooze","floor":10,"gold_loss":0},{"damage_healed":0,"gold_gain":0,"player_choice":"Entered Light","damage_taken":14,"max_hp_gain":0,"max_hp_loss":0,"event_name":"Shining Light","floor":14,"gold_loss":0,"cards_upgraded":["Strike_G","Neutralize"]},{"damage_healed":0,"gold_gain":0,"player_choice":"Became a Ghost","damage_taken":0,"max_hp_gain":0,"max_hp_loss":35,"event_name":"Ghosts","floor":20,"gold_loss":0,"cards_obtained":["Ghostly","Ghostly","Ghostly","Ghostly","Ghostly"]},{"damage_healed":0,"gold_gain":0,"player_choice":"Bought 3 Potions","damage_taken":0,"max_hp_gain":0,"max_hp_loss":0,"event_name":"The Woman in Blue","floor":45,"gold_loss":0}],"is_beta":false,"boss_relics":[{"not_picked":["hubris:BlackHole","halation:SmartPhone"],"picked":"ReplayTheSpireMod:SealedPack"},{"not_picked":["halation:ForbiddenBikini","Replay:Bronze Core"],"picked":"Runic Pyramid"}],"items_purged_floors":[],"is_endless":false,"potions_floor_spawned":[6,12,13,18,21,35,38,47],"killed_by":"The Heart","ascension_level":0}}