{"host":"ox77rn1xcurm2t5a","time":1609720615,"event":{"mods":["2.2 Compatiblity","AchievementEnabler","Act Like it!","Aspiration","BaseMod","Best Route Mod","Better Match","Better Note","Better Sensory Stone","Block Reminder","Colored Map","Colored Powertips","Conjunction","Conspire","Custom Start","Energized Spire","GifTheSpireLib","Gold Saver","Gremlin Skip","Halation","Highlight Path","Hubris","Infinite Spire","Minty Spire (QoL Compilation)","Pale of the Ancients","Quick Restart","Replay The Spire","Reworked Bosses","ShortenTheSpire","Spire Exporter","StSLib","Stuff the Spire","Wandering Minibosses","vexMod"],"gold_per_floor":[109,209,60,75,87,112,112,137,137,170,22,12,27,60,60,156,156,176,176,191,191,191,191,218,234,260,279,314,314,327,339,339,441,441,460,479,489,74,92,92,105,135,216,243,243,258,258,272,272,272,272,272,26,54,68,68],"floor_reached":55,"playtime":4357,"items_purged":["Zap","Strike_B","Strike_B"],"score":1397,"play_id":"28970eb8-550d-4efd-8d3b-e557444cdeff","local_time":"20210104023655","is_ascension_mode":true,"campfire_choices":[{"data":"Loop","floor":7.0,"key":"SMITH"},{"floor":15.0,"key":"RECALL"},{"data":"Creative AI","floor":23.0,"key":"SMITH"},{"data":"Loop","floor":29.0,"key":"SMITH"},{"data":"Dualcast","floor":32.0,"key":"SMITH"},{"floor":40.0,"key":"REST"},{"floor":49.0,"key":"REST"},{"data":"StuffTheSpire:ShieldGenerator","floor":52.0,"key":"SMITH"}],"circlet_count":0,"master_deck":["AscendersBane","Strike_B","Defend_B","Defend_B","Defend_B","Defend_B","Dualcast+1","Cold Snap","Loop+1","Conserve Battery","Conserve Battery","Machine Learning","Conserve Battery","Coolheaded","Coolheaded","Glacier+1","Creative AI+1","Cold Snap","StuffTheSpire:ShieldGenerator+1","FIFO Queue+1","Loop+1","Coolheaded+1","Gash","StuffTheSpire:Plugnplay+1","Gash","Go for the Eyes+1","Gash+1","Static Discharge+1","Glacier+1","Glacier+1","Barrage+1","StuffTheSpire:Plugnplay+1"],"relics":["Cracked Core","NeowsBlessing","conspire:GiftBox","Anchor","StuffTheSpire:Wildfire","PreservedInsect","Thread and Needle","hubris:ScarierMask","StuffTheSpire:Barrel","infinitespire:Satchel","aspiration:HiddenCompartment","StuffTheSpire:RunicConfusion","Quantum Egg","Orrery","conspire:TopHat","StuffTheSpire:ColdMirror","hubris:CrystalStatue","Blue Candle","Honey Jar","Oddly Smooth Stone","infinitespire:Midas Blood"],"acts_visited":["Exordium","TheCity","TheBeyond","TheEnding"],"potions_floor_usage":[],"damage_taken":[{"damage":0.0,"enemies":"2 Louse","floor":1.0,"turns":1.0},{"damage":0.0,"enemies":"Cultist","floor":4.0,"turns":1.0},{"damage":0.0,"enemies":"Small Slimes","floor":5.0,"turns":2.0},{"damage":8.0,"enemies":"3 Sentries","floor":6.0,"turns":3.0},{"damage":16.0,"enemies":"Lagavulin","floor":8.0,"turns":11.0},{"damage":22.0,"enemies":"Gremlin Nob","floor":10.0,"turns":5.0},{"damage":6.0,"enemies":"Exordium Thugs","floor":12.0,"turns":4.0},{"damage":0.0,"enemies":"3 Louse","floor":13.0,"turns":4.0},{"damage":2.0,"enemies":"3 Sentries","floor":14.0,"turns":11.0},{"damage":0.0,"enemies":"The Guardian","floor":16.0,"turns":2.0},{"damage":11.0,"enemies":"Spheric Guardian","floor":18.0,"turns":15.0},{"damage":0.0,"enemies":"Chosen","floor":20.0,"turns":10.0},{"damage":0.0,"enemies":"Gremlin Leader","floor":24.0,"turns":1.0},{"damage":0.0,"enemies":"Shelled Parasite and Fungi","floor":25.0,"turns":10.0},{"damage":0.0,"enemies":"Snake Plant","floor":27.0,"turns":10.0},{"damage":0.0,"enemies":"Slavers","floor":28.0,"turns":16.0},{"damage":0.0,"enemies":"Sentry and Sphere","floor":30.0,"turns":3.0},{"damage":4.0,"enemies":"Centurion and Healer","floor":31.0,"turns":6.0},{"damage":44.0,"enemies":"Automaton","floor":33.0,"turns":22.0},{"damage":0.0,"enemies":"Orb Walker","floor":35.0,"turns":7.0},{"damage":6.0,"enemies":"3 Shapes","floor":36.0,"turns":7.0},{"damage":8.0,"enemies":"Jaw Worm Horde","floor":37.0,"turns":8.0},{"damage":30.0,"enemies":"Transient","floor":39.0,"turns":5.0},{"damage":0.0,"enemies":"Maw","floor":41.0,"turns":11.0},{"damage":25.0,"enemies":"R_Hoarder","floor":42.0,"turns":9.0},{"damage":8.0,"enemies":"Nemesis","floor":44.0,"turns":11.0},{"damage":0.0,"enemies":"3 Darklings","floor":46.0,"turns":6.0},{"damage":9.0,"enemies":"Transient","floor":48.0,"turns":5.0},{"damage":0.0,"enemies":"bossMod:newAwakened","floor":50.0,"turns":14.0},{"damage":18.0,"enemies":"Shield and Spear","floor":54.0,"turns":6.0},{"damage":87,"enemies":"The Heart","floor":55,"turns":5}],"seed_played":"1125592603242359888","potions_obtained":[{"floor":1.0,"key":"AttackPotion"},{"floor":5.0,"key":"Fruit Juice"},{"floor":6.0,"key":"Milkshake"},{"floor":10.0,"key":"Swift Potion"},{"floor":19.0,"key":"Adrenaline Potion"},{"floor":19.0,"key":"FairyPotion"},{"floor":24.0,"key":"SteroidPotion"},{"floor":39.0,"key":"Conjunction:LightningMarble"},{"floor":48.0,"key":"DistilledChaos"}],"is_trial":false,"path_per_floor":["M","?","$","M","M","E","R","E","T","E","$","M","M","E","R","B",null,"M","?","M","?","?","R","E","M","T","M","E","R","M","M","R","B",null,"M","M","M","$","M","R","M","E","T","E","?","M","AVR","M","R","B",null,"R","$","E","B"],"character_chosen":"DEFECT","items_purchased":["Loop","PreservedInsect","Quantum Egg","Orrery","Oddly Smooth Stone"],"campfire_rested":2,"item_purchase_floors":[3,11,38,38,53],"current_hp_per_floor":[68,68,68,68,68,65,65,49,49,27,27,21,21,19,19,19,65,54,54,54,54,54,54,54,54,54,54,54,54,54,50,50,6,62,62,56,48,48,18,42,42,17,17,9,9,9,9,24,48,48,72,72,72,62,0,0],"gold":68,"neow_bonus":"THREE_ENEMY_KILL","is_daily":false,"chose_seed":false,"campfire_upgraded":5,"win_rate":0.0,"timestamp":1609720615,"path_taken":["M","?","?","M","M","E","R","E","T","E","$","?","M","E","R","BOSS","M","?","?","?","?","R","E","?","T","M","E","R","?","M","R","BOSS","M","?","?","$","?","R","M","E","T","E","?","M","AVR","M","R","BOSS","R","$","E","BOSS"],"items_purchased_type":["Card","Relic","Relic","Relic","Relic"],"build_version":"2020-12-22","purchased_purges":3,"victory":false,"max_hp_per_floor":[75,75,75,75,75,80,80,80,80,80,80,80,80,80,80,80,80,80,80,80,80,80,80,80,80,80,80,80,80,80,80,80,80,80,80,80,80,80,80,80,80,80,80,80,80,80,80,80,80,80,80,80,80,80,80,80],"card_choices":[{"not_picked":["Beam Cell","ReplaySolidLightProjector"],"picked":"Cold Snap","floor":1.0},{"not_picked":["Rebound","StuffTheSpire:GlassShard"],"picked":"Conserve Battery","floor":4.0},{"not_picked":["Barrage","StuffTheSpire:Rend"],"picked":"Conserve Battery","floor":5.0},{"not_picked":["hubris:SpecializedCircuitry","Rainbow"],"picked":"Machine Learning","floor":6.0},{"not_picked":["Hologram","Redo","Double Energy"],"picked":"SKIP","floor":6.0},{"not_picked":["hubris:PowerSurge","Compile Driver"],"picked":"Conserve Battery","floor":8.0},{"not_picked":["Go for the Eyes","Buffer","Reprogram"],"picked":"SKIP","floor":10.0},{"not_picked":["Sweeping Beam","conspire:Rain"],"picked":"Coolheaded","floor":12.0},{"not_picked":["Go for the Eyes","Aggregate"],"picked":"Coolheaded","floor":13.0},{"not_picked":["Coolheaded","ReplayTheSpireMod:Calculation Training"],"picked":"Glacier","floor":14.0},{"not_picked":["Seek","Hyperbeam"],"picked":"Creative AI","floor":16.0},{"not_picked":["Ball Lightning","Barrage"],"picked":"Cold Snap","floor":18.0},{"not_picked":["Hologram","Lockon"],"picked":"StuffTheSpire:ShieldGenerator","floor":20.0},{"not_picked":["Steam Power","StuffTheSpire:Plugnplay"],"picked":"FIFO Queue+1","floor":24.0},{"not_picked":["Leap","Go for the Eyes"],"picked":"Loop","floor":25.0},{"not_picked":["ReplaySolidLightProjector","Panic Button"],"picked":"Coolheaded+1","floor":27.0},{"not_picked":["Auto Shields+1","Reboot"],"picked":"Gash","floor":28.0},{"not_picked":["StuffTheSpire:Plugnplay","Steam","Hello World"],"picked":"SKIP","floor":30.0},{"not_picked":["Beam Cell","Compile Driver","Streamline"],"picked":"SKIP","floor":31.0},{"not_picked":["Barrage","Steam"],"picked":"StuffTheSpire:Plugnplay+1","floor":35.0},{"not_picked":["Beam Cell+1","Hologram+1"],"picked":"Gash","floor":36.0},{"not_picked":["ReplaySolidLightProjector+1","Scrape","BasicCrystalCard+1"],"picked":"SKIP","floor":37.0},{"not_picked":["StuffTheSpire:Plugnplay","Redo"],"picked":"Go for the Eyes+1","floor":38.0},{"not_picked":["StuffTheSpire:Purify","Cold Snap"],"picked":"Gash+1","floor":38.0},{"not_picked":["StuffTheSpire:LoadUp+1","Sweeping Beam"],"picked":"Static Discharge+1","floor":38.0},{"not_picked":["StuffTheSpire:GlassShard+1","Cold Snap","Turbo+1"],"picked":"SKIP","floor":39.0},{"not_picked":["Skim+1","Auto Shields","Streamline"],"picked":"SKIP","floor":41.0},{"not_picked":["Darkness","Redo"],"picked":"Glacier+1","floor":42.0},{"not_picked":["StuffTheSpire:EventHorizon","Stack+1"],"picked":"Glacier+1","floor":44.0},{"not_picked":["Beam Cell","Leap+1","StuffTheSpire:Plugnplay+1"],"picked":"SKIP","floor":46.0},{"not_picked":["StuffTheSpire:Plugnplay+1","FIFO Queue","Go for the Eyes"],"picked":"Barrage+1","floor":48.0},{"not_picked":["Doom and Gloom+1","Conserve Battery+1","hubris:DoWhile"],"picked":"StuffTheSpire:Plugnplay+1","floor":54.0}],"player_experience":2884030,"relics_obtained":[{"floor":6.0,"key":"conspire:GiftBox"},{"floor":8.0,"key":"Anchor"},{"floor":10.0,"key":"StuffTheSpire:Wildfire"},{"floor":14.0,"key":"Thread and Needle"},{"floor":24.0,"key":"StuffTheSpire:Barrel"},{"floor":26.0,"key":"infinitespire:Satchel"},{"floor":28.0,"key":"aspiration:HiddenCompartment"},{"floor":42.0,"key":"conspire:TopHat"},{"floor":43.0,"key":"StuffTheSpire:ColdMirror"},{"floor":44.0,"key":"hubris:CrystalStatue"},{"floor":54.0,"key":"infinitespire:Midas Blood"}],"event_choices":[{"damage_healed":0.0,"max_hp_gain":0.0,"max_hp_loss":0.0,"gold_gain":100.0,"event_name":"Golden Shrine","player_choice":"Pray","floor":2.0,"gold_loss":0.0,"damage_taken":0.0},{"damage_healed":0.0,"max_hp_gain":0.0,"max_hp_loss":0.0,"gold_gain":0.0,"event_name":"Lab","player_choice":"Got Potions","floor":19.0,"gold_loss":0.0,"damage_taken":0.0},{"cards_removed":["Strike_B"],"damage_healed":0.0,"max_hp_gain":0.0,"max_hp_loss":0.0,"gold_gain":0.0,"event_name":"Bonfire Elementals","player_choice":"Offered Basic","floor":22.0,"gold_loss":0.0,"damage_taken":0.0},{"damage_healed":0.0,"max_hp_gain":0.0,"max_hp_loss":0.0,"gold_gain":0.0,"event_name":"Upgrade Shrine","player_choice":"Upgraded","floor":45.0,"gold_loss":0.0,"damage_taken":0.0,"cards_upgraded":["Glacier"]}],"is_beta":false,"boss_relics":[{"not_picked":["conspire:RoyalGoblet","aspiration:BursterCore"],"picked":"hubris:ScarierMask"},{"not_picked":["aspiration:IroncladSkillbook","Replay:Ancient Bell"],"picked":"StuffTheSpire:RunicConfusion"}],"items_purged_floors":[3,47,53],"is_endless":false,"potions_floor_spawned":[1,5,6,10,12,24,27,30,35,37,39,48],"killed_by":"The Heart","ascension_level":11}}