{"host":"kabf61oc9jgfwufg","time":1609778092,"event":{"mods":["AchievementEnabler","Act Like it!","Aspiration","BaseMod","Conspire","GifTheSpireLib","Halation","HexUI Lib","Hubris","Infinite Spire","Minty Spire (QoL Compilation)","Pale of the Ancients","Rare Cards Sparkle","Replay The Spire","StSLib","The Jungle"],"gold_per_floor":[114,114,129,129,144,144,167,167,167,167,167,183,108,108,108],"floor_reached":14,"playtime":325,"items_purged":["Injury"],"score":80,"play_id":"40f71fff-ff6e-4ff8-921d-1024cabc08c3","local_time":"20210104163452","is_ascension_mode":false,"campfire_choices":[{"data":"FlurryOfBlows","floor":6,"key":"SMITH"},{"data":"Indignation","floor":8,"key":"SMITH"}],"circlet_count":0,"master_deck":["Strike_P","Strike_P","Strike_P","Strike_P","Defend_P","Defend_P","Defend_P","Defend_P","Eruption","Vigilance","FlurryOfBlows+1","FearNoEvil","EmptyMind","Indignation+1","EmptyMind","Adaptation"],"relics":["PureWater","Blue Doll","Golden Idol","Damaru"],"acts_visited":["Exordium"],"potions_floor_usage":[14,14],"damage_taken":[{"damage":0,"enemies":"2 Louse","floor":1,"turns":3},{"damage":11,"enemies":"Jaw Worm","floor":3,"turns":2},{"damage":1,"enemies":"Cultist","floor":5,"turns":3},{"damage":8,"enemies":"Red Slaver","floor":7,"turns":2},{"damage":0,"enemies":"Exordium Wildlife","floor":12,"turns":2},{"damage":42,"enemies":"3 Sentries","floor":14,"turns":4}],"seed_played":"-7124644279307039014","potions_obtained":[{"floor":5,"key":"Dexterity Potion"},{"floor":12,"key":"PowerPotion"}],"is_trial":false,"path_per_floor":["M","?","M","?","M","R","M","R","T","PTL","PTL","M","$","E"],"character_chosen":"WATCHER","items_purchased":[],"campfire_rested":0,"item_purchase_floors":[],"current_hp_per_floor":[72,60,49,49,48,48,40,40,40,40,40,40,40,0,0],"gold":108,"neow_bonus":"RANDOM_EVENT","is_daily":false,"chose_seed":false,"campfire_upgraded":2,"win_rate":0.0,"timestamp":1609778092,"path_taken":["M","?","M","?","M","R","?","R","T","PTL","PTL","M","$","E"],"items_purchased_type":[],"build_version":"2020-12-22","purchased_purges":1,"victory":false,"max_hp_per_floor":[72,72,72,72,72,72,72,72,72,72,72,72,72,72,72],"card_choices":[{"not_picked":["Replay:ManipulateFuture","EmptyFist"],"picked":"FearNoEvil","floor":1},{"not_picked":["ReachHeaven","Halt"],"picked":"EmptyMind","floor":3},{"not_picked":["WaveOfTheHand","Omniscience"],"picked":"Indignation","floor":5},{"not_picked":["BowlingBash","Replay:Anticipation"],"picked":"EmptyMind","floor":7},{"not_picked":["Fasting2","ForeignInfluence"],"picked":"Adaptation","floor":12}],"player_experience":33426,"relics_obtained":[{"floor":9,"key":"Damaru"}],"event_choices":[{"damage_healed":0,"gold_gain":0,"player_choice":"Success","damage_taken":12,"relics_obtained":["Blue Doll"],"max_hp_gain":0,"max_hp_loss":0,"event_name":"Scrap Ooze","floor":2,"gold_loss":0},{"damage_healed":0,"gold_gain":0,"player_choice":"Take Wound","damage_taken":0,"relics_obtained":["Golden Idol"],"max_hp_gain":0,"max_hp_loss":0,"event_name":"Golden Idol","floor":4,"gold_loss":0,"cards_obtained":["Injury"]}],"is_beta":false,"boss_relics":[],"items_purged_floors":[13],"is_endless":false,"potions_floor_spawned":[5,12],"killed_by":"3 Sentries","ascension_level":0}}