{"host":"jpcy2bclvs7juczu","time":1609729806,"event":{"mods":["AchievementEnabler","Alarm Clock","BaseMod","Block Reminder","Colored Map","Colored Powertips","Curses Come First","Minty Spire (QoL Compilation)","Quick Restart","RNG Fix","Relic Stats","StSLib","everything is the same but u backflip on backflip","ojb\u0027s Better Paths Mod","ojb\u0027s Info Mod","slay the spire mod where everything is the same but ironclad has a cowboy hat"],"gold_per_floor":[119,137,151,171,171,171,171,206,231,264,264,264],"floor_reached":11,"playtime":295,"items_purged":[],"score":150,"play_id":"07f54ba9-cce6-488b-98b5-da18f2a2dc24","local_time":"20210104031006","is_ascension_mode":true,"campfire_choices":[{"data":"Bash","floor":6.0,"key":"SMITH"}],"circlet_count":0,"master_deck":["AscendersBane","Strike_R","Strike_R","Strike_R","Strike_R","Strike_R","Defend_R","Defend_R","Defend_R","Defend_R","Bash+1","Disarm","Feel No Pain","Shockwave","Perfected Strike"],"relics":["Burning Blood","NeowsBlessing","Golden Idol","CeramicFish"],"acts_visited":[],"potions_floor_usage":[11],"damage_taken":[{"damage":0.0,"enemies":"Jaw Worm","floor":1.0,"turns":1.0},{"damage":0.0,"enemies":"2 Louse","floor":2.0,"turns":1.0},{"damage":0.0,"enemies":"Small Slimes","floor":3.0,"turns":1.0},{"damage":3.0,"enemies":"3 Louse","floor":4.0,"turns":5.0},{"damage":38.0,"enemies":"Gremlin Nob","floor":8.0,"turns":5.0},{"damage":31.0,"enemies":"Large Slime","floor":10.0,"turns":13.0},{"damage":14,"enemies":"3 Sentries","floor":11,"turns":2}],"seed_played":"-6196245185676736348","potions_obtained":[{"floor":2.0,"key":"Weak Potion"},{"floor":3.0,"key":"Block Potion"},{"floor":4.0,"key":"LiquidBronze"}],"is_trial":false,"path_per_floor":["M","M","M","M","?","R","?","E","T","M","E"],"character_chosen":"IRONCLAD","items_purchased":[],"campfire_rested":0,"item_purchase_floors":[],"current_hp_per_floor":[74,75,75,75,68,68,68,36,36,11,0,0],"gold":264,"neow_bonus":"THREE_ENEMY_KILL","is_daily":false,"chose_seed":false,"campfire_upgraded":1,"win_rate":0.0,"timestamp":1609729806,"path_taken":["M","M","M","M","?","R","?","E","T","?","E"],"items_purchased_type":[],"build_version":"2020-12-22","purchased_purges":0,"victory":false,"max_hp_per_floor":[75,75,75,75,68,68,68,68,68,68,68,68],"relic_stats":{"counters":[7,28],"Golden Idol":12,"CeramicFish":9,"obtain_stats":[{"NeowsBlessing":0,"Golden Idol":5,"CeramicFish":8,"Burning Blood":0},{"NeowsBlessing":0,"Golden Idol":4,"CeramicFish":5,"Burning Blood":0},{"NeowsBlessing":0,"Golden Idol":8,"CeramicFish":13,"Burning Blood":0}],"Burning Blood":22},"card_choices":[{"not_picked":["Wild Strike","Heavy Blade"],"picked":"Disarm","floor":1.0},{"not_picked":["Infernal Blade","True Grit","Armaments"],"picked":"SKIP","floor":2.0},{"not_picked":["Searing Blow","Sever Soul"],"picked":"Feel No Pain","floor":3.0},{"not_picked":["Pommel Strike","Wild Strike"],"picked":"Shockwave","floor":4.0},{"not_picked":["Sever Soul","Limit Break","Clash"],"picked":"SKIP","floor":8.0},{"not_picked":["Sentinel","Heavy Blade"],"picked":"Perfected Strike","floor":10.0}],"player_experience":179089,"relics_obtained":[{"floor":8.0,"key":"CeramicFish"}],"event_choices":[{"damage_healed":0.0,"max_hp_gain":0.0,"max_hp_loss":7.0,"gold_gain":0.0,"event_name":"Golden Idol","player_choice":"Lose Max HP","floor":5.0,"gold_loss":0.0,"damage_taken":0.0,"relics_obtained":["Golden Idol"]},{"damage_healed":0.0,"max_hp_gain":0.0,"max_hp_loss":0.0,"gold_gain":0.0,"event_name":"Liars Game","player_choice":"Ignored","floor":7.0,"gold_loss":0.0,"damage_taken":0.0}],"is_beta":false,"boss_relics":[],"items_purged_floors":[],"is_endless":false,"potions_floor_spawned":[2,3,4,8],"killed_by":"3 Sentries","ascension_level":20}}