{"host":"svwqvw2il1zfkkg0","time":1609730437,"event":{"mods":["AchievementEnabler","BaseMod","BetterRewards","Colored Map","Colored Powertips","Custom Start","Downfall","GifTheSpireLib","Highlight Path","Hubris","Infinite Spire","Minty Spire (QoL Compilation)","Quick Restart","Replay The Spire","Shop Mod","StSLib","SuperFastMode"],"gold_per_floor":[111,124,124,124,138,138,163,178,178,190,219,1,32,63,63,194,194,239,276,24,70,102,102,161,161,161,202,245,245,288,340,340,489,489,526,6,84,84,122,122,0,0,0,69,118,156,156],"floor_reached":46,"playtime":1300,"items_purged":[],"score":569,"play_id":"214e91ef-c557-4d13-8867-23c357f06561","local_time":"20210103192037","is_ascension_mode":false,"campfire_choices":[{"data":"Hidden Blade","floor":6,"key":"SMITH"},{"floor":15,"key":"REST"},{"data":"Blade Dance","floor":23,"key":"SMITH"},{"floor":29,"key":"REST"},{"floor":32,"key":"REST"},{"floor":40,"key":"REST"}],"circlet_count":0,"master_deck":["Strike_G","Strike_G","Strike_G","Strike_G","Strike_G+1","Defend_G","Defend_G","Defend_G","Defend_G","Defend_G","Survivor","Neutralize","Slice+1","Acrobatics+1","Hidden Blade+1","Sucker Punch","Poisoned Stab","Blade Dance+1","All Out Attack+1","Endless Agony","Accuracy","Sucker Punch","After Image","Prepared","Poisoned Stab+1","Glass Knife+1","Quick Slash","All Out Attack","Neutralize","Cloak And Dagger","Blade Dance","Dagger Throw+1","Blade Dance","Dagger Throw+1","Dagger Spray+1","A Thousand Cuts"],"relics":["Ring of the Snake","Byrd Skull","Onion Ring","Sundial","ReplayTheSpireMod:TigerMarble","Guide Book","Replay:Bandana","hubris:CrackedHourglass","BargainBundle","hubris:TenFootPole","Molten Egg 2","Sozu","Counterbalance","HandDrill","Darkstone Periapt","Red Mask","Art of War","Replay:PocketPolymizer","Whetstone"],"acts_visited":["Exordium","TheCity","TheBeyond"],"potions_floor_usage":[7,7,7,8,10,11,27,33,33,33],"damage_taken":[{"damage":6,"enemies":"2 Louse","floor":1,"turns":3},{"damage":0,"enemies":"Jaw Worm","floor":2,"turns":3},{"damage":0,"enemies":"Cultist","floor":5,"turns":3},{"damage":33,"enemies":"3 Sentries","floor":7,"turns":7},{"damage":0,"enemies":"Lots of Slimes","floor":8,"turns":3},{"damage":0,"enemies":"3 Louse","floor":10,"turns":2},{"damage":8,"enemies":"Lagavulin","floor":11,"turns":4},{"damage":0,"enemies":"Gremlin Nob","floor":13,"turns":2},{"damage":3,"enemies":"Looter","floor":14,"turns":2},{"damage":26,"enemies":"Fading Forest","floor":16,"turns":11},{"damage":0,"enemies":"Chosen","floor":18,"turns":3},{"damage":6,"enemies":"2 Thieves","floor":19,"turns":3},{"damage":0,"enemies":"3 Cultists","floor":21,"turns":4},{"damage":9,"enemies":"Snecko","floor":22,"turns":4},{"damage":19,"enemies":"Replay:Snechameleon","floor":24,"turns":4},{"damage":0,"enemies":"Centurion and Healer","floor":27,"turns":3},{"damage":4,"enemies":"Snake Plant","floor":28,"turns":3},{"damage":0,"enemies":"3 Cultists","floor":30,"turns":2},{"damage":0,"enemies":"Centurion and Healer","floor":31,"turns":2},{"damage":37,"enemies":"Automaton","floor":33,"turns":6},{"damage":25,"enemies":"3 Shapes","floor":35,"turns":2},{"damage":0,"enemies":"Orb Walker","floor":39,"turns":1},{"damage":19,"enemies":"Nemesis","floor":44,"turns":3},{"damage":10,"enemies":"Writhing Mass","floor":45,"turns":3},{"damage":40,"enemies":"Maw","floor":46,"turns":5}],"seed_played":"-5851263289271868353","potions_obtained":[{"floor":1,"key":"EntropicBrew"},{"floor":7,"key":"SneckoOil"},{"floor":8,"key":"Energy Potion"},{"floor":13,"key":"Reflective Coating"},{"floor":16,"key":"Block Potion"},{"floor":18,"key":"Reflective Coating"},{"floor":30,"key":"Cursed Concoction"}],"is_trial":false,"path_per_floor":["M","M","?","?","M","R","E","M","T","M","E","$","E","M","R","B",null,"M","M","$","M","M","R","E","?","T","M","M","R","M","M","R","B",null,"M","$","T","?","M","R","?","AVR","T","E","M","M"],"character_chosen":"THE_SILENT","items_purchased":["Guide Book","Endless Agony","BargainBundle","Glass Knife","Adrenaline Potion","CunningPotion","Counterbalance","Dagger Spray+1","HandDrill"],"campfire_rested":4,"item_purchase_floors":[12,12,20,20,20,20,36,36,36],"current_hp_per_floor":[43,43,43,66,66,66,33,33,33,33,25,25,25,22,43,27,70,70,64,64,64,55,55,36,36,36,36,32,53,53,53,70,33,70,45,45,45,45,45,66,66,66,66,47,37,0,0],"gold":156,"neow_bonus":"ONE_RARE_RELIC","is_daily":false,"chose_seed":false,"campfire_upgraded":2,"win_rate":0.0,"timestamp":1609730437,"path_taken":["M","M","?","?","M","R","E","M","T","M","E","$","E","M","R","BOSS","M","M","$","M","M","R","E","?","T","?","M","R","M","?","R","BOSS","M","$","?","?","M","R","?","AVR","T","E","M","?"],"items_purchased_type":["Relic","Card","Relic","Card","Potion","Potion","Relic","Card","Relic"],"build_version":"2020-12-22","purchased_purges":0,"victory":false,"max_hp_per_floor":[70,70,70,70,70,70,70,70,70,70,70,70,70,70,70,70,70,70,70,70,70,70,70,70,70,70,70,70,70,70,70,70,70,70,70,70,70,70,70,70,70,70,70,70,70,70,70],"card_choices":[{"not_picked":["Bane","hubris:Sniper"],"picked":"Slice","floor":1},{"not_picked":["Footwork","Noxious Fumes"],"picked":"Acrobatics","floor":2},{"not_picked":["Bane","Flechettes"],"picked":"Hidden Blade","floor":5},{"not_picked":["Concentrate","Slice"],"picked":"Sucker Punch","floor":7},{"not_picked":["hubris:SlightOfHand","ReplayTheSpireMod:Speed Training"],"picked":"Poisoned Stab","floor":8},{"not_picked":["Sucker Punch","Quick Slash"],"picked":"Blade Dance","floor":10},{"not_picked":["Flying Knee","Replay:Bag of Tricks"],"picked":"All Out Attack","floor":11},{"not_picked":["Heel Hook","hubris:SlightOfHand"],"picked":"Accuracy","floor":13},{"not_picked":["Hidden Blade","Underhanded Strike"],"picked":"Sucker Punch","floor":14},{"not_picked":["Night Terror","Atom Bomb"],"picked":"After Image","floor":16},{"not_picked":["hubris:SlightOfHand+1","ReplayTheSpireMod:Speed Training+1"],"picked":"Prepared","floor":18},{"not_picked":["Noxious Fumes","Setup"],"picked":"Poisoned Stab+1","floor":19},{"not_picked":["Heel Hook","Sucker Punch"],"picked":"Quick Slash","floor":21},{"not_picked":["Flying Knee","Cloak And Dagger"],"picked":"All Out Attack","floor":22},{"not_picked":["Sucker Punch","ReplayTheSpireMod:The Works+1","ReplayTheSpireMod:Scrap Shanks"],"picked":"SKIP","floor":24},{"not_picked":["ReplayTheSpireMod:Scrap Shanks","Acrobatics"],"picked":"Cloak And Dagger","floor":27},{"not_picked":["Infinite Blades","Expertise"],"picked":"Blade Dance","floor":28},{"not_picked":["Quick Slash+1","Acrobatics"],"picked":"Dagger Throw+1","floor":30},{"not_picked":["Skewer+1","Prepared"],"picked":"Blade Dance","floor":31},{"not_picked":["Footwork+1","Cloak And Dagger"],"picked":"Dagger Throw+1","floor":35},{"not_picked":["Deadly Poison+1","Outmaneuver+1","Replay:Poison Smokescreen+1"],"picked":"SKIP","floor":39},{"not_picked":["Quick Slash+1","Hidden Blade","Leg Sweep+1"],"picked":"SKIP","floor":44},{"not_picked":["Deadly Poison","hubris:SlightOfHand"],"picked":"A Thousand Cuts","floor":45}],"player_experience":448493,"relics_obtained":[{"floor":7,"key":"Onion Ring"},{"floor":9,"key":"Sundial"},{"floor":11,"key":"ReplayTheSpireMod:TigerMarble"},{"floor":13,"key":"Replay:Bandana"},{"floor":24,"key":"hubris:TenFootPole"},{"floor":26,"key":"Molten Egg 2"},{"floor":37,"key":"Darkstone Periapt"},{"floor":43,"key":"Replay:PocketPolymizer"},{"floor":44,"key":"Whetstone"}],"event_choices":[{"damage_healed":0,"gold_gain":0,"player_choice":"Grow","damage_taken":0,"max_hp_gain":0,"max_hp_loss":0,"event_name":"Living Wall","floor":3,"gold_loss":0,"cards_upgraded":["Slice"]},{"damage_healed":23,"gold_gain":0,"player_choice":"Banana","damage_taken":0,"max_hp_gain":0,"max_hp_loss":0,"event_name":"Big Fish","floor":4,"gold_loss":0},{"damage_healed":0,"gold_gain":0,"player_choice":"1 cards matched","damage_taken":0,"max_hp_gain":0,"max_hp_loss":0,"event_name":"Match and Keep!","floor":25,"gold_loss":0,"cards_obtained":["Neutralize"]},{"damage_healed":0,"gold_gain":0,"player_choice":"Paid","damage_taken":0,"relics_obtained":["Red Mask"],"max_hp_gain":0,"max_hp_loss":0,"event_name":"Tomb of Lord Red Mask","floor":41,"gold_loss":122}],"is_beta":false,"boss_relics":[{"not_picked":["Calling Bell","HoveringKite"],"picked":"hubris:CrackedHourglass"},{"not_picked":["Replay:Ancient Bell","ReplayTheSpireMod:SealedPack"],"picked":"Sozu"}],"items_purged_floors":[],"is_endless":false,"potions_floor_spawned":[1,7,8,13,16,18,21,24,30,39,44,45],"killed_by":"Maw","ascension_level":0}}