{"host":"fhq3k2nq5elnbks3","time":1609749534,"event":{"mods":["2.2 Compatiblity","AchievementEnabler","Act Like it!","AlwaysNeverKeys","Aspiration","BaseMod","Better Vampires","Better-Laid Plans","Block Reminder","CCEM","Card Filter","Colored Powertips","Displayed Cursed Tome","Fireblade Mod","Friendly Minions","GifTheSpireLib","Gremlin Skip","HololiveMod","Jorbs\u0027s Wanderer Trilogy","Koishi","Marisa????????","Minty Spire (QoL Compilation)","Permanent Neow","Prisma Mod","Quick Restart","Reimu??????","Relic Filter","Robot Space Explorer","Shop Mod","Spikes Relics","StSLib","SuperFastMode","The Cursed","The Gatherer","The Servant 0.9.4","The Trickster","The Wild Card","TheBandit","Transform Curses","Uncapped","Unknown Chances","thorton","vexMod"],"gold_per_floor":[113,133,145,160,170,170,205,81,129,161,161,161,161,176,176,176,176],"floor_reached":16,"playtime":854,"items_purged":[],"score":112,"play_id":"a18b09c7-611f-4796-b03d-12cc3571ede0","local_time":"20210104023854","is_ascension_mode":false,"campfire_choices":[{"data":"TheCursedMod:CleanUpWorkshop","floor":6,"key":"SMITH"},{"data":"TheCursedMod:CursedWand","floor":11,"key":"SMITH"},{"data":"TheCursedMod:Strike_TheCursed","floor":13,"key":"SMITH"},{"data":"TheCursedMod:Defend_TheCursed","floor":15,"key":"SMITH"}],"circlet_count":0,"master_deck":["TheCursedMod:Strike_TheCursed","TheCursedMod:Strike_TheCursed","TheCursedMod:Strike_TheCursed+1","TheCursedMod:Strike_TheCursed","TheCursedMod:Defend_TheCursed","TheCursedMod:Defend_TheCursed","TheCursedMod:Defend_TheCursed","TheCursedMod:Defend_TheCursed+1","TheCursedMod:CursedWand+1","TheCursedMod:CleanUpWorkshop+1","TheCursedMod:Dregs","TheCursedMod:SurpriseAttack"],"relics":["TheCursedMod:BlackMagic101","Nunchaku","Question Card","MerchantsRug","aspiration:HiddenCompartment","Mastiff:ReiMu","aspiration:StickyExplosives"],"acts_visited":["Exordium"],"potions_floor_usage":[],"damage_taken":[{"damage":0,"enemies":"Cultist","floor":1,"turns":5},{"damage":7,"enemies":"Jaw Worm","floor":2,"turns":4},{"damage":0,"enemies":"Small Slimes","floor":3,"turns":3},{"damage":4,"enemies":"2 Fungi Beasts","floor":4,"turns":4},{"damage":0,"enemies":"3 Louse","floor":5,"turns":4},{"damage":16,"enemies":"3 Sentries","floor":7,"turns":10},{"damage":36,"enemies":"Gremlin Nob","floor":10,"turns":5},{"damage":0,"enemies":"Looter","floor":14,"turns":2},{"damage":37,"enemies":"Slime Boss","floor":16,"turns":8}],"seed_played":"6370518519962224009","potions_obtained":[{"floor":1,"key":"Block Potion"},{"floor":2,"key":"AttackPotion"},{"floor":10,"key":"FairyPotion"}],"is_trial":false,"path_per_floor":["M","M","M","M","M","R","E","$","T","E","R","T","R","M","R","B"],"character_chosen":"THE_CURSED","items_purchased":["MerchantsRug"],"campfire_rested":0,"item_purchase_floors":[8],"current_hp_per_floor":[75,68,68,64,64,64,48,48,48,12,12,12,12,12,12,0,0],"gold":176,"neow_bonus":"RANDOM_COMMON_RELIC","is_daily":false,"chose_seed":false,"campfire_upgraded":4,"win_rate":0.0,"timestamp":1609749534,"path_taken":["M","M","M","M","M","R","E","?","T","E","R","?","R","M","R","BOSS"],"items_purchased_type":["Relic"],"build_version":"2020-12-22","purchased_purges":0,"victory":false,"max_hp_per_floor":[75,75,75,75,75,75,75,75,75,75,75,75,75,75,75,75,75],"card_choices":[{"not_picked":["TheCursedMod:FuryStrike","TheCursedMod:CircleOfFlame","TheCursedMod:Stretching"],"picked":"SKIP","floor":1},{"not_picked":["TheCursedMod:CursedAmulet","TheCursedMod:Stigma","TheCursedMod:BlessingInDisguise"],"picked":"SKIP","floor":2},{"not_picked":["TheCursedMod:Stretching","TheCursedMod:SpitefulStrike"],"picked":"TheCursedMod:SurpriseAttack","floor":3},{"not_picked":["TheCursedMod:Wield","TheCursedMod:SmokeScreen","TheCursedMod:TacticalStrike"],"picked":"SKIP","floor":4},{"not_picked":["TheCursedMod:TacticalStrike","TheCursedMod:CircleOfFlame","TheCursedMod:Obscuration"],"picked":"SKIP","floor":5},{"not_picked":["TheCursedMod:CircleOfBlood","TheCursedMod:AntiAging","TheCursedMod:AshesToAshes"],"picked":"SKIP","floor":7},{"not_picked":["TheCursedMod:Obscuration","TheCursedMod:CursedAmulet","TheCursedMod:CursedStaff","TheCursedMod:FleshFromBone"],"picked":"SKIP","floor":10},{"not_picked":["TheCursedMod:EmpowerCircles","TheCursedMod:SoulReap","TheCursedMod:SpitefulStrike","TheCursedMod:HellsGateOpen"],"picked":"SKIP","floor":14}],"player_experience":361735,"relics_obtained":[{"floor":7,"key":"Question Card"},{"floor":9,"key":"aspiration:HiddenCompartment"},{"floor":10,"key":"Mastiff:ReiMu"},{"floor":12,"key":"aspiration:StickyExplosives"}],"event_choices":[],"is_beta":false,"boss_relics":[],"items_purged_floors":[],"is_endless":false,"potions_floor_spawned":[1,2,10],"killed_by":"Slime Boss","ascension_level":0}}