{"host":"ikjt6v4q6zrcj3if","time":1609799335,"event":{"mods":["BaseMod","CapriCore","Colored Map","Downfall","Luminous","Minty Spire (QoL Compilation)","Permanent Neow","Quick Restart","Replay The Spire","Robot Space Explorer","Spicy Shops","StSLib","SuperFastMode","The Exalted","The Marked","TheSwordswoman","WarShipGirlsR/??è≠èóR mod"],"gold_per_floor":[114,133,133,150,160,160,160,160],"floor_reached":7,"playtime":430,"items_purged":[],"score":43,"play_id":"c0ed0845-e761-45fc-a926-60fdad925b7e","local_time":"20210105072855","is_ascension_mode":false,"campfire_choices":[{"data":"RobotSpaceExplorer:Smokescreen","floor":6,"key":"SMITH"}],"circlet_count":0,"master_deck":["RobotSpaceExplorer:Strike","RobotSpaceExplorer:Strike","RobotSpaceExplorer:Strike","RobotSpaceExplorer:Defend","RobotSpaceExplorer:Defend","RobotSpaceExplorer:Defend","RobotSpaceExplorer:Scan","RobotSpaceExplorer:MiniLasers","RobotSpaceExplorer:ScrapToss","RobotSpaceExplorer:MakeshiftVolley","RobotSpaceExplorer:FreezeRay","RobotSpaceExplorer:Smokescreen+1","RobotSpaceExplorer:GlueShot"],"relics":["RobotSpaceExplorer:RoboCore"],"acts_visited":["Exordium"],"potions_floor_usage":[],"damage_taken":[{"damage":5,"enemies":"2 Louse","floor":1,"turns":2},{"damage":1,"enemies":"Cultist","floor":2,"turns":3},{"damage":11,"enemies":"Jaw Worm","floor":4,"turns":2},{"damage":7,"enemies":"Exordium Wildlife","floor":5,"turns":6},{"damage":4,"enemies":"Lagavulin","floor":7,"turns":10}],"seed_played":"6416878852577483508","potions_obtained":[{"floor":2,"key":"DuplicationPotion"}],"is_trial":false,"path_per_floor":["M","M","?","M","M","R","E"],"character_chosen":"RobotSpaceExplorer","items_purchased":[],"campfire_rested":0,"item_purchase_floors":[],"current_hp_per_floor":[70,69,69,58,51,51,47,47],"gold":160,"neow_bonus":"TRANSFORM_TWO_CARDS","is_daily":false,"chose_seed":false,"campfire_upgraded":1,"win_rate":0.0,"timestamp":1609799335,"path_taken":["M","M","?","?","M","R","E"],"items_purchased_type":[],"build_version":"2020-12-22","purchased_purges":0,"victory":false,"max_hp_per_floor":[75,75,75,75,75,75,75,75],"card_choices":[{"not_picked":["RobotSpaceExplorer:MiniDrones","RobotSpaceExplorer:SlimeMissile"],"picked":"RobotSpaceExplorer:FreezeRay","floor":1},{"not_picked":["RobotSpaceExplorer:Discharger","RobotSpaceExplorer:SwiftStep","RobotSpaceExplorer:ImprovisedAttack"],"picked":"SKIP","floor":2},{"not_picked":["RobotSpaceExplorer:SurgingShield","RobotSpaceExplorer:GearShield"],"picked":"RobotSpaceExplorer:Smokescreen","floor":4},{"not_picked":["RobotSpaceExplorer:Probe","RobotSpaceExplorer:LaserBurst"],"picked":"RobotSpaceExplorer:GlueShot","floor":5}],"player_experience":333717,"relics_obtained":[],"event_choices":[{"cards_removed":["Shame"],"damage_healed":0,"gold_gain":0,"player_choice":"Purged","damage_taken":0,"max_hp_gain":0,"max_hp_loss":0,"event_name":"Purifier","floor":3,"gold_loss":0}],"is_beta":false,"boss_relics":[],"items_purged_floors":[],"is_endless":false,"potions_floor_spawned":[2],"killed_by":"Lagavulin","ascension_level":0}}