{"host":"sl4rf9j4s63ev6os","time":1609752699,"event":{"mods":["AchievementEnabler","BaseMod","Colored Map","Colored Powertips","DeckTracker","Minty Spire (QoL Compilation)","Relic Sorter"],"gold_per_floor":[119,130,150,170,186,216,216,241,264,264,264],"floor_reached":10,"playtime":969,"items_purged":[],"score":84,"play_id":"63ff6da1-5975-4e4e-805e-cb8d7088cc00","local_time":"20210104193139","is_ascension_mode":true,"campfire_choices":[{"data":"Backflip","floor":7,"key":"SMITH"}],"circlet_count":0,"master_deck":["Strike_G","Strike_G","Strike_G","Strike_G","Strike_G","Defend_G","Defend_G","Defend_G","Defend_G","Defend_G","Survivor","Neutralize","Masterful Stab","Well Laid Plans","Footwork","Die Die Die","Backflip","Backflip+1"],"relics":["Ring of the Snake","Prayer Wheel","Vajra","Du-Vu Doll"],"acts_visited":["Exordium"],"potions_floor_usage":[6,6,8],"damage_taken":[{"damage":0,"enemies":"Jaw Worm","floor":1,"turns":6},{"damage":0,"enemies":"2 Louse","floor":2,"turns":2},{"damage":1,"enemies":"Cultist","floor":3,"turns":4},{"damage":11,"enemies":"Exordium Wildlife","floor":4,"turns":6},{"damage":1,"enemies":"2 Fungi Beasts","floor":5,"turns":3},{"damage":11,"enemies":"3 Sentries","floor":6,"turns":12},{"damage":23,"enemies":"Gremlin Nob","floor":8,"turns":4},{"damage":11,"enemies":"Lagavulin","floor":10,"turns":2}],"seed_played":"-1791404604058214641","potions_obtained":[{"floor":3,"key":"DuplicationPotion"},{"floor":4,"key":"PowerPotion"},{"floor":5,"key":"CunningPotion"}],"is_trial":false,"path_per_floor":["M","M","M","M","M","E","R","E","T","E"],"character_chosen":"THE_SILENT","items_purchased":[],"campfire_rested":0,"item_purchase_floors":[],"current_hp_per_floor":[49,49,48,37,36,25,25,2,2,0,0],"gold":264,"neow_bonus":"ONE_RARE_RELIC","is_daily":false,"chose_seed":false,"campfire_upgraded":1,"win_rate":0.0,"timestamp":1609752699,"path_taken":["M","M","M","M","M","E","R","E","T","E"],"items_purchased_type":[],"build_version":"2020-12-22","purchased_purges":0,"victory":false,"max_hp_per_floor":[70,70,70,70,70,70,70,70,70,70,70],"card_choices":[{"not_picked":["Reflex","Well Laid Plans"],"picked":"Masterful Stab","floor":1},{"not_picked":["Bane","Crippling Poison","Poisoned Stab"],"picked":"SKIP","floor":1},{"not_picked":["Dagger Throw","Bouncing Flask","Underhanded Strike"],"picked":"SKIP","floor":2},{"not_picked":["Heel Hook","Reflex","Eviscerate"],"picked":"SKIP","floor":2},{"not_picked":["Deflect","Dagger Spray"],"picked":"Well Laid Plans","floor":3},{"not_picked":["Poisoned Stab","Dash","Catalyst"],"picked":"SKIP","floor":3},{"not_picked":["Cloak And Dagger","PiercingWail"],"picked":"Footwork","floor":4},{"not_picked":["Heel Hook","Terror"],"picked":"Die Die Die","floor":4},{"not_picked":["Riddle With Holes","Sucker Punch"],"picked":"Backflip","floor":5},{"not_picked":["Blade Dance","Skewer","Bane"],"picked":"SKIP","floor":5},{"not_picked":["Sucker Punch","Leg Sweep"],"picked":"Backflip","floor":6},{"not_picked":["Underhanded Strike","Poisoned Stab","Storm of Steel"],"picked":"SKIP","floor":8}],"player_experience":164237,"relics_obtained":[{"floor":6,"key":"Vajra"},{"floor":8,"key":"Du-Vu Doll"}],"event_choices":[],"is_beta":false,"boss_relics":[],"items_purged_floors":[],"is_endless":false,"potions_floor_spawned":[3,4,5],"killed_by":"Lagavulin","ascension_level":1}}