{"host":"kabf61oc9jgfwufg","time":1609775555,"event":{"mods":["AchievementEnabler","Act Like it!","Aspiration","BaseMod","Conspire","GifTheSpireLib","Halation","HexUI Lib","Hubris","Infinite Spire","Minty Spire (QoL Compilation)","Pale of the Ancients","Rare Cards Sparkle","Replay The Spire","StSLib","The Jungle"],"gold_per_floor":[119,119,119,33,44,44,74,93,166,166,185,185,202,213,213,213,213],"floor_reached":16,"playtime":590,"items_purged":[],"score":127,"play_id":"abe636d5-b740-4015-a655-ad4c300ffe93","local_time":"20210104155235","is_ascension_mode":false,"campfire_choices":[{"data":"Prostrate","floor":6,"key":"SMITH"},{"floor":15,"key":"REST"}],"circlet_count":0,"master_deck":["Strike_P","Strike_P","Strike_P","Strike_P","Defend_P","Defend_P","Defend_P","Eruption","Vigilance","Specialist","Prostrate+1","Replay:Battleflow","Crescendo","Replay:BluntJabs+1","Consecrate"],"relics":["PureWater","NeowsBlessing","FaceOfCleric","Gremlin Food","Frozen Egg 2","Toy Ornithopter","aspiration:Lifesprig"],"acts_visited":["Exordium"],"potions_floor_usage":[13,14,16,16],"damage_taken":[{"damage":0,"enemies":"Jaw Worm","floor":1,"turns":1},{"damage":0,"enemies":"Small Slimes","floor":5,"turns":1},{"damage":0,"enemies":"Gremlin Nob","floor":7,"turns":2},{"damage":0,"enemies":"Cultist","floor":8,"turns":4},{"damage":17,"enemies":"Exordium Wildlife","floor":11,"turns":5},{"damage":30,"enemies":"Large Slime","floor":13,"turns":10},{"damage":8,"enemies":"Gremlin Gang","floor":14,"turns":5},{"damage":69,"enemies":"Fading Forest","floor":16,"turns":8}],"seed_played":"-2697047284421761359","potions_obtained":[{"floor":1,"key":"StancePotion"},{"floor":8,"key":"Ambrosia"},{"floor":11,"key":"SpeedPotion"},{"floor":14,"key":"Block Potion"}],"is_trial":false,"path_per_floor":["M","?","?","$","M","R","E","M","T","?","M","?","M","M","R","B"],"character_chosen":"WATCHER","items_purchased":["Specialist"],"campfire_rested":1,"item_purchase_floors":[4],"current_hp_per_floor":[72,72,72,72,73,73,74,75,75,63,47,47,23,21,44,0,0],"gold":213,"neow_bonus":"THREE_ENEMY_KILL","is_daily":false,"chose_seed":false,"campfire_upgraded":1,"win_rate":0.0,"timestamp":1609775555,"path_taken":["M","?","?","$","?","R","E","M","T","?","M","?","M","M","R","BOSS"],"items_purchased_type":["Card"],"build_version":"2020-12-22","purchased_purges":0,"victory":false,"max_hp_per_floor":[72,72,72,72,73,73,74,75,75,75,76,76,77,78,78,78,78],"card_choices":[{"not_picked":["Replay:ManipulateFuture","SashWhip"],"picked":"ClearTheMind","floor":1},{"not_picked":["Pray","ThirdEye"],"picked":"Prostrate","floor":5},{"not_picked":["EmptyBody","EmptyMind","FlyingSleeves"],"picked":"SKIP","floor":7},{"not_picked":["EmptyMind","CutThroughFate"],"picked":"Replay:Battleflow","floor":8},{"not_picked":["CutThroughFate","WaveOfTheHand"],"picked":"Crescendo","floor":11},{"not_picked":["Halt","Crescendo"],"picked":"Replay:BluntJabs","floor":13},{"not_picked":["LessonLearned","InnerPeace"],"picked":"Consecrate","floor":14}],"player_experience":30741,"relics_obtained":[{"floor":7,"key":"Gremlin Food"},{"floor":9,"key":"Frozen Egg 2"}],"event_choices":[{"damage_healed":0,"gold_gain":0,"player_choice":"Trade","damage_taken":0,"relics_obtained":["FaceOfCleric"],"max_hp_gain":0,"max_hp_loss":0,"event_name":"FaceTrader","floor":3,"gold_loss":0},{"damage_healed":0,"gold_gain":0,"player_choice":"Success","damage_taken":12,"relics_obtained":["Toy Ornithopter"],"max_hp_gain":0,"max_hp_loss":0,"event_name":"Scrap Ooze","floor":10,"gold_loss":0},{"cards_removed":["ClearTheMind"],"damage_healed":0,"gold_gain":0,"player_choice":"Gave Card","damage_taken":0,"relics_obtained":["aspiration:Lifesprig"],"max_hp_gain":0,"max_hp_loss":0,"event_name":"WeMeetAgain","floor":12,"gold_loss":0}],"is_beta":false,"boss_relics":[],"items_purged_floors":[],"is_endless":false,"potions_floor_spawned":[1,8,11,14],"killed_by":"Fading Forest","ascension_level":0}}