{"host":"662n7794wuevbd4i","time":1609767691,"event":{"mods":["BaseMod","KOR Keyword Fix","Minty Spire (QoL Compilation)","StSLib","The Cursed","The Dragon Tamer","The Hierophant","The Poker Player"],"gold_per_floor":[113,113,113,126,144,144,163,177,177,193,193,203,234,46,46,46,46,46],"floor_reached":16,"playtime":577,"items_purged":["DTMod:Strike"],"score":109,"play_id":"9c76a8f5-d504-4dc1-9b72-42d1bac67033","local_time":"20210104224131","is_ascension_mode":true,"metric_token":543,"campfire_choices":[{"data":"DTMod:BlazingStrike","floor":6,"key":"SMITH"},{"floor":15,"key":"REST"}],"dtmod_dragon_data":[50,50,-1,-1,0,0],"circlet_count":0,"master_deck":["DTMod:Strike","DTMod:Strike","DTMod:Strike","DTMod:TargetDefense","DTMod:TargetDefense","DTMod:TargetDefense","DTMod:TargetDefense","DTMod:SwitchingTactic","DTMod:BurningEnergy","DTMod:BlazingStrike+1","DTMod:TagTeam","DTMod:CleansingStrike","DTMod:MagicField","DTMod:Safeguard","DTMod:Training","DTMod:WarmUp"],"relics":["DTMod:PactStone","Pen Nib","Happy Flower","Singing Bowl","Girya"],"acts_visited":["Exordium"],"potions_floor_usage":[],"damage_taken":[{"damage":10,"enemies":"Cultist","floor":1,"turns":6},{"damage":0,"enemies":"2 Louse","floor":4,"turns":2},{"damage":0,"enemies":"Jaw Worm","floor":5,"turns":2},{"damage":0,"enemies":"Gremlin Gang","floor":7,"turns":3},{"damage":6,"enemies":"Exordium Thugs","floor":8,"turns":4},{"damage":0,"enemies":"Looter","floor":10,"turns":3},{"damage":9,"enemies":"2 Fungi Beasts","floor":12,"turns":3},{"damage":20,"enemies":"Lagavulin","floor":13,"turns":7},{"damage":20,"enemies":"The Guardian","floor":16,"turns":7}],"seed_played":"-5821702382696783599","potions_obtained":[{"floor":1,"key":"BlessingOfTheForge"},{"floor":7,"key":"EssenceOfSteel"},{"floor":10,"key":"DistilledChaos"}],"is_trial":false,"path_per_floor":["M","?","?","M","M","R","M","M","T","M","?","M","E","$","R","B"],"character_chosen":"THE_DT","items_purchased":["DTMod:Training","DTMod:WarmUp"],"campfire_rested":1,"item_purchase_floors":[14,14],"current_hp_per_floor":[35,40,40,40,40,40,40,34,34,34,34,25,5,5,20,0,0,0],"gold":46,"neow_bonus":"RANDOM_COMMON_RELIC","is_daily":false,"chose_seed":false,"campfire_upgraded":1,"win_rate":0.0,"timestamp":1609767691,"path_taken":["M","?","?","M","M","R","M","M","T","?","?","?","E","?","R","BOSS"],"items_purchased_type":["Card","Card"],"build_version":"2020-12-22","purchased_purges":1,"victory":false,"max_hp_per_floor":[45,50,50,50,50,50,50,50,50,50,50,50,50,50,50,50,50,50],"card_choices":[{"not_picked":["DTMod:Astonish","DTMod:HeatWave"],"picked":"DTMod:BurningEnergy","floor":1},{"not_picked":["DTMod:Feint","DTMod:Punisher"],"picked":"DTMod:BlazingStrike","floor":4},{"not_picked":["DTMod:DarkBreath","DTMod:GhostSkin","DTMod:HeatWave"],"picked":"SKIP","floor":5},{"not_picked":["DTMod:Threaten","DTMod:HeatWave"],"picked":"DTMod:TagTeam","floor":7},{"not_picked":["DTMod:LowKick","DTMod:Outburst","DTMod:HeatWave"],"picked":"SKIP","floor":8},{"not_picked":["DTMod:TagTeam","DTMod:Feint"],"picked":"DTMod:CleansingStrike","floor":10},{"not_picked":["DTMod:Astonish","DTMod:TauntingStrike"],"picked":"DTMod:MagicField","floor":12},{"not_picked":["DTMod:Training","DTMod:MaximumCharge"],"picked":"DTMod:Safeguard","floor":13}],"player_experience":132544,"relics_obtained":[{"floor":9,"key":"Singing Bowl"},{"floor":13,"key":"Girya"}],"event_choices":[{"damage_healed":0,"gold_gain":0,"player_choice":"Donut","damage_taken":0,"max_hp_gain":5,"max_hp_loss":0,"event_name":"Big Fish","floor":2,"gold_loss":0},{"damage_healed":0,"gold_gain":0,"player_choice":"Gave Potion","damage_taken":0,"relics_obtained":["Happy Flower"],"max_hp_gain":0,"max_hp_loss":0,"event_name":"WeMeetAgain","floor":3,"gold_loss":0},{"cards_removed":["DTMod:DoubleHit"],"damage_healed":0,"gold_gain":0,"player_choice":"Purged","damage_taken":0,"max_hp_gain":0,"max_hp_loss":0,"event_name":"Purifier","floor":11,"gold_loss":0}],"is_beta":false,"boss_relics":[],"items_purged_floors":[14],"is_endless":false,"potions_floor_spawned":[1,7,10],"killed_by":"The Guardian","ascension_level":1}}