{"host":"9xye55gy2im9zffl","time":1609756031,"event":{"mods":["2.2 Compatiblity","Astrologer","BaseMod","Beaked The Cultist","Better Altar","Better Match","Better Note","Better Sensory Stone","Better Skull","Better Third Choice","Dio Mod","Downfall","Friendly Minions","Hermit","Hero for Fun","Minty Spire (QoL Compilation)","Shop Mod","Small Relic Pack","StSLib","The Animator","The Bladedancer","The Cursed","The Disciple","The Exalted","The Hierophant","The Poker Player","The Runesmith","The Valiant","The Wild Card","TheArtist","Wandering Minibosses"],"gold_per_floor":[114,114,128,48,48,48,62,78,133,151,166,183,27,50,50,147,147,157,157,157,171,96,96,96],"floor_reached":23,"playtime":4687,"items_purged":[],"score":183,"play_id":"b6ac0c75-0f2b-4fe1-a128-c5a37ab97aa2","local_time":"20210104042711","is_ascension_mode":false,"campfire_choices":[{"data":"Runesmith:Firestorm","floor":6,"key":"SMITH"},{"floor":15,"key":"REST"}],"circlet_count":0,"master_deck":["Runesmith:Strike_RS","Runesmith:Strike_RS","Runesmith:Strike_RS","Runesmith:Strike_RS","Runesmith:Defend_RS","Runesmith:Defend_RS","Runesmith:Defend_RS","Runesmith:Defend_RS","Runesmith:CraftFirestone","Runesmith:Fortify","Runesmith:Firewall","Runesmith:CraftObretio","Runesmith:Firestorm+1","Runesmith:CraftMagma","Runesmith:GoWithTheFlow","Runesmith:CraftVitae","Runesmith:HammerThrow","Runesmith:CraftProtectio","Runesmith:EnergizedChisel","Runesmith:CraftObretio","Runesmith:Grindstone","Runesmith:CraftSpiculum","Runesmith:DuctTape","Runesmith:ArcReactor","Runesmith:PerfectChisel","Runesmith:Repurpose","Chrysalis+1"],"relics":["Runesmith:BrokenRuby","PreservedInsect","Bromod:ArcaneNullifier","Odd Mushroom","beaked:SacredDeck","Nloth\u0027s Gift"],"acts_visited":["Exordium","TheCity"],"potions_floor_usage":[11,11,16],"damage_taken":[{"damage":0,"enemies":"Small Slimes","floor":1,"turns":1},{"damage":0,"enemies":"Jaw Worm","floor":3,"turns":1},{"damage":0,"enemies":"Cultist","floor":7,"turns":1},{"damage":6,"enemies":"2 Fungi Beasts","floor":8,"turns":4},{"damage":5,"enemies":"3 Louse","floor":10,"turns":5},{"damage":6,"enemies":"Gremlin Gang","floor":11,"turns":6},{"damage":19,"enemies":"Lots of Slimes","floor":12,"turns":5},{"damage":11,"enemies":"The Mushroom Lair","floor":14,"turns":6},{"damage":6,"enemies":"Hexaghost","floor":16,"turns":9},{"damage":15,"enemies":"3 Byrds","floor":18,"turns":8},{"damage":17,"enemies":"Spheric Guardian","floor":21,"turns":6},{"damage":41,"enemies":"Book of Stabbing","floor":23,"turns":6}],"seed_played":"3840271584896446208","potions_obtained":[{"floor":1,"key":"Block Potion"},{"floor":10,"key":"Weak Potion"},{"floor":12,"key":"LiquidBronze"}],"is_trial":false,"path_per_floor":["M","?","M","$","?","R","M","M","T","M","M","M","$","?","R","B",null,"M","?","?","M","?","E"],"character_chosen":"RUNESMITH_CLASS","items_purchased":["Runesmith:Firestorm","Runesmith:EnergizedChisel","Runesmith:CraftObretio","Runesmith:Grindstone"],"campfire_rested":1,"item_purchase_floors":[4,13,13,13],"current_hp_per_floor":[70,10,10,10,70,70,70,64,64,59,53,34,34,23,44,38,70,55,55,55,38,38,0,0],"gold":96,"neow_bonus":"THREE_ENEMY_KILL","is_daily":false,"chose_seed":false,"campfire_upgraded":1,"win_rate":0.0,"timestamp":1609756031,"path_taken":["M","?","M","$","?","R","M","M","T","M","M","?","$","?","R","BOSS","M","?","?","M","?","E"],"items_purchased_type":["Card","Card","Card","Card"],"build_version":"2020-12-22","purchased_purges":0,"victory":false,"max_hp_per_floor":[70,70,70,70,70,70,70,70,70,70,70,70,70,70,70,70,70,70,70,70,70,70,70,70],"card_choices":[{"not_picked":["Runesmith:ShiftingStrike","Runesmith:CraftProtectio"],"picked":"Runesmith:Firewall","floor":1},{"not_picked":["Runesmith:BackupBattery","Runesmith:CraftProtectio"],"picked":"Runesmith:CraftObretio","floor":3},{"not_picked":["Runesmith:HammerThrow","Runesmith:Electrocute"],"picked":"Runesmith:CraftMagma","floor":7},{"not_picked":["Runesmith:UnstableHammer","Runesmith:Accelerate"],"picked":"Runesmith:GoWithTheFlow","floor":8},{"not_picked":["Runesmith:Attraction","Runesmith:RuneHurl"],"picked":"Runesmith:CraftVitae","floor":10},{"not_picked":["Runesmith:LightningRod","Runesmith:ShiftingStrike"],"picked":"Runesmith:HammerThrow","floor":11},{"not_picked":["Runesmith:HeatExchange","Runesmith:HammerThrow"],"picked":"Runesmith:CraftProtectio","floor":12},{"not_picked":["Runesmith:EarthShield","Runesmith:ChiselStab"],"picked":"Runesmith:CraftSpiculum","floor":14},{"not_picked":["Runesmith:GenerateForcefield","Runesmith:Supernova"],"picked":"Runesmith:DuctTape","floor":16},{"not_picked":["Runesmith:HammerTime+1","Runesmith:EarthShield"],"picked":"Runesmith:PerfectChisel","floor":18},{"not_picked":["Runesmith:CraftIncendium+1","Runesmith:CraftMagma"],"picked":"Runesmith:Repurpose","floor":21},{"not_picked":["Thinking Ahead+1","Violence+1"],"picked":"Chrysalis+1","floor":22}],"player_experience":348937,"relics_obtained":[{"floor":9,"key":"Bromod:ArcaneNullifier"},{"floor":14,"key":"Odd Mushroom"}],"event_choices":[{"damage_healed":0,"gold_gain":1,"player_choice":"Relic Card ","damage_taken":60,"max_hp_gain":0,"max_hp_loss":0,"event_name":"betterThird:BetterScrap","floor":2,"gold_loss":0,"cards_obtained":["Blur","Berserk"]},{"cards_removed":["Blur"],"damage_healed":60,"gold_gain":0,"player_choice":"Offered Uncommon","damage_taken":0,"max_hp_gain":0,"max_hp_loss":0,"event_name":"Bonfire Elementals","floor":5,"gold_loss":0},{"damage_healed":0,"gold_gain":0,"player_choice":"Fought Mushrooms","damage_taken":0,"max_hp_gain":0,"max_hp_loss":0,"event_name":"Mushrooms","floor":14,"gold_loss":0},{"damage_healed":0,"gold_gain":0,"player_choice":"Traded Relic","damage_taken":0,"relics_obtained":["Nloth\u0027s Gift"],"max_hp_gain":0,"max_hp_loss":0,"event_name":"N\u0027loth","floor":19,"relics_lost":["NeowsBlessing"],"gold_loss":0},{"damage_healed":0,"gold_gain":0,"player_choice":"Ignored","damage_taken":0,"max_hp_gain":0,"max_hp_loss":0,"event_name":"betterNote:BetterNote","floor":20,"gold_loss":0,"cards_obtained":["Injury"]},{"damage_healed":0,"gold_gain":0,"player_choice":"2","damage_taken":0,"max_hp_gain":0,"max_hp_loss":0,"event_name":"betterMatch:BetterMatch","floor":22,"gold_loss":0,"cards_obtained":["betterMatch:ColorlessRareCard"]}],"is_beta":false,"boss_relics":[{"not_picked":["Runesmith:UraniumAnvil","Runesmith:PocketReactor"],"picked":"beaked:SacredDeck"}],"items_purged_floors":[],"is_endless":false,"potions_floor_spawned":[1,10,12],"killed_by":"Book of Stabbing","ascension_level":0}}