{"host":"hwrdjx5eod2cxh09","time":1609764511,"event":{"mods":["AchievementEnabler","BaseMod","Bestiary","Minty Spire (QoL Compilation)","Relic Stats"],"gold_per_floor":[119,119,137,151,165,182,132,132,132,165,176,194,206,218,218,314,314,324,10,28,41,60,89,100,119,119,139,139,139,139,157,157,257,257,270,284,301,7,18,49,68,68,92,92,123,123,0,16,16,16,16,16,16,46,46,46],"floor_reached":55,"playtime":5735,"items_purged":["Dualcast","Zap"],"score":763,"play_id":"1c6ff397-6bd3-4f35-8b52-2778d1f01cf3","local_time":"20210104214831","is_ascension_mode":false,"campfire_choices":[{"data":"Gash","floor":8,"key":"SMITH"},{"floor":15,"key":"REST"},{"data":"Skim","floor":30,"key":"SMITH"},{"floor":32,"key":"RECALL"},{"data":"Beam Cell","floor":42,"key":"SMITH"},{"data":"Turbo","floor":46,"key":"SMITH"},{"data":"Steam Power","floor":49,"key":"SMITH"},{"data":"Scrape","floor":52,"key":"SMITH"}],"circlet_count":0,"master_deck":["FTL","Steam Power+1","Gash+1","Auto Shields","Beam Cell+1","Skim+1","Conserve Battery","Gash","Seek","Amplify","Stack","Genetic Algorithm","Hyperbeam","Streamline","Scrape+1","FTL","Steam+1","Bandage Up","Defragment","Steam+1","Glacier","All For One","Coolheaded+1","Reboot","Scrape+1","Go for the Eyes+1","Panache","Good Instincts","Turbo+1","Steam Power+1"],"relics":["Cracked Core","NeowsBlessing","HornCleat","Kunai","Pandora\u0027s Box","TheAbacus","Bottled Lightning","Molten Egg 2","Nuclear Battery","Bag of Marbles","Red Mask","Orichalcum"],"acts_visited":["Exordium","TheCity","TheBeyond","TheEnding"],"potions_floor_usage":[25,28,55],"damage_taken":[{"damage":0,"enemies":"Small Slimes","floor":1,"turns":1},{"damage":0,"enemies":"Jaw Worm","floor":3,"turns":1},{"damage":0,"enemies":"Cultist","floor":4,"turns":1},{"damage":24,"enemies":"Exordium Thugs","floor":5,"turns":6},{"damage":0,"enemies":"3 Louse","floor":6,"turns":3},{"damage":17,"enemies":"3 Sentries","floor":10,"turns":10},{"damage":0,"enemies":"Exordium Wildlife","floor":11,"turns":2},{"damage":3,"enemies":"2 Fungi Beasts","floor":12,"turns":3},{"damage":5,"enemies":"Gremlin Gang","floor":13,"turns":6},{"damage":0,"enemies":"Blue Slaver","floor":14,"turns":3},{"damage":8,"enemies":"Hexaghost","floor":16,"turns":12},{"damage":15,"enemies":"Shell Parasite","floor":18,"turns":4},{"damage":6,"enemies":"Spheric Guardian","floor":20,"turns":4},{"damage":29,"enemies":"Snake Plant","floor":21,"turns":5},{"damage":3,"enemies":"Shelled Parasite and Fungi","floor":22,"turns":5},{"damage":19,"enemies":"Book of Stabbing","floor":23,"turns":8},{"damage":5,"enemies":"Sentry and Sphere","floor":24,"turns":8},{"damage":2,"enemies":"3 Cultists","floor":25,"turns":5},{"damage":0,"enemies":"Shelled Parasite and Fungi","floor":27,"turns":4},{"damage":0,"enemies":"Chosen and Byrds","floor":28,"turns":4},{"damage":0,"enemies":"Snecko","floor":31,"turns":3},{"damage":12,"enemies":"Automaton","floor":33,"turns":16},{"damage":0,"enemies":"Orb Walker","floor":35,"turns":3},{"damage":3,"enemies":"3 Shapes","floor":36,"turns":8},{"damage":1,"enemies":"Jaw Worm Horde","floor":37,"turns":5},{"damage":0,"enemies":"Maw","floor":39,"turns":5},{"damage":0,"enemies":"Giant Head","floor":40,"turns":7},{"damage":0,"enemies":"3 Darklings","floor":41,"turns":3},{"damage":1,"enemies":"Nemesis","floor":45,"turns":7},{"damage":0,"enemies":"Spire Growth","floor":48,"turns":4},{"damage":28,"enemies":"Donu and Deca","floor":50,"turns":12},{"damage":13,"enemies":"Shield and Spear","floor":54,"turns":9},{"damage":117,"enemies":"The Heart","floor":55,"turns":11}],"seed_played":"-7418204251406240680","potions_obtained":[{"floor":1,"key":"FairyPotion"},{"floor":3,"key":"PotionOfCapacity"},{"floor":5,"key":"SmokeBomb"},{"floor":11,"key":"Dexterity Potion"},{"floor":13,"key":"Regen Potion"},{"floor":31,"key":"Block Potion"},{"floor":35,"key":"FocusPotion"},{"floor":37,"key":"FairyPotion"}],"is_trial":false,"path_per_floor":["M","?","M","M","M","M","?","R","T","E","M","M","M","M","R","B",null,"M","$","M","M","M","E","M","M","T","M","M","?","R","M","R","B",null,"M","M","M","$","M","E","M","R","T","?","E","R","?","M","R","B",null,"R","$","E","B"],"character_chosen":"DEFECT","items_purchased":["Bandage Up","TheAbacus","Panache"],"campfire_rested":1,"item_purchase_floors":[19,19,38],"current_hp_per_floor":[75,60,60,60,36,36,36,36,36,19,19,16,11,11,33,25,75,60,60,58,33,34,19,18,34,34,38,42,42,42,42,42,34,75,75,72,75,75,75,75,75,75,75,65,68,68,68,72,72,47,75,75,75,62,0,0],"gold":46,"neow_bonus":"THREE_ENEMY_KILL","is_daily":false,"chose_seed":false,"campfire_upgraded":6,"win_rate":0.0,"timestamp":1609764511,"path_taken":["M","?","M","M","M","M","?","R","T","E","M","M","M","M","R","BOSS","M","$","M","M","M","E","M","M","T","M","M","?","R","M","R","BOSS","M","M","M","$","M","E","?","R","T","?","E","R","?","M","R","BOSS","R","$","E","BOSS"],"items_purchased_type":["Card","Relic","Card"],"build_version":"2020-12-22","purchased_purges":2,"victory":false,"max_hp_per_floor":[75,75,75,75,75,75,75,75,75,75,75,75,75,75,75,75,75,75,75,75,75,75,75,75,75,75,75,75,75,75,75,75,75,75,75,75,75,75,75,75,75,75,75,75,75,75,75,75,75,75,75,75,75,75,75,75],"relic_stats":{"TheAbacus":[318],"counters":[33,188],"Pandora\u0027s Box":["Amplify","Stack","Genetic Algorithm","Hyperbeam","Streamline","Scrape","FTL"],"Kunai":[120],"Orichalcum":[0],"obtain_stats":[{"HornCleat":9,"TheAbacus":19,"NeowsBlessing":0,"Pandora\u0027s Box":17,"Molten Egg 2":26,"Bag of Marbles":40,"Red Mask":47,"Kunai":10,"Bottled Lightning":23,"Orichalcum":54,"Cracked Core":0,"Nuclear Battery":34},{"HornCleat":5,"TheAbacus":12,"NeowsBlessing":0,"Pandora\u0027s Box":11,"Molten Egg 2":18,"Bag of Marbles":27,"Red Mask":29,"Kunai":6,"Bottled Lightning":16,"Orichalcum":32,"Cracked Core":0,"Nuclear Battery":22},{"HornCleat":12,"TheAbacus":52,"NeowsBlessing":0,"Pandora\u0027s Box":48,"Molten Egg 2":87,"Bag of Marbles":142,"Red Mask":152,"Kunai":22,"Bottled Lightning":74,"Orichalcum":177,"Cracked Core":0,"Nuclear Battery":114}]},"card_choices":[{"not_picked":["Rip and Tear","Sweeping Beam"],"picked":"FTL","floor":1},{"not_picked":["Reprogram","Barrage"],"picked":"Steam Power","floor":3},{"not_picked":["Rebound","FTL"],"picked":"Gash","floor":4},{"not_picked":["Sunder","Undo"],"picked":"Auto Shields","floor":5},{"not_picked":["Cold Snap","Ball Lightning"],"picked":"Beam Cell","floor":6},{"not_picked":["Barrage","Rebound","Hologram"],"picked":"SKIP","floor":10},{"not_picked":["Stack","Multi-Cast"],"picked":"Skim","floor":11},{"not_picked":["Turbo","Lockon","Darkness"],"picked":"SKIP","floor":12},{"not_picked":["Consume","Stack"],"picked":"Conserve Battery","floor":13},{"not_picked":["Self Repair","Genetic Algorithm"],"picked":"Gash","floor":14},{"not_picked":["Thunder Strike","Rainbow"],"picked":"Seek","floor":16},{"not_picked":["Barrage","Streamline+1"],"picked":"Steam+1","floor":18},{"not_picked":["Coolheaded","Heatsinks"],"picked":"Defragment","floor":20},{"not_picked":["Compile Driver","Auto Shields"],"picked":"Steam+1","floor":21},{"not_picked":["Ball Lightning+1","Steam+1"],"picked":"Glacier","floor":22},{"not_picked":["Beam Cell","Coolheaded","Stack"],"picked":"SKIP","floor":23},{"not_picked":["Leap+1","Reprogram+1"],"picked":"All For One","floor":24},{"not_picked":["Barrage","Cold Snap"],"picked":"Coolheaded+1","floor":25},{"not_picked":["Sweeping Beam+1","Conserve Battery","Aggregate"],"picked":"SKIP","floor":27},{"not_picked":["Redo+1","Storm+1","Barrage+1"],"picked":"SKIP","floor":31},{"not_picked":["Buffer","Rainbow"],"picked":"Reboot","floor":33},{"not_picked":["Ball Lightning+1","Redo"],"picked":"Scrape+1","floor":35},{"not_picked":["Steam+1","Streamline+1","Coolheaded"],"picked":"SKIP","floor":36},{"not_picked":["Double Energy+1","Hologram"],"picked":"Go for the Eyes+1","floor":37},{"not_picked":["Doom and Gloom+1","Coolheaded+1","Streamline+1"],"picked":"SKIP","floor":39},{"not_picked":["White Noise","Steam Power+1","Conserve Battery"],"picked":"SKIP","floor":40},{"not_picked":["Auto Shields","Go for the Eyes+1","Stack"],"picked":"SKIP","floor":41},{"not_picked":["Secret Technique","Trip"],"picked":"Good Instincts","floor":44},{"not_picked":["Scrape+1","Rebound+1"],"picked":"Turbo","floor":45},{"not_picked":["Beam Cell+1","Streamline+1","Aggregate+1"],"picked":"SKIP","floor":48},{"not_picked":["Hello World+1","Auto Shields"],"picked":"Steam Power+1","floor":54}],"player_experience":169262,"relics_obtained":[{"floor":9,"key":"HornCleat"},{"floor":10,"key":"Kunai"},{"floor":23,"key":"Bottled Lightning"},{"floor":26,"key":"Molten Egg 2"},{"floor":40,"key":"Bag of Marbles"},{"floor":54,"key":"Orichalcum"}],"event_choices":[{"damage_healed":0,"gold_gain":0,"player_choice":"Entered Light","damage_taken":15,"max_hp_gain":0,"max_hp_loss":0,"event_name":"Shining Light","floor":2,"gold_loss":0,"cards_upgraded":["Defend_B","Strike_B"]},{"cards_removed":["Strike_B"],"damage_healed":0,"gold_gain":0,"player_choice":"Card Removal","damage_taken":0,"max_hp_gain":0,"max_hp_loss":0,"event_name":"The Cleric","floor":7,"gold_loss":50},{"damage_healed":0,"gold_gain":0,"player_choice":"Ignored","damage_taken":0,"max_hp_gain":0,"max_hp_loss":0,"event_name":"N\u0027loth","floor":29,"gold_loss":0},{"damage_healed":0,"gold_gain":0,"player_choice":"Memory 3","damage_taken":10,"max_hp_gain":0,"max_hp_loss":0,"event_name":"SensoryStone","floor":44,"gold_loss":0},{"damage_healed":0,"gold_gain":0,"player_choice":"Paid","damage_taken":0,"relics_obtained":["Red Mask"],"max_hp_gain":0,"max_hp_loss":0,"event_name":"Tomb of Lord Red Mask","floor":47,"gold_loss":123}],"is_beta":false,"boss_relics":[{"not_picked":["SacredBark","Busted Crown"],"picked":"Pandora\u0027s Box"},{"not_picked":["Cursed Key","Fusion Hammer"],"picked":"Nuclear Battery"}],"items_purged_floors":[19,38],"is_endless":false,"potions_floor_spawned":[1,3,5,11,13,14,18,21,23,28,31,35,37,41],"killed_by":"The Heart","ascension_level":0}}