{"host":"mzp3pvw1g1kyjyte","time":1609766117,"event":{"mods":["AchievementEnabler","Aspiration","BaseMod","Colored Powertips","FoggyMod","Highlight Path","Minty Spire (QoL Compilation)","Quick Restart","Red Circlet Mod","Relic Stats","Remilia（蕾米莉亚）","RumiaBox-露米娅的神秘盒子","Shop Mod","StSLib","SuperFastMode","TestMod","[IsaacMod]以撒尖塔"],"gold_per_floor":[118,118,118,118,92,130,130,163,188,188,202,2,402,453,453,593,593,616,530,530,545,608,608,526,526,553,568,568,568,568,246,246,377,377,392,392,406,406,406,406,406,406],"floor_reached":41,"playtime":2507,"items_purged":[],"score":564,"play_id":"dbfff915-5983-49ef-b5c9-c47a48066427","local_time":"20210104211517","is_ascension_mode":false,"campfire_choices":[{"floor":7,"key":"RECALL"},{"floor":10,"key":"REST"},{"data":"DevaForm","floor":15,"key":"SMITH"},{"floor":23,"key":"REST"},{"data":"Omniscience","floor":29,"key":"SMITH"},{"data":"Vault","floor":32,"key":"SMITH"},{"data":"ConjureBlade","floor":40,"key":"SMITH"}],"circlet_count":0,"master_deck":["Strike_P+1","Strike_P+1","Strike_P+1","Strike_P+1","Defend_P+1","Defend_P+1","Defend_P+1","Defend_P+1","Eruption","Vigilance","BettingIsNotGood","Protect","EmptyFist","Nirvana","MasterReality","BowlingBash","DevaForm+1","WheelKick","Vault+1","Scrawl","MentalFortress","Adaptation","Prostrate","Conclude+1","Halt","Conclude","EmptyBody","Omniscience+1","FlurryOfBlows","Pray","FearNoEvil","Brilliance","Brilliance+1","ConjureBlade+1","LikeWater","Mayhem","Writhe"],"relics":["PureWater","HushsDoor","testmod-RealStoneCalender","NeowsBlessing","Golden Idol","Mummified Hand","StoneCalendar","StoneCalendar","Boot","testmod-NegativeEmotionEnhancer","Nloth\u0027s Gift","Nunchaku","PillsDrop","Orichalcum","Ice Cream","aspiration:Nostalgia","Ring of the Snake","Calling Bell","Strawberry","UnicornStump","MoneyPower","Baka2"],"acts_visited":["Exordium","TheCity","TheBeyond"],"potions_floor_usage":[],"damage_taken":[{"damage":0,"enemies":"Small Slimes","floor":1,"turns":1},{"damage":0,"enemies":"Gremlin Nob","floor":6,"turns":1},{"damage":0,"enemies":"3 Sentries","floor":8,"turns":1},{"damage":0,"enemies":"Jaw Worm","floor":11,"turns":3},{"damage":0,"enemies":"Hexaghost","floor":16,"turns":4},{"damage":10,"enemies":"Chosen","floor":18,"turns":4},{"damage":3,"enemies":"3 Byrds","floor":21,"turns":4},{"damage":0,"enemies":"Hiden Room Battle","floor":22,"turns":3},{"damage":6,"enemies":"Centurion and Healer","floor":27,"turns":5},{"damage":43,"enemies":"Champ","floor":33,"turns":7},{"damage":0,"enemies":"3 Shapes","floor":35,"turns":2},{"damage":129,"enemies":"3 Darklings","floor":37,"turns":5},{"damage":72,"enemies":"Jaw Worm Horde","floor":41,"turns":3}],"seed_played":"1393612453226938896","potions_obtained":[{"floor":8,"key":"Strength Potion"},{"floor":16,"key":"Dexterity Potion"},{"floor":22,"key":"Weak Potion"},{"floor":27,"key":"EssenceOfSteel"},{"floor":33,"key":"StancePotion"}],"is_trial":false,"path_per_floor":["M","?","?","?","$","E","R","E","T","R","M","$","?","?","R","B",null,"M","$","?","M","?","R","$","?","T","M","?","R","T","$","R","B",null,"M","?","M","?","?","R","M"],"character_chosen":"WATCHER","items_purchased":["EmptyFist","DevaForm","WheelKick","Scrawl","Adaptation","Prostrate","Conclude","EmptyBody","FlurryOfBlows","Pray","FearNoEvil","aspiration:Nostalgia"],"campfire_rested":2,"item_purchase_floors":[5,12,12,17,19,19,24,24,31,31,31,31],"current_hp_per_floor":[72,58,40,40,40,40,40,40,40,61,66,66,66,66,66,66,68,65,65,65,66,55,71,71,71,71,71,71,71,71,71,71,30,83,79,79,20,20,40,40,0,0],"gold":406,"neow_bonus":"THREE_ENEMY_KILL","is_daily":false,"chose_seed":false,"campfire_upgraded":4,"win_rate":0.0,"timestamp":1609766117,"path_taken":["M","?","?","?","?","E","R","E","T","R","?","$","?","?","R","BOSS","M","$","?","?","?","R","?","?","T","?","?","R","?","$","R","BOSS","M","?","?","?","?","R","?"],"items_purchased_type":["Card","Card","Card","Card","Card","Card","Card","Card","Card","Card","Card","Relic"],"build_version":"2020-12-22","purchased_purges":0,"victory":false,"max_hp_per_floor":[72,72,72,72,72,72,72,72,72,72,72,72,72,72,72,72,68,69,69,69,70,71,71,71,71,71,75,75,75,75,75,75,76,83,79,79,80,80,80,80,80,80],"relic_stats":{"Nunchaku":[5],"counters":[13,42],"Golden Idol":99,"Mummified Hand":[41],"StoneCalendar":[0],"Nloth\u0027s Gift":2,"Orichalcum":[24],"Boot":[72],"obtain_stats":[{"Ice Cream":30,"UnicornStump":34,"StoneCalendar":6,"testmod-NegativeEmotionEnhancer":17,"Boot":8,"Nunchaku":22,"Baka2":35,"PokeGo":0,"Mummified Hand":6,"PillsDrop":22,"Strawberry":34,"Ring of the Snake":31,"KeepersGift":0,"testmod-TestBox":0,"NeowsBlessing":0,"Golden Idol":3,"aspiration:Nostalgia":31,"Baka":1,"MoneyPower":34,"Orichalcum":26,"Calling Bell":34,"testmod-RealStoneCalender":0,"Nloth\u0027s Gift":20,"PureWater":0,"HushsDoor":0},{"Ice Cream":9,"UnicornStump":10,"StoneCalendar":2,"testmod-NegativeEmotionEnhancer":5,"Boot":3,"Nunchaku":8,"Baka2":11,"PokeGo":0,"Mummified Hand":2,"PillsDrop":8,"Strawberry":10,"Ring of the Snake":9,"KeepersGift":0,"testmod-TestBox":0,"NeowsBlessing":0,"Golden Idol":1,"aspiration:Nostalgia":9,"Baka":1,"MoneyPower":10,"Orichalcum":8,"Calling Bell":10,"testmod-RealStoneCalender":0,"Nloth\u0027s Gift":6,"PureWater":0,"HushsDoor":0},{"Ice Cream":26,"UnicornStump":32,"StoneCalendar":2,"testmod-NegativeEmotionEnhancer":10,"Boot":3,"Nunchaku":21,"Baka2":34,"PokeGo":0,"Mummified Hand":2,"PillsDrop":21,"Strawberry":32,"Ring of the Snake":26,"KeepersGift":0,"testmod-TestBox":0,"NeowsBlessing":0,"Golden Idol":1,"aspiration:Nostalgia":26,"Baka":1,"MoneyPower":32,"Orichalcum":21,"Calling Bell":32,"testmod-RealStoneCalender":0,"Nloth\u0027s Gift":14,"PureWater":0,"HushsDoor":0}],"Ring of the Snake":[8]},"card_choices":[{"not_picked":[],"picked":"BettingIsNotGood","floor":0},{"not_picked":["CutThroughFate","Crescendo"],"picked":"Protect","floor":1},{"not_picked":["Bomb","Protect"],"picked":"Nirvana","floor":6},{"not_picked":["Conclude","BowlingBash"],"picked":"MasterReality","floor":8},{"not_picked":["DeceiveReality","SashWhip"],"picked":"BowlingBash","floor":11},{"not_picked":["Ragnarok","SpiritShield"],"picked":"Vault","floor":16},{"not_picked":["EmptyFist+1","EmptyBody"],"picked":"MentalFortress","floor":18},{"not_picked":["EmptyBody","Wallop+1"],"picked":"Conclude+1","floor":21},{"not_picked":["Protect+1","JustLucky"],"picked":"Halt","floor":22},{"not_picked":["EmptyMind","Swivel+1"],"picked":"Omniscience","floor":27},{"not_picked":["Establishment","LessonLearned"],"picked":"Brilliance","floor":33},{"not_picked":["Vault","Consecrate+1"],"picked":"ConjureBlade","floor":35},{"not_picked":["FollowUp","Crescendo+1"],"picked":"LikeWater","floor":37},{"not_picked":["testmod-Automaton","testmod-PocketStoneCalender"],"picked":"Mayhem","floor":38}],"player_experience":25738,"relics_obtained":[{"floor":1,"key":"Baka"},{"floor":6,"key":"Mummified Hand"},{"floor":6,"key":"StoneCalendar"},{"floor":6,"key":"StoneCalendar"},{"floor":8,"key":"Boot"},{"floor":22,"key":"Nunchaku"},{"floor":22,"key":"PillsDrop"},{"floor":26,"key":"Orichalcum"},{"floor":30,"key":"Ice Cream"},{"floor":34,"key":"Strawberry"},{"floor":34,"key":"UnicornStump"},{"floor":34,"key":"MoneyPower"},{"floor":35,"key":"Baka2"}],"event_choices":[{"damage_healed":0,"gold_gain":0,"player_choice":"Entered Light","damage_taken":14,"max_hp_gain":0,"max_hp_loss":0,"event_name":"Shining Light","floor":2,"gold_loss":0,"cards_upgraded":["Strike_P","Defend_P"]},{"damage_healed":0,"gold_gain":0,"player_choice":"Take Damage","damage_taken":18,"relics_obtained":["Golden Idol"],"max_hp_gain":0,"max_hp_loss":0,"event_name":"Golden Idol","floor":3,"gold_loss":0},{"damage_healed":0,"gold_gain":0,"player_choice":"Leave","damage_taken":0,"max_hp_gain":0,"max_hp_loss":0,"event_name":"The Cleric","floor":4,"gold_loss":0},{"damage_healed":0,"gold_gain":400,"player_choice":"Sell","damage_taken":0,"max_hp_gain":0,"max_hp_loss":0,"event_name":"恩洛斯的盘子","floor":13,"relics_lost":["testmod-TestBox"],"gold_loss":0},{"damage_healed":0,"gold_gain":51,"player_choice":"Gained Gold","damage_taken":0,"max_hp_gain":0,"max_hp_loss":0,"event_name":"Golden Wing","floor":14,"gold_loss":0},{"damage_healed":0,"gold_gain":0,"player_choice":"Traded Relic","damage_taken":0,"relics_obtained":["Nloth\u0027s Gift"],"max_hp_gain":0,"max_hp_loss":0,"event_name":"N\u0027loth","floor":20,"relics_lost":["PokeGo"],"gold_loss":0},{"damage_healed":0,"gold_gain":0,"player_choice":"Fight","damage_taken":0,"max_hp_gain":0,"max_hp_loss":0,"event_name":"HidenRoomEvent","floor":22,"gold_loss":0},{"damage_healed":0,"gold_gain":0,"player_choice":"Bought 0 Potions","damage_taken":0,"max_hp_gain":0,"max_hp_loss":0,"event_name":"The Woman in Blue","floor":25,"gold_loss":0},{"damage_healed":0,"gold_gain":0,"player_choice":"Simplicity","damage_taken":0,"max_hp_gain":0,"max_hp_loss":0,"event_name":"Back to Basics","floor":28,"gold_loss":0,"cards_upgraded":["Strike_P","Strike_P","Strike_P","Defend_P","Defend_P","Defend_P"]},{"damage_healed":0,"gold_gain":0,"player_choice":"Ignored","damage_taken":0,"max_hp_gain":0,"max_hp_loss":0,"event_name":"Mysterious Sphere","floor":36,"gold_loss":0},{"damage_healed":0,"gold_gain":0,"player_choice":"Memory 1","damage_taken":0,"max_hp_gain":0,"max_hp_loss":0,"event_name":"SensoryStone","floor":38,"gold_loss":0},{"damage_healed":20,"gold_gain":0,"player_choice":"Writhe","damage_taken":0,"max_hp_gain":0,"max_hp_loss":0,"event_name":"Winding Halls","floor":39,"gold_loss":0,"cards_obtained":["Writhe"]}],"is_beta":false,"boss_relics":[{"not_picked":["testmod-BloodSacrificeSpiritualization","Snecko Eye"],"picked":"testmod-NegativeEmotionEnhancer"},{"not_picked":[]},{"not_picked":["SacredBark","aspiration:IroncladSkillbook"],"picked":"Calling Bell"},{"not_picked":[]}],"items_purged_floors":[],"is_endless":false,"potions_floor_spawned":[8,16,22,27,33,35],"killed_by":"Jaw Worm Horde","ascension_level":0}}