{"host":"Krakhan","time":1609802064,"event":{"mods":["AchievementEnabler","BaseMod","Colored Map","Colored Powertips","Faster Ascension Climbing","Highlight Path","Minty Spire (QoL Compilation)","Rare Cards Sparkle","Relic Stats","StSLib"],"gold_per_floor":[111,126,126,139,139,172,172,201,201,228,243,70,94,94,94,180,180,180,180,180,180,120,120,120,120,120,120,120,120,120,120,120,120,120,120,120,120,120,42,42,42,42,42,42,42,42,42,42,42,42,42,42,42,13,13,13,13],"floor_reached":56,"playtime":4423,"items_purged":[],"score":2093,"play_id":"dbb055a5-f922-438b-9032-b3c4e732eb7e","local_time":"20210104181424","is_ascension_mode":true,"campfire_choices":[{"floor":7.0,"key":"REST"},{"data":"Ragnarok","floor":15.0,"key":"SMITH"},{"data":"Meditate","floor":23.0,"key":"SMITH"},{"floor":29.0,"key":"REST"},{"data":"Meditate","floor":32.0,"key":"SMITH"},{"floor":41.0,"key":"RECALL"},{"data":"Fasting2","floor":49.0,"key":"SMITH"},{"data":"Vault","floor":53,"key":"SMITH"}],"circlet_count":0,"master_deck":["AscendersBane","Eruption","Vigilance","Ragnarok+1","Protect","WheelKick","Fasting2+1","Vault","Protect","CrushJoints","Wallop","SashWhip","Meditate+1","Tantrum","Wallop","Halt","FlurryOfBlows","DevaForm+1","Vault+1","Meditate+1","Nirvana+1","Devotion+1","Vault","FearNoEvil","Wallop","Wireheading+1","Tantrum+1","EmptyBody"],"relics":["Pandora\u0027s Box","HornCleat","InkBottle","CeramicFish","Frozen Egg 2","Tiny Chest","Orrery","Ectoplasm","Meat on the Bone","Strawberry","Orichalcum","Darkstone Periapt","Busted Crown","Bronze Scales","Gambling Chip","Molten Egg 2","White Beast Statue","Pear","Happy Flower","TeardropLocket","Centennial Puzzle"],"acts_visited":["Exordium","TheCity","TheBeyond","TheEnding"],"potions_floor_usage":[51,56],"damage_taken":[{"damage":6.0,"enemies":"Small Slimes","floor":1.0,"turns":4.0},{"damage":14.0,"enemies":"2 Louse","floor":2.0,"turns":3.0},{"damage":0.0,"enemies":"Cultist","floor":4.0,"turns":3.0},{"damage":15.0,"enemies":"Gremlin Nob","floor":6.0,"turns":4.0},{"damage":0.0,"enemies":"Lagavulin","floor":8.0,"turns":5.0},{"damage":10.0,"enemies":"3 Sentries","floor":10.0,"turns":4.0},{"damage":0.0,"enemies":"Blue Slaver","floor":11.0,"turns":3.0},{"damage":0.0,"enemies":"Exordium Wildlife","floor":13.0,"turns":2.0},{"damage":20.0,"enemies":"Hexaghost","floor":16.0,"turns":6.0},{"damage":7.0,"enemies":"Shell Parasite","floor":18.0,"turns":4.0},{"damage":3.0,"enemies":"2 Thieves","floor":22.0,"turns":4.0},{"damage":14.0,"enemies":"Book of Stabbing","floor":24.0,"turns":5.0},{"damage":0.0,"enemies":"Chosen and Byrds","floor":25.0,"turns":5.0},{"damage":21.0,"enemies":"Gremlin Leader","floor":27.0,"turns":6.0},{"damage":6.0,"enemies":"Shelled Parasite and Fungi","floor":30.0,"turns":2.0},{"damage":17.0,"enemies":"Book of Stabbing","floor":31.0,"turns":5.0},{"damage":9.0,"enemies":"Automaton","floor":33.0,"turns":9.0},{"damage":2.0,"enemies":"Orb Walker","floor":35.0,"turns":3.0},{"damage":12.0,"enemies":"3 Darklings","floor":36.0,"turns":6.0},{"damage":30.0,"enemies":"2 Orb Walkers","floor":38.0,"turns":6.0},{"damage":1.0,"enemies":"Nemesis","floor":40.0,"turns":6.0},{"damage":0.0,"enemies":"Giant Head","floor":42.0,"turns":5.0},{"damage":7.0,"enemies":"Nemesis","floor":44.0,"turns":4.0},{"damage":8.0,"enemies":"Maw","floor":48.0,"turns":7.0},{"damage":30.0,"enemies":"Donu and Deca","floor":50.0,"turns":6.0},{"damage":19,"enemies":"Time Eater","floor":51,"turns":7},{"damage":35,"enemies":"Shield and Spear","floor":55,"turns":6},{"damage":65,"enemies":"The Heart","floor":56,"turns":5}],"seed_played":"5422709291623100423","potions_obtained":[{"floor":4.0,"key":"ColorlessPotion"},{"floor":5.0,"key":"Regen Potion"},{"floor":5.0,"key":"SteroidPotion"},{"floor":6.0,"key":"Energy Potion"},{"floor":11.0,"key":"Strength Potion"},{"floor":16.0,"key":"Energy Potion"},{"floor":22.0,"key":"Explosive Potion"},{"floor":25.0,"key":"Strength Potion"},{"floor":27.0,"key":"Ambrosia"},{"floor":33.0,"key":"Dexterity Potion"},{"floor":35.0,"key":"Energy Potion"},{"floor":44.0,"key":"LiquidMemories"},{"floor":55,"key":"Regen Potion"}],"is_trial":false,"path_per_floor":["M","M","?","M","?","E","R","E","T","E","M","$","M","?","R","B",null,"M","?","T","?","M","R","E","M","T","E","?","R","M","E","R","B",null,"M","M","T","?","$","E","R","E","T","E","$","T","?","M","R","B","B",null,"R","$","E","B"],"character_chosen":"WATCHER","items_purchased":["Tantrum","Orrery","Wireheading+1","EmptyBody"],"campfire_rested":2,"item_purchase_floors":[12,12,39,54],"current_hp_per_floor":[55,41,30,30,30,15,35,35,35,37,37,37,37,37,37,17,55,48,48,48,48,45,45,50,50,50,41,20,44,50,45,45,48,72,70,58,58,40,40,51,51,51,61,54,54,54,54,46,46,28,21,73,73,73,50,0,0],"gold":13,"neow_bonus":"BOSS_RELIC","is_daily":false,"chose_seed":false,"campfire_upgraded":5,"win_rate":0.0,"timestamp":1609802064,"path_taken":["M","M","?","M","?","E","R","E","T","E","M","$","?","?","R","BOSS","M","?","?","?","M","R","E","?","T","E","?","R","M","E","R","BOSS","M","M","?","?","$","E","R","E","T","E","$","?","?","M","R","BOSS","BOSS","R","$","E","BOSS"],"items_purchased_type":["Card","Relic","Card","Card"],"build_version":"2020-12-18","purchased_purges":0,"victory":false,"max_hp_per_floor":[68,68,68,68,68,68,68,68,68,68,68,68,68,68,68,68,68,68,68,68,68,68,68,75,75,75,75,80,80,80,80,80,80,80,80,80,80,80,80,80,80,80,90,90,90,90,90,90,90,90,90,90,90,90,90,90,90],"relic_stats":{"Darkstone Periapt":0,"Happy Flower":[10],"counters":[28,135],"CeramicFish":54,"Orichalcum":[102],"Centennial Puzzle":[3],"Busted Crown":16,"Bronze Scales":[151],"Gambling Chip":[21],"Pandora\u0027s Box":["Ragnarok","Worship","Protect","SignatureMove","WheelKick","Fasting2","Vault","Protect"],"Tiny Chest":2,"Ectoplasm":682,"obtain_stats":[{"Darkstone Periapt":31,"Pear":43,"Happy Flower":44,"CeramicFish":8,"TeardropLocket":46,"Frozen Egg 2":9,"Orichalcum":27,"White Beast Statue":42,"Centennial Puzzle":55,"HornCleat":3,"Busted Crown":34,"Strawberry":24,"Bronze Scales":37,"Gambling Chip":38,"Orrery":12,"Pandora\u0027s Box":0,"Tiny Chest":10,"Molten Egg 2":40,"Ectoplasm":17,"PureWater":0,"InkBottle":6,"Meat on the Bone":20},{"Darkstone Periapt":16,"Pear":22,"Happy Flower":23,"CeramicFish":5,"TeardropLocket":23,"Frozen Egg 2":5,"Orichalcum":14,"White Beast Statue":22,"Centennial Puzzle":27,"HornCleat":2,"Busted Crown":17,"Strawberry":12,"Bronze Scales":19,"Gambling Chip":20,"Orrery":7,"Pandora\u0027s Box":0,"Tiny Chest":6,"Molten Egg 2":21,"Ectoplasm":9,"PureWater":0,"InkBottle":4,"Meat on the Bone":10},{"Darkstone Periapt":65,"Pear":100,"Happy Flower":104,"CeramicFish":19,"TeardropLocket":104,"Frozen Egg 2":19,"Orichalcum":58,"White Beast Statue":100,"Centennial Puzzle":130,"HornCleat":7,"Busted Crown":74,"Strawberry":47,"Bronze Scales":83,"Gambling Chip":89,"Orrery":26,"Pandora\u0027s Box":0,"Tiny Chest":23,"Molten Egg 2":95,"Ectoplasm":34,"PureWater":0,"InkBottle":14,"Meat on the Bone":38}],"InkBottle":[38],"Meat on the Bone":120},"card_choices":[{"not_picked":["EmptyBody","JustLucky"],"picked":"CrushJoints","floor":1.0},{"not_picked":["JustLucky","ThirdEye"],"picked":"Wallop","floor":2.0},{"not_picked":["CarveReality","Prostrate"],"picked":"SashWhip","floor":4.0},{"not_picked":["Devotion","ClearTheMind"],"picked":"Meditate","floor":6.0},{"not_picked":["Prostrate","PathToVictory","MasterReality"],"picked":"SKIP","floor":8.0},{"not_picked":["Protect","Fasting2+1","Perseverance"],"picked":"SKIP","floor":10.0},{"not_picked":["Prostrate","JustLucky","Evaluate"],"picked":"SKIP","floor":11.0},{"not_picked":["Evaluate","Tantrum"],"picked":"Wallop","floor":12.0},{"not_picked":["CrushJoints","Worship"],"picked":"Halt","floor":12.0},{"not_picked":["BowlingBash","WindmillStrike"],"picked":"FlurryOfBlows","floor":12.0},{"not_picked":["Protect","WheelKick"],"picked":"DevaForm+1","floor":13.0},{"not_picked":["Ragnarok","Wish"],"picked":"Vault","floor":16.0},{"not_picked":["WindmillStrike","Evaluate"],"picked":"Meditate","floor":18.0},{"not_picked":["Prostrate","CrushJoints","JustLucky+1"],"picked":"SKIP","floor":22.0},{"not_picked":["Worship","EmptyFist"],"picked":"Vault","floor":24.0},{"not_picked":["CrushJoints","SandsOfTime","Weave"],"picked":"SKIP","floor":25.0},{"not_picked":["FollowUp","DeceiveReality+1"],"picked":"FearNoEvil","floor":27.0},{"not_picked":["Evaluate","Halt+1","Indignation"],"picked":"SKIP","floor":30.0},{"not_picked":["Alpha","Nirvana+1"],"picked":"Wallop","floor":31.0},{"not_picked":["CutThroughFate"],"picked":"SKIP","floor":35.0},{"not_picked":["CrushJoints"],"picked":"SKIP","floor":36.0},{"not_picked":["CarveReality+1"],"picked":"SKIP","floor":40.0},{"not_picked":["SignatureMove+1"],"picked":"SKIP","floor":42.0},{"not_picked":["BowlingBash+1"],"picked":"SKIP","floor":44.0},{"not_picked":[],"picked":"Tantrum+1","floor":48.0},{"not_picked":["BowlingBash+1"],"picked":"SKIP","floor":55}],"player_experience":1272631,"relics_obtained":[{"floor":6.0,"key":"InkBottle"},{"floor":8.0,"key":"CeramicFish"},{"floor":9.0,"key":"Frozen Egg 2"},{"floor":10.0,"key":"Tiny Chest"},{"floor":20.0,"key":"Meat on the Bone"},{"floor":24.0,"key":"Strawberry"},{"floor":27.0,"key":"Orichalcum"},{"floor":31.0,"key":"Darkstone Periapt"},{"floor":37.0,"key":"Bronze Scales"},{"floor":38.0,"key":"Gambling Chip"},{"floor":40.0,"key":"Molten Egg 2"},{"floor":42.0,"key":"White Beast Statue"},{"floor":43.0,"key":"Pear"},{"floor":44.0,"key":"Happy Flower"},{"floor":46.0,"key":"TeardropLocket"},{"floor":55,"key":"Centennial Puzzle"}],"event_choices":[{"damage_healed":0.0,"max_hp_gain":0.0,"max_hp_loss":0.0,"gold_gain":0.0,"event_name":"Scrap Ooze","player_choice":"Success","floor":3.0,"gold_loss":0.0,"damage_taken":11.0,"relics_obtained":["HornCleat"]},{"damage_healed":0.0,"max_hp_gain":0.0,"max_hp_loss":0.0,"gold_gain":0.0,"event_name":"Lab","player_choice":"Got Potions","floor":5.0,"gold_loss":0.0,"damage_taken":0.0},{"damage_healed":0.0,"max_hp_gain":0.0,"max_hp_loss":0.0,"gold_gain":0.0,"event_name":"Liars Game","player_choice":"Ignored","floor":14.0,"gold_loss":0.0,"damage_taken":0.0},{"damage_healed":0.0,"max_hp_gain":0.0,"max_hp_loss":0.0,"gold_gain":0.0,"cards_transformed":["Worship","SignatureMove"],"event_name":"Drug Dealer","player_choice":"Became Test Subject","floor":19.0,"gold_loss":0.0,"damage_taken":0.0,"cards_obtained":["Nirvana","Devotion"]},{"damage_healed":0.0,"max_hp_gain":0.0,"max_hp_loss":0.0,"gold_gain":0.0,"event_name":"Ghosts","player_choice":"Ignored","floor":21.0,"gold_loss":0.0,"damage_taken":0.0},{"damage_healed":0.0,"max_hp_gain":5.0,"max_hp_loss":0.0,"gold_gain":0.0,"event_name":"Forgotten Altar","player_choice":"Shed Blood","floor":28.0,"gold_loss":0.0,"damage_taken":26.0},{"damage_healed":0.0,"max_hp_gain":0.0,"max_hp_loss":0.0,"gold_gain":0.0,"event_name":"Mysterious Sphere","player_choice":"Fight","floor":38.0,"gold_loss":0.0,"damage_taken":0.0},{"damage_healed":0.0,"max_hp_gain":0.0,"max_hp_loss":0.0,"gold_gain":0.0,"event_name":"SecretPortal","player_choice":"Ignored","floor":47.0,"gold_loss":0.0,"damage_taken":0.0}],"is_beta":true,"boss_relics":[{"not_picked":["VioletLotus","SlaversCollar"],"picked":"Ectoplasm"},{"not_picked":["Empty Cage","Tiny House"],"picked":"Busted Crown"}],"items_purged_floors":[],"is_endless":false,"potions_floor_spawned":[4,6,11,16,22,25,27,33,35,38,44,48,55],"killed_by":"The Heart","ascension_level":20}}