{"host":"gkp57zoegrd3f2ij","time":1609719440,"event":{"mods":["BaseMod","Colored Map","Colored Powertips","Downfall","Minty Spire (QoL Compilation)","StSLib"],"gold_per_floor":[216,216,235,8,27,27,39,50,50,61,61,79,97,131,131,232,232,250,26,45,45,61,61,72,72,98,198,211,211,224,249,249,249,249],"floor_reached":33,"playtime":2460,"items_purged":["Strike_R"],"score":314,"play_id":"9999c0db-c102-4203-87f6-338b8b197cac","local_time":"20210104011720","is_ascension_mode":true,"campfire_choices":[{"data":"Hemokinesis","floor":6,"key":"SMITH"},{"floor":15,"key":"REST"},{"floor":23,"key":"REST"},{"data":"Flame Barrier","floor":25,"key":"SMITH"},{"floor":29,"key":"REST"},{"floor":32,"key":"REST"}],"circlet_count":0,"master_deck":["Strike_R","Strike_R","Strike_R","Defend_R","Defend_R","Defend_R","Defend_R","Bash","Armaments+1","Hemokinesis+1","Shrug It Off","Pommel Strike","Cleave+1","Anger","Impervious","Flame Barrier+1","True Grit","Ghostly Armor","Whirlwind"],"relics":["Burning Blood","HandDrill","Self Forming Clay","Girya","Philosopher\u0027s Stone","Omamori","Blood Vial","Mango","Letter Opener","Sundial"],"acts_visited":["Exordium","TheCity"],"potions_floor_usage":[24,27,27,27],"damage_taken":[{"damage":5,"enemies":"2 Louse","floor":1,"turns":3},{"damage":5,"enemies":"Small Slimes","floor":3,"turns":4},{"damage":0,"enemies":"Cultist","floor":5,"turns":4},{"damage":22,"enemies":"Lots of Slimes","floor":7,"turns":6},{"damage":11,"enemies":"3 Louse","floor":8,"turns":4},{"damage":11,"enemies":"Large Slime","floor":10,"turns":7},{"damage":3,"enemies":"2 Fungi Beasts","floor":12,"turns":3},{"damage":5,"enemies":"Lots of Slimes","floor":13,"turns":3},{"damage":22,"enemies":"Gremlin Nob","floor":14,"turns":4},{"damage":43,"enemies":"Slime Boss","floor":16,"turns":11},{"damage":19,"enemies":"Chosen","floor":18,"turns":4},{"damage":29,"enemies":"Spheric Guardian","floor":20,"turns":6},{"damage":24,"enemies":"Shelled Parasite and Fungi","floor":22,"turns":7},{"damage":13,"enemies":"Cultist and Chosen","floor":24,"turns":8},{"damage":6,"enemies":"Colosseum Slavers","floor":27,"turns":6},{"damage":42,"enemies":"Colosseum Nobs","floor":27,"turns":7},{"damage":4,"enemies":"Snecko","floor":28,"turns":5},{"damage":23,"enemies":"Centurion and Healer","floor":30,"turns":6},{"damage":53,"enemies":"Gremlin Leader","floor":31,"turns":8},{"damage":74,"enemies":"Collector","floor":33,"turns":7}],"seed_played":"1597055514329021576","potions_obtained":[{"floor":7,"key":"sneckomod:MuddlingPotion"},{"floor":10,"key":"FearPotion"},{"floor":12,"key":"ElixirPotion"},{"floor":16,"key":"Swift Potion"},{"floor":24,"key":"BloodPotion"}],"is_trial":false,"path_per_floor":["M","?","M","$","M","R","M","M","T","M","?","M","M","E","R","B",null,"M","$","M","?","M","R","M","R","T","?","M","R","M","E","R","B"],"character_chosen":"IRONCLAD","items_purchased":["HandDrill","Hemokinesis","Shrug It Off","Omamori"],"campfire_rested":4,"item_purchase_floors":[4,4,4,19],"current_hp_per_floor":[80,80,80,80,80,80,64,59,59,54,54,57,58,42,66,29,80,67,67,44,44,26,50,43,43,43,41,45,73,58,13,41,0,0],"gold":249,"neow_bonus":"HUNDRED_GOLD","is_daily":false,"chose_seed":false,"campfire_upgraded":2,"win_rate":0.0,"timestamp":1609719440,"path_taken":["M","?","M","$","M","R","M","M","T","M","?","M","?","E","R","BOSS","M","$","?","?","M","R","?","R","T","?","M","R","M","E","R","BOSS"],"items_purchased_type":["Relic","Card","Card","Relic"],"build_version":"2020-12-22","purchased_purges":1,"victory":false,"max_hp_per_floor":[80,80,80,80,80,80,80,80,80,80,80,80,80,80,80,80,80,80,80,80,80,80,80,80,80,80,94,94,94,94,94,94,94,94],"card_choices":[{"not_picked":["Clash","Flex"],"picked":"Armaments","floor":1},{"not_picked":["Sword Boomerang","Rupture","Iron Wave"],"picked":"SKIP","floor":3},{"not_picked":["Entrench","Sword Boomerang","Whirlwind"],"picked":"SKIP","floor":5},{"not_picked":["Clash","Entrench"],"picked":"Pommel Strike","floor":7},{"not_picked":["Havoc","Armaments"],"picked":"Cleave","floor":8},{"not_picked":["Reaper","Body Slam","Warcry"],"picked":"SKIP","floor":10},{"not_picked":["Disarm","Flex"],"picked":"Anger","floor":12},{"not_picked":["Inflame","Pommel Strike","Clothesline"],"picked":"SKIP","floor":13},{"not_picked":["Hemokinesis","Reckless Charge","Dropkick"],"picked":"SKIP","floor":14},{"not_picked":["Brutality","Bludgeon"],"picked":"Impervious","floor":16},{"not_picked":["Rupture+1","Clothesline","Body Slam"],"picked":"SKIP","floor":18},{"not_picked":["Warcry+1","Perfected Strike"],"picked":"Flame Barrier","floor":20},{"not_picked":["Thunderclap","Flex"],"picked":"True Grit","floor":22},{"not_picked":["Headbutt+1","Wild Strike"],"picked":"Ghostly Armor","floor":24},{"not_picked":["Cleave","Flame Barrier"],"picked":"Whirlwind","floor":27},{"not_picked":["Bloodletting","Shrug It Off+1","Hemokinesis"],"picked":"SKIP","floor":28},{"not_picked":["Sentinel","Cleave","True Grit"],"picked":"SKIP","floor":30},{"not_picked":["Offering","Anger","Havoc"],"picked":"SKIP","floor":31}],"player_experience":229568,"relics_obtained":[{"floor":9,"key":"Self Forming Clay"},{"floor":14,"key":"Girya"},{"floor":26,"key":"Blood Vial"},{"floor":27,"key":"Mango"},{"floor":27,"key":"Letter Opener"},{"floor":31,"key":"Sundial"}],"event_choices":[{"damage_healed":0,"gold_gain":0,"player_choice":"Grow","damage_taken":0,"max_hp_gain":0,"max_hp_loss":0,"event_name":"Living Wall","floor":2,"gold_loss":0,"cards_upgraded":["Armaments"]},{"damage_healed":0,"gold_gain":0,"player_choice":"Upgraded","damage_taken":0,"max_hp_gain":0,"max_hp_loss":0,"event_name":"Upgrade Shrine","floor":11,"gold_loss":0,"cards_upgraded":["Cleave"]},{"cards_removed":["Strike_R"],"damage_healed":0,"gold_gain":0,"player_choice":"Offered Basic","damage_taken":0,"max_hp_gain":0,"max_hp_loss":0,"event_name":"Bonfire Elementals","floor":21,"gold_loss":0},{"damage_healed":0,"gold_gain":0,"player_choice":"Fight","damage_taken":0,"max_hp_gain":0,"max_hp_loss":0,"event_name":"Colosseum","floor":27,"gold_loss":0},{"damage_healed":0,"gold_gain":0,"player_choice":"Fought Nobs","damage_taken":0,"max_hp_gain":0,"max_hp_loss":0,"event_name":"Colosseum","floor":27,"gold_loss":0}],"is_beta":false,"boss_relics":[{"not_picked":["Black Blood","Tiny House"],"picked":"Philosopher\u0027s Stone"}],"items_purged_floors":[19],"is_endless":false,"potions_floor_spawned":[7,10,12,14,16,20,24],"killed_by":"Collector","ascension_level":3}}