{"host":"63yhhrjweyj22b0v","time":1609724795,"event":{"mods":["BaseMod","Minty Spire (QoL Compilation)","Quick Restart"],"gold_per_floor":[116,116,133,133,147,147,147,163,163,182,182,182,193,204,204,300,300,318,51,51,66,66,66,66,66],"floor_reached":24,"playtime":1011,"items_purged":["Strike_P"],"score":188,"play_id":"456cfc4c-1649-4c31-8041-acff2e20b2cf","local_time":"20210103194635","is_ascension_mode":false,"campfire_choices":[{"floor":6,"key":"REST"},{"data":"PathToVictory","floor":11,"key":"SMITH"},{"floor":15,"key":"REST"},{"floor":23,"key":"REST"}],"circlet_count":0,"master_deck":["Strike_P+1","Strike_P+1","Defend_P+1","Defend_P+1","Defend_P+1","Eruption+1","Vigilance","BowlingBash","PathToVictory+1","FlurryOfBlows","Pray","Tantrum","Prostrate","BowlingBash","PathToVictory","DevaForm","Protect+1","Perseverance+1","InnerPeace+1","Indignation","Ragnarok","PathToVictory","Crescendo+1"],"relics":["PureWater","FaceOfCleric","Prayer Wheel","Yang","Astrolabe"],"acts_visited":["Exordium","TheCity"],"potions_floor_usage":[1,16],"damage_taken":[{"damage":3,"enemies":"Jaw Worm","floor":1,"turns":4},{"damage":0,"enemies":"Small Slimes","floor":3,"turns":2},{"damage":7,"enemies":"Cultist","floor":5,"turns":4},{"damage":0,"enemies":"2 Fungi Beasts","floor":8,"turns":1},{"damage":0,"enemies":"3 Louse","floor":10,"turns":2},{"damage":22,"enemies":"Gremlin Gang","floor":13,"turns":4},{"damage":0,"enemies":"Red Slaver","floor":14,"turns":3},{"damage":64,"enemies":"Hexaghost","floor":16,"turns":8},{"damage":32,"enemies":"3 Byrds","floor":18,"turns":5},{"damage":13,"enemies":"Spheric Guardian","floor":21,"turns":6},{"damage":65,"enemies":"Book of Stabbing","floor":24,"turns":5}],"seed_played":"6321371602071217582","potions_obtained":[{"floor":1,"key":"Fruit Juice"},{"floor":10,"key":"SteroidPotion"},{"floor":14,"key":"Swift Potion"}],"is_trial":false,"path_per_floor":["M","?","M","?","M","R","?","M","T","M","R","?","M","M","R","B",null,"M","$","?","M","?","R","E"],"character_chosen":"WATCHER","items_purchased":["Ragnarok","PathToVictory"],"campfire_rested":3,"item_purchase_floors":[19,19],"current_hp_per_floor":[74,59,59,59,53,76,73,74,74,75,75,75,54,55,79,16,83,52,52,52,40,40,65,0,0],"gold":66,"neow_bonus":"UPGRADE_CARD","is_daily":false,"chose_seed":false,"campfire_upgraded":1,"win_rate":0.0,"timestamp":1609724795,"path_taken":["M","?","M","?","?","R","?","M","T","M","R","?","M","?","R","BOSS","M","$","?","M","?","R","E"],"items_purchased_type":["Card","Card"],"build_version":"2020-12-22","purchased_purges":1,"victory":false,"max_hp_per_floor":[77,77,77,77,78,78,78,79,79,80,80,80,81,82,82,83,83,84,84,84,85,85,85,85,85],"card_choices":[{"not_picked":["Swivel","Adaptation"],"picked":"BowlingBash","floor":1},{"not_picked":["InnerPeace","Prostrate"],"picked":"PathToVictory","floor":3},{"not_picked":["Adaptation","ForeignInfluence"],"picked":"FlurryOfBlows","floor":5},{"not_picked":["Sanctity","ReachHeaven"],"picked":"Crescendo","floor":8},{"not_picked":["Pray","Protect"],"picked":"FlurryOfBlows","floor":8},{"not_picked":["FlyingSleeves","Worship"],"picked":"Pray","floor":10},{"not_picked":["Collect","EmptyBody","Evaluate"],"picked":"SKIP","floor":10},{"not_picked":["LikeWater","ClearTheMind"],"picked":"Tantrum","floor":13},{"not_picked":["Protect","FlurryOfBlows"],"picked":"Prostrate","floor":13},{"not_picked":["CarveReality","DeceiveReality"],"picked":"BowlingBash","floor":14},{"not_picked":["Conclude","Prostrate"],"picked":"PathToVictory","floor":14},{"not_picked":["Wish","Omniscience"],"picked":"DevaForm","floor":16},{"not_picked":["Protect","FollowUp"],"picked":"Indignation","floor":18},{"not_picked":["CarveReality+1","Meditate","EmptyBody"],"picked":"SKIP","floor":18},{"not_picked":["WaveOfTheHand+1","BattleHymn"],"picked":"Crescendo+1","floor":21},{"not_picked":["ReachHeaven","JustLucky+1","WindmillStrike"],"picked":"SKIP","floor":21}],"player_experience":648304,"relics_obtained":[],"event_choices":[{"damage_healed":0,"gold_gain":0,"player_choice":"Entered Light","damage_taken":15,"max_hp_gain":0,"max_hp_loss":0,"event_name":"Shining Light","floor":2,"gold_loss":0,"cards_upgraded":["Strike_P","Defend_P"]},{"damage_healed":0,"gold_gain":0,"player_choice":"Trade","damage_taken":0,"relics_obtained":["FaceOfCleric"],"max_hp_gain":0,"max_hp_loss":0,"event_name":"FaceTrader","floor":4,"gold_loss":0},{"damage_healed":0,"gold_gain":0,"player_choice":"Success","damage_taken":3,"relics_obtained":["Prayer Wheel"],"max_hp_gain":0,"max_hp_loss":0,"event_name":"Scrap Ooze","floor":7,"gold_loss":0},{"damage_healed":0,"gold_gain":0,"player_choice":"Gave Potion","damage_taken":0,"relics_obtained":["Yang"],"max_hp_gain":0,"max_hp_loss":0,"event_name":"WeMeetAgain","floor":12,"gold_loss":0},{"damage_healed":0,"gold_gain":0,"player_choice":"Simplicity","damage_taken":0,"max_hp_gain":0,"max_hp_loss":0,"event_name":"Back to Basics","floor":20,"gold_loss":0,"cards_upgraded":["Strike_P","Defend_P","Defend_P"]},{"cards_removed":["Crescendo"],"damage_healed":0,"gold_gain":0,"player_choice":"Purged","damage_taken":0,"max_hp_gain":0,"max_hp_loss":0,"event_name":"Purifier","floor":22,"gold_loss":0}],"is_beta":false,"boss_relics":[{"not_picked":["Runic Pyramid","Snecko Eye"],"picked":"Astrolabe"}],"items_purged_floors":[19],"is_endless":false,"potions_floor_spawned":[1,10,14],"killed_by":"Book of Stabbing","ascension_level":0}}