{"host":"gkp57zoegrd3f2ij","time":1609770429,"event":{"mods":["BaseMod","Colored Map","Colored Powertips","Minty Spire (QoL Compilation)","StSLib"],"gold_per_floor":[119,119,194,369,26,26,53,83,107,135,59,73,90,100,100,203,203,216,131,145,155,40,40,55,67,67,81,81,101,101,121,121,216,216,234,234,249,269,269,269,286,286,286,286,286,286],"floor_reached":45,"playtime":5702,"items_purged":["Strike_R","Doubt"],"score":516,"play_id":"17444555-c9da-4165-8056-9bba42bfb785","local_time":"20210104152709","is_ascension_mode":true,"campfire_choices":[{"data":"Bash","floor":6,"key":"SMITH"},{"floor":15,"key":"REST"},{"floor":23,"key":"REST"},{"data":"Exhume","floor":28,"key":"SMITH"},{"data":"Iron Wave","floor":30,"key":"SMITH"},{"floor":32,"key":"REST"},{"data":"Disarm","floor":40,"key":"SMITH"},{"floor":42,"key":"REST"},{"data":"Inflame","floor":44,"key":"SMITH"}],"circlet_count":0,"master_deck":["Strike_R","Strike_R","Strike_R","Defend_R","Defend_R","Defend_R","Defend_R","Bash+1","Cleave","Metallicize","Disarm+1","Iron Wave+1","Shrug It Off","Clothesline","Exhume+1","Armaments","Pommel Strike","Inflame+1","Headbutt+1","Shame","Anger+1","Impervious","Hemokinesis+1","Carnage+1","Dual Wield","Parasite","Injury"],"relics":["Burning Blood","Juzu Bracelet","HornCleat","Lantern","Smiling Mask","Anchor","Gremlin Horn","Cursed Key","Oddly Smooth Stone","Pear","Runic Cube","Mango"],"acts_visited":["Exordium","TheCity","TheBeyond"],"potions_floor_usage":[7,10,16,16,16,18,20,20,21,21,22,33,38,41],"damage_taken":[{"damage":5,"enemies":"Small Slimes","floor":1,"turns":5},{"damage":42,"enemies":"Gremlin Nob","floor":7,"turns":6},{"damage":9,"enemies":"3 Sentries","floor":10,"turns":11},{"damage":0,"enemies":"2 Louse","floor":12,"turns":2},{"damage":4,"enemies":"Jaw Worm","floor":13,"turns":4},{"damage":2,"enemies":"Exordium Thugs","floor":14,"turns":6},{"damage":55,"enemies":"Hexaghost","floor":16,"turns":19},{"damage":31,"enemies":"Spheric Guardian","floor":18,"turns":8},{"damage":4,"enemies":"3 Byrds","floor":20,"turns":6},{"damage":42,"enemies":"Cultist and Chosen","floor":21,"turns":11},{"damage":28,"enemies":"Sentry and Sphere","floor":24,"turns":7},{"damage":0,"enemies":"Centurion and Healer","floor":25,"turns":7},{"damage":5,"enemies":"Snake Plant","floor":27,"turns":6},{"damage":20,"enemies":"Snecko","floor":29,"turns":6},{"damage":13,"enemies":"Shelled Parasite and Fungi","floor":31,"turns":6},{"damage":58,"enemies":"Collector","floor":33,"turns":13},{"damage":32,"enemies":"3 Shapes","floor":35,"turns":4},{"damage":17,"enemies":"3 Darklings","floor":37,"turns":6},{"damage":20,"enemies":"4 Shapes","floor":38,"turns":6},{"damage":61,"enemies":"Writhing Mass","floor":41,"turns":12},{"damage":88,"enemies":"Nemesis","floor":45,"turns":9}],"seed_played":"7361171694389817712","potions_obtained":[{"floor":1,"key":"Strength Potion"},{"floor":7,"key":"FearPotion"},{"floor":13,"key":"Block Potion"},{"floor":14,"key":"ElixirPotion"},{"floor":16,"key":"EntropicBrew"},{"floor":18,"key":"Swift Potion"},{"floor":21,"key":"Fruit Juice"},{"floor":31,"key":"Strength Potion"},{"floor":33,"key":"BloodPotion"},{"floor":37,"key":"Fire Potion"}],"is_trial":false,"path_per_floor":["M","?","?","?","$","R","E","?","T","E","$","M","M","M","R","B",null,"M","?","M","M","$","R","M","M","T","M","R","M","R","M","R","B",null,"M","?","M","M","?","R","M","R","T","R","E"],"character_chosen":"IRONCLAD","items_purchased":["Lantern","Metallicize","Disarm","Shrug It Off","Inflame","BloodPotion"],"campfire_rested":4,"item_purchase_floors":[5,5,5,11,22,22],"current_hp_per_floor":[80,77,66,66,66,66,30,30,30,27,27,33,35,39,63,14,80,55,55,57,26,43,68,46,52,62,63,63,49,49,42,70,18,95,69,95,84,70,70,70,34,62,76,76,0,0],"gold":286,"neow_bonus":"RANDOM_COMMON_RELIC","is_daily":false,"chose_seed":false,"campfire_upgraded":5,"win_rate":0.0,"timestamp":1609770429,"path_taken":["M","?","?","?","?","R","E","?","T","E","$","M","M","M","R","BOSS","M","?","M","M","$","R","M","M","T","M","R","M","R","M","R","BOSS","M","?","M","M","?","R","M","R","T","R","E"],"items_purchased_type":["Relic","Card","Card","Card","Card","Potion"],"build_version":"2020-12-22","purchased_purges":2,"victory":false,"max_hp_per_floor":[80,80,80,80,80,80,80,80,80,80,80,80,80,80,80,80,80,80,80,80,85,85,85,85,85,95,95,95,95,95,95,95,95,95,95,95,95,95,95,95,95,95,109,109,109,109],"card_choices":[{"not_picked":["Fire Breathing","Rage"],"picked":"Cleave","floor":1},{"not_picked":["Heavy Blade","Clash"],"picked":"Iron Wave","floor":7},{"not_picked":["Burning Pact","Dark Embrace","Feel No Pain"],"picked":"SKIP","floor":10},{"not_picked":["Thunderclap","Disarm","Searing Blow"],"picked":"SKIP","floor":12},{"not_picked":["Second Wind","Thunderclap","Intimidate"],"picked":"SKIP","floor":13},{"not_picked":["Wild Strike","True Grit"],"picked":"Clothesline","floor":14},{"not_picked":["Berserk","Juggernaut"],"picked":"Exhume","floor":16},{"not_picked":["Headbutt","Pummel"],"picked":"Armaments","floor":18},{"not_picked":["Dual Wield","Armaments"],"picked":"Pommel Strike","floor":20},{"not_picked":["Cleave","Pommel Strike","Flex"],"picked":"SKIP","floor":21},{"not_picked":["Warcry","Perfected Strike","Reckless Charge"],"picked":"SKIP","floor":24},{"not_picked":["Whirlwind","Clash"],"picked":"Headbutt+1","floor":25},{"not_picked":["Body Slam","Exhume"],"picked":"Anger+1","floor":27},{"not_picked":["Warcry+1","Sword Boomerang","Iron Wave"],"picked":"SKIP","floor":29},{"not_picked":["Twin Strike","Pommel Strike","Perfected Strike"],"picked":"SKIP","floor":31},{"not_picked":["Exhume","Reaper"],"picked":"Impervious","floor":33},{"not_picked":["Havoc+1","Rage+1"],"picked":"Hemokinesis+1","floor":35},{"not_picked":["Dark Embrace","Pommel Strike","Burning Pact"],"picked":"SKIP","floor":37},{"not_picked":["Intimidate","Flex+1"],"picked":"Carnage+1","floor":38},{"not_picked":["Impervious","Shrug It Off+1","Bloodletting"],"picked":"SKIP","floor":41}],"player_experience":241391,"relics_obtained":[{"floor":7,"key":"Smiling Mask"},{"floor":9,"key":"Anchor"},{"floor":10,"key":"Gremlin Horn"},{"floor":26,"key":"Pear"},{"floor":43,"key":"Mango"}],"event_choices":[{"damage_healed":0,"gold_gain":0,"player_choice":"Success","damage_taken":3,"relics_obtained":["HornCleat"],"max_hp_gain":0,"max_hp_loss":0,"event_name":"Scrap Ooze","floor":2,"gold_loss":0},{"damage_healed":0,"gold_gain":75,"player_choice":"Gather Gold","damage_taken":11,"max_hp_gain":0,"max_hp_loss":0,"event_name":"World of Goop","floor":3,"gold_loss":0},{"damage_healed":0,"gold_gain":175,"player_choice":"AGREE","damage_taken":0,"max_hp_gain":0,"max_hp_loss":0,"event_name":"Liars Game","floor":4,"gold_loss":0,"cards_obtained":["Doubt"]},{"damage_healed":0,"gold_gain":30,"player_choice":"Searched \u00271\u0027 times","damage_taken":0,"max_hp_gain":0,"max_hp_loss":0,"event_name":"Dead Adventurer","floor":8,"gold_loss":0},{"damage_healed":0,"gold_gain":0,"player_choice":"Obtained Relic","damage_taken":0,"relics_obtained":["Oddly Smooth Stone"],"max_hp_gain":0,"max_hp_loss":0,"event_name":"Addict","floor":19,"gold_loss":85},{"damage_healed":26,"gold_gain":0,"player_choice":"Full Heal","damage_taken":0,"max_hp_gain":0,"max_hp_loss":0,"event_name":"Wheel of Change","floor":36,"gold_loss":0},{"damage_healed":0,"gold_gain":0,"cards_transformed":["Strike_R"],"player_choice":"Transformed","damage_taken":0,"max_hp_gain":0,"max_hp_loss":0,"event_name":"Transmorgrifier","floor":39,"gold_loss":0,"cards_obtained":["Dual Wield"]}],"is_beta":false,"boss_relics":[{"not_picked":["Mark of Pain","Busted Crown"],"picked":"Cursed Key"},{"not_picked":["Philosopher\u0027s Stone","SacredBark"],"picked":"Runic Cube"}],"items_purged_floors":[5,11],"is_endless":false,"potions_floor_spawned":[1,7,13,14,16,18,21,31,33,37],"killed_by":"Nemesis","ascension_level":3}}