{"host":"hjkuipvvowcpo8la","time":1609791457,"event":{"mods":["AchievementEnabler","BaseMod","Block Reminder","CapriCore","Colored Map","Colored Powertips","Highlight Path","Minty Spire (QoL Compilation)","Permanent Neow","Quick Restart","Rare Cards Sparkle","StSLib"],"gold_per_floor":[116,291,25,25,45,72,72,105,105,139,152,204,219,25,25,148,148,163,78,78,78,101,135,150,175,175,206,52,68,68,103,103,233,233,256,315,315,338,351,404,404,444,520,520,544,544,586,443,443,443,443,443,67,114,114],"floor_reached":56,"playtime":3404,"items_purged":["Doubt","Strike_R"],"score":1464,"play_id":"fb53cde2-f61d-424b-a9f3-c0ace7ded78d","local_time":"20210104211737","is_ascension_mode":true,"campfire_choices":[{"data":"Bash","floor":15.0,"key":"SMITH"},{"data":"Disarm","floor":30.0,"key":"SMITH"},{"data":"Flame Barrier","floor":32.0,"key":"SMITH"},{"data":"Inflame","floor":41.0,"key":"SMITH"},{"data":"Flame Barrier","floor":44,"key":"SMITH"},{"floor":49,"key":"RECALL"},{"data":"Disarm","floor":52,"key":"SMITH"}],"circlet_count":0,"master_deck":["Strike_R+1","Defend_R+1","Defend_R+1","Defend_R+1","Bash+1","Spot Weakness+1","Entrench+1","Wild Strike+1","Sword Boomerang","Clothesline","Inflame+1","Reaper","Pommel Strike","Flame Barrier+1","True Grit","Metallicize","Reaper","Metallicize+1","Shockwave","Burning Pact+1","Battle Trance","Disarm+1","Juggernaut+1","Flame Barrier+1","Disarm+1","Fiend Fire","Uppercut+1","Berserk+1","Flame Barrier+1","Dark Embrace+1","Spot Weakness+1"],"relics":["Astrolabe","Sling","Pocketwatch","Golden Idol","Peace Pipe","Calipers","Boot","Vajra","Snecko Eye","Question Card","Ancient Tea Set","Bird Faced Urn","Torii","Oddly Smooth Stone","Frozen Egg 2","Mark of Pain","Champion Belt","CeramicFish","Pear","Bottled Tornado","Dream Catcher","DollysMirror","Pen Nib","Lantern","Red Skull"],"acts_visited":["Exordium","TheCity","TheBeyond","TheEnding"],"potions_floor_usage":[47,50,55,55],"damage_taken":[{"damage":1.0,"enemies":"Jaw Worm","floor":1.0,"turns":3.0},{"damage":0.0,"enemies":"2 Louse","floor":5.0,"turns":2.0},{"damage":19.0,"enemies":"3 Sentries","floor":6.0,"turns":6.0},{"damage":13.0,"enemies":"Lagavulin","floor":8.0,"turns":5.0},{"damage":10.0,"enemies":"3 Sentries","floor":10.0,"turns":4.0},{"damage":0.0,"enemies":"Cultist","floor":11.0,"turns":3.0},{"damage":3.0,"enemies":"Blue Slaver","floor":13.0,"turns":5.0},{"damage":17.0,"enemies":"The Guardian","floor":16.0,"turns":10.0},{"damage":3.0,"enemies":"Chosen","floor":18.0,"turns":6.0},{"damage":11.0,"enemies":"3 Byrds","floor":22.0,"turns":8.0},{"damage":18.0,"enemies":"Slavers","floor":23.0,"turns":7.0},{"damage":12.0,"enemies":"Snake Plant","floor":24.0,"turns":3.0},{"damage":8.0,"enemies":"Sentry and Sphere","floor":25.0,"turns":4.0},{"damage":1.0,"enemies":"Book of Stabbing","floor":27.0,"turns":6.0},{"damage":0.0,"enemies":"Cultist and Chosen","floor":29.0,"turns":4.0},{"damage":0.0,"enemies":"Gremlin Leader","floor":31.0,"turns":3.0},{"damage":8.0,"enemies":"Champ","floor":33.0,"turns":8.0},{"damage":17.0,"enemies":"3 Darklings","floor":35.0,"turns":5.0},{"damage":37.0,"enemies":"2 Orb Walkers","floor":36.0,"turns":5.0},{"damage":1.0,"enemies":"3 Shapes","floor":38.0,"turns":5.0},{"damage":25.0,"enemies":"3 Darklings","floor":39.0,"turns":8.0},{"damage":1.0,"enemies":"Reptomancer","floor":40.0,"turns":10.0},{"damage":0,"enemies":"Nemesis","floor":42,"turns":5},{"damage":1,"enemies":"Transient","floor":45,"turns":5},{"damage":21,"enemies":"Reptomancer","floor":47,"turns":7},{"damage":15,"enemies":"Donu and Deca","floor":50,"turns":10},{"damage":20,"enemies":"Shield and Spear","floor":54,"turns":6},{"damage":60,"enemies":"The Heart","floor":55,"turns":9}],"seed_played":"-7583582527494273546","potions_obtained":[{"floor":6.0,"key":"Explosive Potion"},{"floor":10.0,"key":"Strength Potion"},{"floor":11.0,"key":"Weak Potion"},{"floor":22.0,"key":"DuplicationPotion"},{"floor":23.0,"key":"ElixirPotion"},{"floor":29.0,"key":"AttackPotion"},{"floor":39.0,"key":"Dexterity Potion"},{"floor":40.0,"key":"Block Potion"},{"floor":45,"key":"FairyPotion"},{"floor":47,"key":"Ancient Potion"}],"is_trial":false,"path_per_floor":["M","?","$","?","M","E","?","E","T","E","M","T","M","$","R","B",null,"M","?","?","?","M","E","M","M","T","E","$","M","R","E","R","B",null,"M","?","?","M","M","E","R","E","T","R","M","?","E","$","R","B",null,"R","$","E","B",null],"character_chosen":"IRONCLAD","items_purchased":["Sling","Clothesline","True Grit","Metallicize","Oddly Smooth Stone","DollysMirror","Pen Nib","Lantern","Dark Embrace+1","Swift Potion"],"campfire_rested":0,"item_purchase_floors":[3,3,14,14,28,48,53,53,53,53],"current_hp_per_floor":[79,79,79,63,63,44,44,31,31,57,57,57,62,62,62,60,74,72,72,72,72,74,74,72,66,66,74,74,74,74,74,74,74,74,74,57,57,74,74,73,73,84,84,84,84,80,80,80,80,68,80,80,80,76,80],"gold":114,"neow_bonus":"BOSS_RELIC","is_daily":false,"chose_seed":false,"campfire_upgraded":6,"win_rate":0.0,"timestamp":1609791457,"path_taken":["M","?","$","?","M","E","?","E","T","E","M","?","M","$","R","BOSS","M","?","?","?","M","E","M","?","T","E","?","M","R","E","R","BOSS","M","?","?","?","M","E","R","E","T","R","?","?","E","$","R","BOSS","R","$","E","BOSS"],"items_purchased_type":["Relic","Card","Card","Card","Relic","Relic","Relic","Relic","Card","Potion"],"build_version":"2020-12-22","purchased_purges":2,"victory":true,"max_hp_per_floor":[80,80,80,80,80,80,74,74,74,74,74,74,74,74,74,74,74,74,74,74,74,74,74,74,74,74,74,74,74,74,74,74,74,74,74,74,74,74,74,74,74,84,84,84,84,80,80,80,80,80,80,80,80,80,80],"card_choices":[{"not_picked":["Whirlwind","True Grit"],"picked":"Sword Boomerang","floor":1.0},{"not_picked":["Clothesline","Heavy Blade"],"picked":"Burning Pact","floor":5.0},{"not_picked":["Flame Barrier","Wild Strike"],"picked":"Inflame","floor":6.0},{"not_picked":["Ghostly Armor","Fire Breathing"],"picked":"Reaper","floor":8.0},{"not_picked":["Hemokinesis","Havoc","Combust"],"picked":"SKIP","floor":10.0},{"not_picked":["Dropkick","Perfected Strike"],"picked":"Pommel Strike","floor":11.0},{"not_picked":["Clothesline","Sever Soul"],"picked":"Flame Barrier","floor":13.0},{"not_picked":["Fiend Fire","Impervious"],"picked":"Reaper","floor":16.0},{"not_picked":["Entrench","Intimidate"],"picked":"Metallicize+1","floor":18.0},{"not_picked":["Rage","Dark Embrace","Flex+1"],"picked":"Shockwave","floor":22.0},{"not_picked":["Armaments","Havoc","Evolve+1","Uppercut"],"picked":"SKIP","floor":23.0},{"not_picked":["Rage","Anger","Headbutt+1"],"picked":"Burning Pact+1","floor":24.0},{"not_picked":["Headbutt","Rupture","Warcry","Heavy Blade"],"picked":"SKIP","floor":25.0},{"not_picked":["Sever Soul+1","Clothesline","Whirlwind"],"picked":"Battle Trance","floor":27.0},{"not_picked":["Carnage","Barricade","Reckless Charge+1"],"picked":"Disarm","floor":29.0},{"not_picked":["Flex","Headbutt+1","Clothesline","Ghostly Armor+1"],"picked":"SKIP","floor":31.0},{"not_picked":["Impervious","Corruption+1","Fiend Fire"],"picked":"Juggernaut+1","floor":33.0},{"not_picked":["Headbutt+1","Wild Strike","Iron Wave"],"picked":"Flame Barrier","floor":35.0},{"not_picked":["Blood for Blood+1","Carnage","Iron Wave+1"],"picked":"Disarm","floor":38.0},{"not_picked":["Thunderclap","Entrench","Body Slam","Headbutt"],"picked":"SKIP","floor":39.0},{"not_picked":["Rage","Cleave+1","Infernal Blade"],"picked":"Fiend Fire","floor":40.0},{"not_picked":["Thunderclap","Anger+1","Clash","Perfected Strike+1"],"picked":"SKIP","floor":42},{"not_picked":["Rage","Rupture+1","Battle Trance+1"],"picked":"Uppercut+1","floor":45},{"not_picked":["Battle Trance","Shockwave","Flame Barrier"],"picked":"Berserk+1","floor":47},{"not_picked":["Power Through+1","Intimidate","Ghostly Armor"],"picked":"Spot Weakness+1","floor":54}],"player_experience":264805,"relics_obtained":[{"floor":6.0,"key":"Pocketwatch"},{"floor":8.0,"key":"Peace Pipe"},{"floor":9.0,"key":"Calipers"},{"floor":10.0,"key":"Boot"},{"floor":12.0,"key":"Vajra"},{"floor":23.0,"key":"Bird Faced Urn"},{"floor":27.0,"key":"Torii"},{"floor":31.0,"key":"Frozen Egg 2"},{"floor":36.0,"key":"Champion Belt"},{"floor":40.0,"key":"CeramicFish"},{"floor":42,"key":"Pear"},{"floor":43,"key":"Bottled Tornado"},{"floor":47,"key":"Dream Catcher"},{"floor":54,"key":"Red Skull"}],"event_choices":[{"damage_healed":0.0,"max_hp_gain":0.0,"max_hp_loss":0.0,"gold_gain":175.0,"event_name":"Liars Game","player_choice":"AGREE","floor":2.0,"gold_loss":0.0,"damage_taken":0.0,"cards_obtained":["Doubt"]},{"damage_healed":0.0,"max_hp_gain":0.0,"max_hp_loss":0.0,"gold_gain":0.0,"event_name":"Shining Light","player_choice":"Entered Light","floor":4.0,"gold_loss":0.0,"damage_taken":16.0,"cards_upgraded":["Defend_R","Strike_R"]},{"damage_healed":0.0,"max_hp_gain":0.0,"max_hp_loss":6.0,"gold_gain":0.0,"event_name":"Golden Idol","player_choice":"Lose Max HP","floor":7.0,"gold_loss":0.0,"damage_taken":0.0,"relics_obtained":["Golden Idol"]},{"damage_healed":0.0,"max_hp_gain":0.0,"max_hp_loss":0.0,"gold_gain":0.0,"event_name":"Addict","player_choice":"Obtained Relic","floor":19.0,"gold_loss":85.0,"damage_taken":0.0,"relics_obtained":["Question Card"]},{"damage_healed":0.0,"max_hp_gain":0.0,"max_hp_loss":0.0,"gold_gain":0.0,"event_name":"Back to Basics","player_choice":"Simplicity","floor":20.0,"gold_loss":0.0,"damage_taken":0.0,"cards_upgraded":["Strike_R","Defend_R","Defend_R"]},{"cards_removed":["Burning Pact"],"damage_healed":0.0,"max_hp_gain":0.0,"max_hp_loss":0.0,"gold_gain":0.0,"event_name":"WeMeetAgain","player_choice":"Gave Card","floor":21.0,"gold_loss":0.0,"damage_taken":0.0,"relics_obtained":["Ancient Tea Set"]},{"damage_healed":0.0,"max_hp_gain":0.0,"max_hp_loss":0.0,"gold_gain":0.0,"event_name":"Mysterious Sphere","player_choice":"Fight","floor":36.0,"gold_loss":0.0,"damage_taken":0.0},{"cards_removed":["Strike_R"],"damage_healed":0.0,"max_hp_gain":0.0,"max_hp_loss":0.0,"gold_gain":0.0,"event_name":"Purifier","player_choice":"Purged","floor":37.0,"gold_loss":0.0,"damage_taken":0.0},{"damage_healed":0,"gold_gain":0,"player_choice":"Max HP","damage_taken":0,"max_hp_gain":0,"max_hp_loss":4,"event_name":"Winding Halls","floor":46,"gold_loss":0}],"is_beta":false,"boss_relics":[{"not_picked":["Pandora\u0027s Box","Velvet Choker"],"picked":"Snecko Eye"},{"not_picked":["Runic Cube","Busted Crown"],"picked":"Mark of Pain"}],"items_purged_floors":[3,14],"is_endless":false,"potions_floor_spawned":[6,10,11,16,22,23,29,31,39,40,45,47],"ascension_level":1}}