{"host":"ryuep8ewa00k39z9","time":1609731956,"event":{"mods":["AchievementEnabler","BaseMod","Best Route Mod","Colored Map","Colored Powertips","Displayed Cursed Tome","Highlight Path","Minty Spire (QoL Compilation)","Quick Restart","SuperFastMode"],"gold_per_floor":[109,119,119,131,131,131,161,161,186,111,111,129,142,169,169,271,271,286,305,230,240,84,84,116,116,116,163,173,204,223,223,223,322,322,341,351,351,351,32,66,66,66,134,134,169,186,204,204,204,204,204],"floor_reached":50,"playtime":3486,"items_purged":["Doubt"],"score":737,"play_id":"cf4baeba-f427-4227-964b-0bf298ed12a7","local_time":"20210103214556","is_ascension_mode":true,"campfire_choices":[{"data":"Electrodynamics","floor":6.0,"key":"SMITH"},{"floor":11.0,"key":"REST"},{"floor":15.0,"key":"REST"},{"data":"Amplify","floor":23.0,"key":"SMITH"},{"data":"Defragment","floor":25.0,"key":"SMITH"},{"floor":32.0,"key":"REST"},{"floor":42.0,"key":"REST"},{"data":"Melter","floor":44.0,"key":"SMITH"},{"floor":49.0,"key":"REST"}],"circlet_count":0,"master_deck":["Strike_B","Strike_B","Strike_B","Defend_B","Defend_B","Defend_B","Defend_B","Zap","Dualcast","Electrodynamics+1","Chill","Conserve Battery","Conserve Battery","Conserve Battery","Defragment+1","Amplify+1","Melter+1","Chill+1","Ball Lightning+1","Self Repair","Lockon+1","FTL+1","Machine Learning","Sunder+1","Creative AI+1","Aggregate","Madness","Sunder+1","Ball Lightning+1","Tempest+1","Ball Lightning+1","Parasite","Static Discharge+1"],"relics":["Cracked Core","Tiny Chest","Blood Vial","Inserter","Lee\u0027s Waffle","Molten Egg 2","FossilizedHelix","Dream Catcher","Boot","Frozen Egg 2","SlaversCollar","Potion Belt","Darkstone Periapt","Symbiotic Virus","Meat on the Bone","Bottled Tornado"],"acts_visited":["Exordium","TheCity","TheBeyond"],"potions_floor_usage":[50],"damage_taken":[{"damage":5.0,"enemies":"Small Slimes","floor":1.0,"turns":4.0},{"damage":0.0,"enemies":"Cultist","floor":2.0,"turns":3.0},{"damage":0.0,"enemies":"Jaw Worm","floor":4.0,"turns":4.0},{"damage":22.0,"enemies":"Lagavulin","floor":7.0,"turns":6.0},{"damage":0.0,"enemies":"2 Fungi Beasts","floor":12.0,"turns":3.0},{"damage":3.0,"enemies":"Blue Slaver","floor":13.0,"turns":3.0},{"damage":27.0,"enemies":"Gremlin Nob","floor":14.0,"turns":5.0},{"damage":20.0,"enemies":"The Guardian","floor":16.0,"turns":15.0},{"damage":11.0,"enemies":"Spheric Guardian","floor":18.0,"turns":4.0},{"damage":10.0,"enemies":"2 Thieves","floor":19.0,"turns":2.0},{"damage":2.0,"enemies":"Shelled Parasite and Fungi","floor":21.0,"turns":5.0},{"damage":39.0,"enemies":"Gremlin Leader","floor":24.0,"turns":8.0},{"damage":0.0,"enemies":"Centurion and Healer","floor":28.0,"turns":5.0},{"damage":49.0,"enemies":"Book of Stabbing","floor":29.0,"turns":7.0},{"damage":0.0,"enemies":"3 Cultists","floor":30.0,"turns":4.0},{"damage":57.0,"enemies":"Automaton","floor":33.0,"turns":12.0},{"damage":0.0,"enemies":"3 Darklings","floor":35.0,"turns":5.0},{"damage":0.0,"enemies":"3 Shapes","floor":36.0,"turns":6.0},{"damage":16.0,"enemies":"Reptomancer","floor":40.0,"turns":5.0},{"damage":72.0,"enemies":"Nemesis","floor":45.0,"turns":7.0},{"damage":11.0,"enemies":"Writhing Mass","floor":46.0,"turns":5.0},{"damage":27.0,"enemies":"Transient","floor":47.0,"turns":5.0},{"damage":45,"enemies":"Awakened One","floor":50,"turns":4}],"seed_played":"8918514155638170616","potions_obtained":[{"floor":1.0,"key":"SkillPotion"},{"floor":3.0,"key":"Swift Potion"},{"floor":3.0,"key":"LiquidBronze"},{"floor":3.0,"key":"EntropicBrew"},{"floor":16.0,"key":"DistilledChaos"},{"floor":21.0,"key":"SkillPotion"},{"floor":33.0,"key":"AttackPotion"},{"floor":40.0,"key":"DuplicationPotion"},{"floor":45.0,"key":"Energy Potion"},{"floor":47.0,"key":"Fire Potion"}],"is_trial":false,"path_per_floor":["M","M","?","M","?","R","E","?","T","$","R","M","M","E","R","B",null,"M","M","?","M","$","R","E","R","T","T","M","E","M","T","R","B",null,"M","M","?","?","$","E","T","R","T","R","E","M","M","?","R","B"],"character_chosen":"DEFECT","items_purchased":["Lee\u0027s Waffle","Sunder+1","Potion Belt","FocusPotion","PowerPotion"],"campfire_rested":5,"item_purchase_floors":[22,39,39,39,39],"current_hp_per_floor":[63,63,63,63,68,68,46,46,46,46,70,70,67,40,64,46,72,63,55,55,55,87,87,48,48,48,48,57,17,19,19,45,33,74,83,87,87,76,76,69,69,87,87,87,34,43,30,30,57,14,14],"gold":204,"neow_bonus":"THREE_RARE_CARDS","is_daily":false,"chose_seed":false,"campfire_upgraded":4,"win_rate":0.0,"timestamp":1609731956,"path_taken":["M","M","?","?","?","R","E","?","T","$","R","M","M","E","R","BOSS","M","M","?","M","?","R","E","R","T","?","M","E","M","?","R","BOSS","M","M","?","?","$","E","?","R","T","R","E","?","M","?","R","BOSS"],"items_purchased_type":["Relic","Card","Relic","Potion","Potion"],"build_version":"2020-12-22","purchased_purges":1,"victory":false,"max_hp_per_floor":[75,75,75,75,80,80,80,80,80,80,80,80,80,80,80,80,80,80,80,80,80,87,87,87,87,87,87,87,87,87,87,87,87,87,87,87,87,87,87,87,87,87,87,87,87,93,93,93,93,93,93],"card_choices":[{"not_picked":["Rainbow","Amplify"],"picked":"Electrodynamics","floor":0.0},{"not_picked":["Compile Driver","Coolheaded"],"picked":"Chill","floor":1.0},{"not_picked":["Streamline","Sweeping Beam"],"picked":"Conserve Battery","floor":2.0},{"not_picked":["Heatsinks","Coolheaded"],"picked":"Conserve Battery","floor":4.0},{"not_picked":["Force Field","Loop"],"picked":"Conserve Battery","floor":7.0},{"not_picked":["Auto Shields","Stack","Go for the Eyes"],"picked":"SKIP","floor":12.0},{"not_picked":["Rebound","Streamline","Sweeping Beam"],"picked":"SKIP","floor":13.0},{"not_picked":["Recycle","Conserve Battery"],"picked":"Defragment","floor":14.0},{"not_picked":["All For One","Core Surge"],"picked":"Amplify","floor":16.0},{"not_picked":["Stack","Hello World"],"picked":"Melter","floor":18.0},{"not_picked":["Streamline","BootSequence"],"picked":"Chill+1","floor":19.0},{"not_picked":["Leap","Steam"],"picked":"Ball Lightning+1","floor":21.0},{"not_picked":["Gash+1","Chaos"],"picked":"Self Repair","floor":24.0},{"not_picked":["FTL+1","Turbo"],"picked":"Lockon+1","floor":28.0},{"not_picked":["Auto Shields","Steam Power"],"picked":"FTL+1","floor":29.0},{"not_picked":["Sweeping Beam+1","Coolheaded"],"picked":"Machine Learning","floor":30.0},{"not_picked":["Leap","Rebound+1"],"picked":"Sunder+1","floor":32.0},{"not_picked":["Electrodynamics+1","Fission"],"picked":"Creative AI+1","floor":33.0},{"not_picked":["Stack","Leap"],"picked":"Aggregate","floor":35.0},{"not_picked":["Gash+1","Compile Driver+1","Blizzard+1"],"picked":"SKIP","floor":36.0},{"not_picked":["Lockon+1","Gash+1"],"picked":"Ball Lightning+1","floor":40.0},{"not_picked":["Conserve Battery+1","Gash+1"],"picked":"Tempest+1","floor":42.0},{"not_picked":["Sweeping Beam+1","Capacitor+1"],"picked":"Ball Lightning+1","floor":45.0},{"not_picked":["Coolheaded","Aggregate+1","Gash+1"],"picked":"SKIP","floor":46.0},{"not_picked":["Gash+1","Sunder+1","Stack+1"],"picked":"SKIP","floor":47.0},{"not_picked":["Capacitor+1","Redo"],"picked":"Static Discharge+1","floor":49.0}],"player_experience":3837487,"relics_obtained":[{"floor":7.0,"key":"Tiny Chest"},{"floor":14.0,"key":"Blood Vial"},{"floor":24.0,"key":"Molten Egg 2"},{"floor":26.0,"key":"FossilizedHelix"},{"floor":27.0,"key":"Dream Catcher"},{"floor":29.0,"key":"Boot"},{"floor":31.0,"key":"Frozen Egg 2"},{"floor":40.0,"key":"Darkstone Periapt"},{"floor":41.0,"key":"Symbiotic Virus"},{"floor":43.0,"key":"Meat on the Bone"},{"floor":45.0,"key":"Bottled Tornado"}],"event_choices":[{"damage_healed":0.0,"max_hp_gain":0.0,"max_hp_loss":0.0,"gold_gain":0.0,"event_name":"Lab","player_choice":"Got Potions","floor":3.0,"gold_loss":0.0,"damage_taken":0.0},{"damage_healed":0.0,"max_hp_gain":5.0,"max_hp_loss":0.0,"gold_gain":0.0,"event_name":"Big Fish","player_choice":"Donut","floor":5.0,"gold_loss":0.0,"damage_taken":0.0},{"damage_healed":0.0,"max_hp_gain":0.0,"max_hp_loss":0.0,"gold_gain":0.0,"event_name":"Liars Game","player_choice":"Ignored","floor":8.0,"gold_loss":0.0,"damage_taken":0.0},{"cards_removed":["Strike_B"],"damage_healed":0.0,"max_hp_gain":0.0,"max_hp_loss":0.0,"gold_gain":0.0,"event_name":"Beggar","player_choice":"Gave Gold","floor":20.0,"gold_loss":75.0,"damage_taken":0.0},{"damage_healed":0.0,"max_hp_gain":0.0,"max_hp_loss":0.0,"gold_gain":0.0,"event_name":"SensoryStone","player_choice":"Memory 1","floor":37.0,"gold_loss":0.0,"damage_taken":0.0},{"damage_healed":0.0,"max_hp_gain":0.0,"max_hp_loss":0.0,"gold_gain":0.0,"event_name":"Winding Halls","player_choice":"Embrace Madness","floor":38.0,"gold_loss":0.0,"damage_taken":11.0,"cards_obtained":["Madness","Madness"]},{"cards_removed":["Madness"],"damage_healed":0.0,"max_hp_gain":0.0,"max_hp_loss":0.0,"gold_gain":0.0,"event_name":"Falling","player_choice":"Removed Skill","floor":48.0,"gold_loss":0.0,"damage_taken":0.0}],"is_beta":false,"boss_relics":[{"not_picked":["Cursed Key","Black Star"],"picked":"Inserter"},{"not_picked":["Runic Dome","Coffee Dripper"],"picked":"SlaversCollar"}],"items_purged_floors":[10],"is_endless":false,"potions_floor_spawned":[1,7,16,21,33,40,45,47],"killed_by":"Awakened One","ascension_level":6}}