{"host":"00yob6u0fiu7ehgs","time":1609792533,"event":{"mods":["Act Like it!","Arknights The Spire","Art Attack!","BaseMod","Chen","Colored Powertips","Elementarium","Gensokyo","GifTheSpireLib","Infinite Spire","Jorbs\u0027s Wanderer Trilogy","Koishi","Marisa????????","Minty Spire (QoL Compilation)","Rare Cards Sparkle","Reimu??????","Remilia??????","Replay The Spire","StSLib","The Alterego","The Animator","The Cursed","The Forsaken","The Servant 0.9.4","Wandering Minibosses","Yakumo Yukari mod"],"gold_per_floor":[110,129,146,180,194,194,271,281,308,308,339,351,376,396,396,493,493,504,504,504,37,49,74,121,121,121,121,121,121,148,167,167,272,272,349,358,404,404,481,554,554,618,666,666,666,666,76,145,145,145],"floor_reached":51,"playtime":2463,"items_purged":["ats:Strike G"],"score":991,"play_id":"f317f0af-5e43-4329-a437-72ca510dacb6","local_time":"20210104133533","is_ascension_mode":false,"campfire_choices":[{"data":"ats:Mental Burst","floor":6,"key":"SMITH"},{"floor":15,"key":"REST"},{"data":"ats:Soul Absorption","floor":25,"key":"SMITH"},{"data":"ats:Flexible Camouflage","floor":29,"key":"SMITH"},{"floor":32,"key":"REST"},{"data":"ats:Mental Burst","floor":41,"key":"SMITH"},{"data":"ats:Nebulous Foxfire","floor":46,"key":"SMITH"},{"data":"ats:Flexible Camouflage","floor":49,"key":"SMITH"}],"circlet_count":0,"master_deck":["ats:Strike C","ats:Strike S","ats:Armor Crushing Shot","ats:Defend","ats:Defend","ats:Emotion Absorption","ats:Nebulous Foxfire+1","ats:Flexible Camouflage+1","ats:Mental Burst+1","ats:Leaping Hammer","ats:Ignite","ats:Soul Absorption+1","ats:Mental Burst+1","ats:Flexible Camouflage+1","ats:Song Of Battle","ats:Ignite+1","ats:Soul Absorption","ats:Ignite","ats:Healing Strengthening","ats:Charging Defense+1","ats:Ignite","ats:Wolf Pack","ats:Flexible Camouflage+1","ats:Thorns","ats:Soul Absorption+1","ats:Ignite","ats:Flame Of Heaven","ats:Guardian Obelisk+1"],"relics":["ats:Sanity","Nunchaku","ats:Originium","Omamori","Smiling Mask","Empty Cage","Toolbox","CeramicFish","Bag of Marbles","Eternal Feather","alterego_mod:FleetingLove","infinitespire:EvilPickle","ats:Omniscience","Pear","Centennial Puzzle","Ornamental Fan","Eternal Feather","Boot","ats:Bonebreaker"],"acts_visited":["Exordium","TheCity","TheCity"],"potions_floor_usage":[3,4,4,13,14,16,22,30,33,33,37,39,48,50,50],"damage_taken":[{"damage":3,"enemies":"Small Slimes","floor":1,"turns":4},{"damage":2,"enemies":"Cultist","floor":2,"turns":4},{"damage":3,"enemies":"Jaw Worm","floor":3,"turns":2},{"damage":16,"enemies":"Large Slime","floor":4,"turns":8},{"damage":11,"enemies":"Blue Slaver","floor":5,"turns":4},{"damage":21,"enemies":"Lots of Slimes","floor":7,"turns":6},{"damage":2,"enemies":"Looter","floor":8,"turns":3},{"damage":0,"enemies":"Gremlin Nob","floor":11,"turns":2},{"damage":0,"enemies":"Exordium Wildlife","floor":12,"turns":1},{"damage":13,"enemies":"Lagavulin","floor":13,"turns":5},{"damage":13,"enemies":"Lots of Slimes","floor":14,"turns":3},{"damage":36,"enemies":"Slime Boss","floor":16,"turns":12},{"damage":0,"enemies":"Spheric Guardian","floor":18,"turns":3},{"damage":16,"enemies":"3 Byrds","floor":22,"turns":6},{"damage":30,"enemies":"Snecko","floor":24,"turns":5},{"damage":0,"enemies":"Sentry and Sphere","floor":30,"turns":2},{"damage":11,"enemies":"Snake Plant","floor":31,"turns":3},{"damage":65,"enemies":"Pondfish","floor":33,"turns":15},{"damage":9,"enemies":"Gensokyo:3_Bats","floor":35,"turns":5},{"damage":0,"enemies":"Gensokyo:AncientGuardian","floor":37,"turns":3},{"damage":0,"enemies":"Gensokyo:Rafflesia","floor":39,"turns":7},{"damage":26,"enemies":"Gensokyo:Doremy","floor":40,"turns":8},{"damage":24,"enemies":"Gensokyo:3_Boulders","floor":42,"turns":6},{"damage":59,"enemies":"Gensokyo:Scarlet_Devils","floor":50,"turns":12}],"seed_played":"-133290696118977002","potions_obtained":[{"floor":1,"key":"Explosive Potion"},{"floor":2,"key":"Block Potion"},{"floor":3,"key":"Block Potion"},{"floor":7,"key":"Dexterity Potion"},{"floor":11,"key":"ColorlessPotion"},{"floor":13,"key":"PowerPotion"},{"floor":14,"key":"FearPotion"},{"floor":24,"key":"GrandPatriotsElixir:ReiMu"},{"floor":30,"key":"Energy Potion"},{"floor":35,"key":"Adrenaline Potion"},{"floor":37,"key":"Adrenaline Potion"},{"floor":48,"key":"Fruit Juice"}],"is_trial":false,"path_per_floor":["M","M","M","M","M","R","M","M","T","?","E","M","E","M","R","B",null,"M","?","?","$","M","T","M","R","T","AVR","?","R","M","M","R","B",null,"M","?","M","?","M","E","R","M","T","?","AVR","R","$","?","R","B",null],"character_chosen":"DOCTOR_CLASS","items_purchased":["ats:Soul Absorption","ats:Ignite","Toolbox","Elixir","SkillPotion","Dexterity Potion","Eternal Feather","ats:Flame Of Heaven","Boot","Regen Potion","Swift Potion"],"campfire_rested":2,"item_purchase_floors":[21,21,21,21,21,21,47,47,47,47,47],"current_hp_per_floor":[69,69,68,58,50,50,32,32,32,32,35,35,22,14,35,8,72,72,72,72,72,62,62,32,32,32,32,32,44,44,36,69,20,72,63,63,63,63,66,56,71,47,47,35,35,50,50,35,65,35],"gold":145,"neow_bonus":"TRANSFORM_CARD","is_daily":false,"chose_seed":false,"campfire_upgraded":6,"win_rate":0.0,"timestamp":1609792533,"path_taken":["M","M","M","M","M","R","M","M","T","?","E","?","E","M","R","BOSS","M","?","?","$","M","?","?","R","T","AVR","?","R","M","M","R","BOSS","M","?","?","?","M","E","R","?","T","?","AVR","R","?","?","R","BOSS"],"items_purchased_type":["Card","Card","Relic","Potion","Potion","Potion","Relic","Card","Relic","Potion","Potion"],"build_version":"2020-12-22","purchased_purges":1,"victory":true,"max_hp_per_floor":[72,72,72,72,72,72,72,72,72,72,72,72,72,72,72,72,72,72,72,72,72,72,72,72,72,72,72,72,72,72,72,72,72,72,72,72,72,72,72,82,82,82,82,82,82,82,82,87,87,87],"card_choices":[{"not_picked":["ats:Consecutive Shot Auto","ats:Song Of Battle"],"picked":"ats:Flexible Camouflage","floor":1},{"not_picked":["ats:Hook Shot","ats:Beaten Up"],"picked":"ats:Mental Burst","floor":2},{"not_picked":["ats:Childhood Dance","ats:Blood Oath","ats:Hook Shot"],"picked":"SKIP","floor":3},{"not_picked":["ats:Shadow Raid","ats:Collapsing Strike"],"picked":"ats:Leaping Hammer","floor":4},{"not_picked":["ats:Guardian Obelisk","ats:Assault Order"],"picked":"ats:Ignite","floor":5},{"not_picked":["ats:Childhood Dance","ats:Cat Scratch","ats:Hammer On"],"picked":"SKIP","floor":7},{"not_picked":["ats:Directed Diagnosis","ats:Counter Healing Mode"],"picked":"ats:Soul Absorption","floor":8},{"not_picked":["ats:Red Shift","ats:Consecutive Shot Auto"],"picked":"ats:Mental Burst","floor":11},{"not_picked":["ats:Shell Defense","ats:Disruption Kick"],"picked":"ats:Flexible Camouflage","floor":12},{"not_picked":["ats:Shadow Raid","ats:Cat Scratch"],"picked":"ats:Song Of Battle","floor":13},{"not_picked":["ats:Encircling Forest","ats:Composite Medical Shells","ats:Revitalization"],"picked":"SKIP","floor":14},{"not_picked":["ats:Wolf Pack","ats:Echo Reverb"],"picked":"ats:Ambush","floor":16},{"not_picked":["ats:Cat Scratch","ats:Leaping Hammer+1"],"picked":"ats:Ignite+1","floor":18},{"not_picked":["ats:Song Of Battle","ats:Red Shift+1"],"picked":"ats:Healing Strengthening","floor":22},{"not_picked":["ats:Childhood Dance","ats:Healing Drone+1"],"picked":"ats:Charging Defense+1","floor":24},{"not_picked":["ats:Very Hot Blade","ats:Curse Doll+1"],"picked":"ats:Ignite","floor":30},{"not_picked":["ats:LN2 Cannon","ats:Neurotoxin","ats:Counter Healing Mode"],"picked":"SKIP","floor":31},{"not_picked":["ats:Rat Pack","ats:Disruption Kick"],"picked":"ats:Wolf Pack","floor":33},{"not_picked":["ats:Explosion Area Strengthen+1","ats:Thermite Blade"],"picked":"ats:Flexible Camouflage+1","floor":35},{"not_picked":["ats:Poison Spread","ats:Shell Defense+1"],"picked":"ats:Thorns","floor":37},{"not_picked":["ats:Powerful Strike","ats:Chain Hook","ats:Cat Scratch"],"picked":"SKIP","floor":39},{"not_picked":["ats:Curse Doll","ats:Revitalization+1"],"picked":"ats:Soul Absorption+1","floor":40},{"not_picked":["ats:Consecutive Shot Auto","ats:Hammer On"],"picked":"ats:Ignite","floor":42},{"not_picked":["ats:Powerful Strike+1","ats:Rapid Magazine+1"],"picked":"ats:Guardian Obelisk+1","floor":48}],"player_experience":347285,"relics_obtained":[{"floor":11,"key":"ats:Originium"},{"floor":11,"key":"Omamori"},{"floor":13,"key":"ats:Originium"},{"floor":13,"key":"Smiling Mask"},{"floor":23,"key":"CeramicFish"},{"floor":26,"key":"Bag of Marbles"},{"floor":40,"key":"ats:Originium"},{"floor":40,"key":"Pear"},{"floor":43,"key":"Centennial Puzzle"},{"floor":48,"key":"ats:Bonebreaker"}],"event_choices":[{"damage_healed":0,"gold_gain":0,"player_choice":"Gave Potion","damage_taken":0,"relics_obtained":["Nunchaku"],"max_hp_gain":0,"max_hp_loss":0,"event_name":"WeMeetAgain","floor":10,"gold_loss":0},{"damage_healed":0,"gold_gain":0,"player_choice":"Choice 1","damage_taken":0,"relics_obtained":["alterego_mod:FleetingLove"],"max_hp_gain":0,"max_hp_loss":0,"event_name":"Secret Garden","floor":28,"gold_loss":0}],"is_beta":false,"boss_relics":[{"not_picked":["Ring of Chaos","Snecko Eye"],"picked":"Empty Cage"},{"not_picked":["Replay:Wanted Poster","Fusion Hammer"],"picked":"ats:Omniscience"}],"items_purged_floors":[21],"is_endless":false,"potions_floor_spawned":[1,2,3,7,11,13,14,24,30,35,37],"ascension_level":0}}