{"host":"8anlmvy5ylhozj27","time":1609801701,"event":{"mods":["2.2 Compatiblity","Act Like it!","Aspiration","BaseMod","Best Route Mod","Better Match","Better Note","Better Skull","Better Third Choice","BetterRewards","Block Reminder","Colored Map","Colored Powertips","Conspire","Duelist Mod","Energized Spire","GifTheSpireLib","Gold Saver","Halation","Hermit","Highlight Path","Hubris","Infinite Spire","Ironclad Rager","Minty Spire (QoL Compilation)","Permanent Neow","Quick Restart","Rare Cards Sparkle","Replay The Spire","Spicy Shops","StSLib","Stuff the Spire","The Bladedancer","The Blue Laboratory","The Disciple","The Exalted","The Necromancer","The Sage","Transform Curses","Wandering Minibosses","vexMod"],"gold_per_floor":[436,436,32,50,50,77,77,102,102,102,102,452,452,36,36,131,131,144,155,30,130,130,165,165,165,165],"floor_reached":25,"playtime":759,"items_purged":["Looming Evil","vexMod:UltimateCard","theDuelist:CurseAging"],"score":298,"play_id":"1ac7d46d-660f-41e0-9b52-3088472cafb7","local_time":"20210105000821","is_ascension_mode":false,"campfire_choices":[{"floor":10,"key":"REST"},{"data":"1","floor":13,"key":"LIFT"},{"data":"2","floor":15,"key":"LIFT"}],"circlet_count":0,"master_deck":["Strike_R","Strike_R","Strike_R","Strike_R","Strike_R","Bash+1","Thunderclap","Run Through","Sword Boomerang","Limit Break","vexMod:UltimateCard","hubris:StunningStrike","Shame","vexMod:UltimateCard","Writhe","Pommel Strike","conspire:NecroticWound","Barricade"],"relics":["Burning Blood","Replay:PocketPolymizer","halation:Diary","Replay:Rubber Ducky","Replay:Baseball","Girya","Ring of Greed","ReplayTheSpireMod:Ring of Collecting","Old Coin","Replay:Wax Seal","Matryoshka","Replay:Ancient Bell","hubris:ChampionShield","aspiration:HummingbirdHeart","TungstenRod","Lizard Tail"],"acts_visited":["Exordium","TheCity"],"potions_floor_usage":[6,16],"damage_taken":[{"damage":11,"enemies":"Jaw Worm","floor":1,"turns":3},{"damage":5,"enemies":"2 Louse","floor":4,"turns":2},{"damage":28,"enemies":"Gremlin Nob","floor":6,"turns":4},{"damage":31,"enemies":"Lagavulin","floor":8,"turns":6},{"damage":27,"enemies":"Hexaghost","floor":16,"turns":6},{"damage":2,"enemies":"Chosen","floor":18,"turns":4},{"damage":17,"enemies":"Shell Parasite","floor":19,"turns":4},{"damage":69,"enemies":"Gremlin Leader","floor":23,"turns":5},{"damage":99,"enemies":"Chosen and Byrds","floor":25,"turns":8}],"seed_played":"-41810807366733393","potions_obtained":[{"floor":1,"key":"FearPotion"},{"floor":8,"key":"blueLaboratory:PhilterOfMotion"},{"floor":16,"key":"DuplicationPotion"},{"floor":19,"key":"blueLaboratory:HeartbeatPotion"}],"is_trial":true,"path_per_floor":["M","?","$","M","WH","E","WH","E","T","R","WH","?","R","$","R","B",null,"M","M","$","WH","WH","E","WH","M"],"character_chosen":"IRONCLAD","items_purchased":["Replay:PocketPolymizer","halation:Diary","Matryoshka"],"campfire_rested":1,"item_purchase_floors":[3,3,14],"current_hp_per_floor":[75,75,75,76,55,33,33,8,8,32,32,32,32,32,32,11,80,80,69,69,69,77,14,22,0,0],"gold":165,"neow_bonus":"TEN_PERCENT_HP_BONUS","is_daily":false,"chose_seed":false,"campfire_upgraded":0,"win_rate":0.0,"timestamp":1609801701,"path_taken":["M","?","$","M","WH","E","WH","E","T","R","WH","?","R","$","R","BOSS","M","M","$","WH","WH","E","WH","M"],"items_purchased_type":["Relic","Relic","Relic"],"build_version":"2020-12-22","purchased_purges":3,"victory":false,"max_hp_per_floor":[80,80,80,80,80,80,80,80,80,80,80,80,80,80,80,80,80,80,80,80,80,88,88,96,96,96],"card_choices":[{"not_picked":["Abandon","Sentinel"],"picked":"Thunderclap","floor":1},{"not_picked":["Wild Strike","StuffTheSpire:Slingshot"],"picked":"Run Through","floor":4},{"not_picked":["Combust","StuffTheSpire:Slingshot"],"picked":"Sword Boomerang","floor":6},{"not_picked":["Replay:Undeath\u0027s Touch","Massacre"],"picked":"Limit Break","floor":8},{"not_picked":["Eclipse","Juggernaut"],"picked":"hubris:StunningStrike","floor":16},{"not_picked":["blademaster:WrongfulFootwork","ReplayTheSpireMod:Faulty Equipment"],"picked":"Shame","floor":17},{"not_picked":["theDuelist:VampireCurse","theDuelist:CurseAging"],"picked":"vexMod:UltimateCard","floor":17},{"not_picked":["blademaster:WrongfulFootwork","Pain"],"picked":"Writhe","floor":17},{"not_picked":["Warcry","Sword Boomerang+1"],"picked":"Pommel Strike","floor":18},{"not_picked":["Warcry","Hemokinesis","Entrench"],"picked":"SKIP","floor":19},{"not_picked":["True Grit+1","Replay:Undeath\u0027s Touch"],"picked":"Barricade","floor":23}],"player_experience":126997,"relics_obtained":[{"floor":6,"key":"Replay:Rubber Ducky"},{"floor":8,"key":"Replay:Baseball"},{"floor":9,"key":"Girya"},{"floor":12,"key":"Ring of Greed"},{"floor":12,"key":"ReplayTheSpireMod:Ring of Collecting"},{"floor":12,"key":"Old Coin"},{"floor":12,"key":"Replay:Wax Seal"},{"floor":23,"key":"Lizard Tail"}],"event_choices":[],"is_beta":false,"boss_relics":[{"not_picked":["SlaversCollar","Velvet Choker"],"picked":"Replay:Ancient Bell"},{"not_picked":["Bromod:ArcaneMomentum","aspiration:TomeofQuesting"],"picked":"hubris:ChampionShield"},{"not_picked":["ReplayTheSpireMod:Shallot","Onion Ring"],"picked":"aspiration:HummingbirdHeart"},{"not_picked":["hubris:CuriousFeather","Torii"],"picked":"TungstenRod"}],"items_purged_floors":[14,14,20],"is_endless":false,"potions_floor_spawned":[1,8,16,19],"killed_by":"Chosen and Byrds","ascension_level":0}}