{"host":"bydnmyvf669xu6ab","time":1609732316,"event":{"mods":["Aspiration","BaseMod","Better Note","BetterRewards","Colored Map","Colored Powertips","Minty Spire (QoL Compilation)","Rare Cards Sparkle","Relic Stats","Shop Mod","StSLib","SuperFastMode","Virulent Crown"],"gold_per_floor":[118,118,133,133,143,143,171,189,189,189,224,238,256,290,290,390,390,400,414,429,429,445,477,477,477,530,530,235,235,264,264,264,366,366,377,392,392,392,406,406,426,426,453,453,486,486,7,20,20,20,20,20,20,48,48],"floor_reached":56,"playtime":14546,"items_purged":["Strike_R"],"score":1519,"play_id":"a721d61b-0ff3-4933-80b6-6b2db9115521","local_time":"20210103195156","is_ascension_mode":true,"campfire_choices":[{"data":"Dodge and Roll","floor":6,"key":"SMITH"},{"floor":10,"key":"REST"},{"floor":15,"key":"RECALL"},{"data":"Armaments","floor":24,"key":"SMITH"},{"data":"Backflip","floor":27,"key":"SMITH"},{"data":"Bouncing Flask","floor":40,"key":"SMITH"},{"data":"Entrench","floor":42,"key":"SMITH"},{"data":"Dodge and Roll","floor":44,"key":"SMITH"},{"data":"Entrench","floor":46,"key":"SMITH"},{"data":"Entrench","floor":49,"key":"SMITH"},{"data":"Leap","floor":52,"key":"SMITH"}],"circlet_count":0,"master_deck":["Strike_R","Strike_R","Strike_R","Strike_R","Defend_R","Defend_R","Defend_R+1","Defend_R","Bash","Heavy Blade+1","Dodge and Roll+1","Leap+1","Bandage Up","Backflip+1","Bouncing Flask+1","Armaments+1","Sword Boomerang","Ball Lightning","Magnetism+1","Conserve Battery","BattleHymn+1","Shrug It Off+1","Dodge and Roll+1","Entrench+1","Metallicize+1","Entrench+1","Infinite Blades+1","Buffer+1","Entrench+1","Predator+1","Shrug It Off","Dark Embrace+1","Protect+1"],"relics":["Black Blood","Frozen Egg 2","CaptainsWheel","PrismaticShard","Matryoshka","Red Skull","Pear","aspiration:HatOfInfinitePower","Tiny Chest","Charon\u0027s Ashes","aspiration:ArtOfWarUpgrade","Oddly Smooth Stone","MealTicket","Singing Bowl","Busted Crown","Bag of Marbles","Pantograph","Sling","Anchor","Vajra"],"acts_visited":["Exordium","TheCity","TheBeyond","TheEnding"],"potions_floor_usage":[7,16,16,16,33,50,55],"damage_taken":[{"damage":1,"enemies":"Jaw Worm","floor":1,"turns":4},{"damage":4,"enemies":"Small Slimes","floor":3,"turns":4},{"damage":2,"enemies":"2 Louse","floor":5,"turns":3},{"damage":35,"enemies":"Lagavulin","floor":7,"turns":12},{"damage":17,"enemies":"Gremlin Gang","floor":8,"turns":7},{"damage":41,"enemies":"3 Sentries","floor":11,"turns":15},{"damage":6,"enemies":"Looter","floor":12,"turns":3},{"damage":0,"enemies":"Exordium Wildlife","floor":13,"turns":4},{"damage":0,"enemies":"Gremlin Nob","floor":14,"turns":2},{"damage":14,"enemies":"Hexaghost","floor":16,"turns":7},{"damage":9,"enemies":"Chosen","floor":18,"turns":5},{"damage":14,"enemies":"Spheric Guardian","floor":19,"turns":7},{"damage":29,"enemies":"Centurion and Healer","floor":20,"turns":11},{"damage":26,"enemies":"Snecko","floor":22,"turns":5},{"damage":32,"enemies":"Book of Stabbing","floor":23,"turns":7},{"damage":28,"enemies":"Slavers","floor":30,"turns":6},{"damage":33,"enemies":"Collector","floor":33,"turns":10},{"damage":14,"enemies":"3 Darklings","floor":35,"turns":5},{"damage":3,"enemies":"3 Shapes","floor":36,"turns":3},{"damage":3,"enemies":"Sphere and 2 Shapes","floor":39,"turns":5},{"damage":22,"enemies":"3 Darklings","floor":41,"turns":5},{"damage":46,"enemies":"Reptomancer","floor":45,"turns":8},{"damage":2,"enemies":"Spire Growth","floor":48,"turns":6},{"damage":47,"enemies":"Time Eater","floor":50,"turns":17},{"damage":33,"enemies":"Shield and Spear","floor":54,"turns":10},{"damage":127,"enemies":"The Heart","floor":55,"turns":13}],"seed_played":"-8440417969475932983","potions_obtained":[{"floor":3,"key":"Dexterity Potion"},{"floor":11,"key":"Dexterity Potion"},{"floor":12,"key":"EntropicBrew"},{"floor":13,"key":"Block Potion"},{"floor":16,"key":"BloodPotion"},{"floor":25,"key":"Swift Potion"},{"floor":36,"key":"LiquidBronze"},{"floor":41,"key":"ColorlessPotion"}],"is_trial":false,"path_per_floor":["M","?","M","?","M","R","E","M","T","R","E","M","M","E","R","B",null,"M","M","M","?","M","E","R","?","T","R","$","R","E","?","R","B",null,"M","M","T","?","M","R","M","R","T","R","E","R","$","M","R","B",null,"R","$","E","B",null],"character_chosen":"IRONCLAD","items_purchased":["Frozen Egg 2","CaptainsWheel","PrismaticShard","Metallicize+1","Entrench","MealTicket","Sling","Anchor","Shrug It Off","Dark Embrace+1"],"campfire_rested":1,"item_purchase_floors":[0,0,0,28,28,28,47,47,47,47],"current_hp_per_floor":[58,63,65,48,52,52,23,16,26,54,23,27,37,43,43,39,95,95,95,82,82,72,56,56,56,56,56,56,56,44,44,44,48,95,97,99,99,99,99,99,95,95,95,95,67,67,82,96,96,70,101,101,101,86,26],"gold":48,"neow_bonus":"","is_daily":false,"chose_seed":false,"campfire_upgraded":9,"win_rate":0.0,"timestamp":1609732316,"path_taken":["M","?","M","?","M","R","E","M","T","R","E","M","M","E","R","BOSS","M","M","M","?","M","E","R","?","T","R","$","R","E","?","R","BOSS","M","M","?","?","M","R","M","R","T","R","E","R","$","M","R","BOSS","R","$","E","BOSS"],"items_purchased_type":["Relic","Relic","Relic","Card","Card","Relic","Relic","Relic","Card","Card"],"build_version":"2020-12-22","purchased_purges":1,"victory":true,"max_hp_per_floor":[80,85,85,85,85,85,85,85,95,95,95,95,95,95,95,95,95,95,95,95,95,95,95,95,95,95,95,95,95,95,95,95,95,95,97,99,99,99,99,99,101,101,101,101,101,101,101,101,101,101,101,101,101,103,103],"relic_stats":{"Busted Crown":46,"Singing Bowl":8,"counters":[1257,6398],"Pantograph":22,"Black Blood":976,"Tiny Chest":1,"MealTicket":15,"Charon\u0027s Ashes":[520],"obtain_stats":[{"Whetstone":19,"Ginger":24,"Bottled Tornado":13,"Boot":9,"Sling":0,"Old Coin":43,"Blood Vial":4,"MealTicket":19,"Fusion Hammer":17,"Kunai":31,"aspiration:DSix":10,"Runic Cube":34,"MerchantsRug":20,"Pear":7,"Blue Candle":44,"Velvet Choker":17,"Eternal Feather":44,"Pen Nib":9,"SlaversCollar":17,"Bird Faced Urn":22,"MutagenicStrength":30,"aspiration:SilentSkillbook":17,"Mark of Pain":34,"Unceasing Top":5,"Regal Pillow":0,"Lantern":24,"aspiration:Lifesprig":13,"Singing Bowl":26,"Magic Flower":0,"Bag of Preparation":38,"Cursed Key":17,"Ancient Tea Set":26,"Smiling Mask":9,"Burning Blood":0,"Shovel":38,"Matryoshka":7,"aspiration:AnachronicSnailShell":12,"Toolbox":0,"WingedGreaves":36,"InkBottle":11,"Paper Frog":45,"Potion Belt":38,"Self Forming Clay":26,"Golden Idol":3,"The Courier":12,"PreservedInsect":0,"Omamori":0,"Frozen Egg 2":22,"MawBank":8,"Busted Crown":17,"Orrery":0,"Turnip":38,"Art of War":26,"Champion Belt":24,"Bottled Lightning":14,"Ice Cream":49,"Calipers":10,"Tiny House":34,"Gremlin Horn":29,"Vajra":30,"Sozu":17,"HornCleat":10,"DollysMirror":0,"Strawberry":10,"Philosopher\u0027s Stone":17,"Prayer Wheel":24,"aspiration:ArtOfWarUpgrade":32,"Toxic Egg 2":19,"Happy Flower":22,"Oddly Smooth Stone":10,"Charon\u0027s Ashes":37,"aspiration:SeaSaltIceCream":25,"Letter Opener":40,"War Paint":26,"aspiration:HiddenCompartment":9,"Question Card":19,"Bottled Flame":24,"Shuriken":30,"Bronze Scales":28,"Black Star":17,"Nloth\u0027s Gift":20,"aspiration:HatOfInfinitePower":12,"Meat on the Bone":24,"Pocketwatch":29,"SacredBark":34,"Enchiridion":19,"Black Blood":17,"Mango":45,"Incense Burner":38,"Juzu Bracelet":40,"PrismaticShard":22,"ClockworkSouvenir":19,"SsserpentHead":31,"Nunchaku":0,"Dream Catcher":9,"Mummified Hand":31,"Pantograph":26,"Gambling Chip":17,"Tiny Chest":0,"Red Skull":0,"aspiration:HummingbirdHeart":9,"aspiration:SecretTechniqueScroll":17,"Odd Mushroom":10,"Orichalcum":2,"Calling Bell":17,"Strange Spoon":0,"Anchor":0,"CaptainsWheel":0,"Bag of Marbles":20,"Coffee Dripper":17,"Membership Card":38,"aspiration:RitualDagger":17,"TungstenRod":42,"FossilizedHelix":10},{"Whetstone":964,"Ginger":1051,"Bottled Tornado":1144,"Boot":983,"Sling":1121,"Old Coin":975,"Blood Vial":1032,"MealTicket":1003,"Fusion Hammer":1049,"Kunai":970,"aspiration:DSix":1067,"Runic Cube":1182,"MerchantsRug":1148,"Pear":983,"Blue Candle":976,"Velvet Choker":1175,"Eternal Feather":976,"Pen Nib":936,"SlaversCollar":985,"Bird Faced Urn":951,"MutagenicStrength":1087,"aspiration:SilentSkillbook":1198,"Mark of Pain":971,"Unceasing Top":945,"Regal Pillow":956,"Lantern":1051,"aspiration:Lifesprig":1094,"Singing Bowl":1017,"Magic Flower":1073,"Bag of Preparation":973,"Cursed Key":941,"Ancient Tea Set":953,"Smiling Mask":1143,"Burning Blood":0,"Shovel":973,"Matryoshka":1235,"aspiration:AnachronicSnailShell":949,"Toolbox":943,"WingedGreaves":1022,"InkBottle":1067,"Paper Frog":976,"Potion Belt":1022,"Self Forming Clay":966,"Golden Idol":1192,"The Courier":961,"PreservedInsect":1043,"Omamori":979,"Frozen Egg 2":1217,"MawBank":960,"Busted Crown":1081,"Orrery":1007,"Turnip":973,"Art of War":1137,"Champion Belt":952,"Bottled Lightning":1048,"Ice Cream":978,"Calipers":937,"Tiny House":1020,"Gremlin Horn":968,"Vajra":1138,"Sozu":1131,"HornCleat":983,"DollysMirror":979,"Strawberry":983,"Philosopher\u0027s Stone":1013,"Prayer Wheel":1203,"aspiration:ArtOfWarUpgrade":1247,"Toxic Egg 2":942,"Happy Flower":1051,"Oddly Smooth Stone":1010,"Charon\u0027s Ashes":1056,"aspiration:SeaSaltIceCream":1017,"Letter Opener":1058,"War Paint":1070,"aspiration:HiddenCompartment":1009,"Question Card":1014,"Bottled Flame":1100,"Shuriken":1019,"Bronze Scales":1017,"Black Star":963,"Nloth\u0027s Gift":986,"aspiration:HatOfInfinitePower":1011,"Meat on the Bone":966,"Pocketwatch":1119,"SacredBark":1157,"Enchiridion":951,"Black Blood":1002,"Mango":1060,"Incense Burner":973,"Juzu Bracelet":974,"PrismaticShard":1116,"ClockworkSouvenir":964,"SsserpentHead":1221,"Nunchaku":979,"Dream Catcher":1033,"Mummified Hand":970,"Pantograph":1051,"Gambling Chip":1096,"Tiny Chest":1167,"Red Skull":1029,"aspiration:HummingbirdHeart":960,"aspiration:SecretTechniqueScroll":950,"Odd Mushroom":1127,"Orichalcum":1140,"Calling Bell":1096,"Strange Spoon":956,"Anchor":992,"CaptainsWheel":1231,"Bag of Marbles":1097,"Coffee Dripper":1146,"Membership Card":973,"aspiration:RitualDagger":1068,"TungstenRod":975,"FossilizedHelix":999},{"Whetstone":4842,"Ginger":5310,"Bottled Tornado":5813,"Boot":4940,"Sling":5699,"Old Coin":4895,"Blood Vial":5197,"MealTicket":5053,"Fusion Hammer":5300,"Kunai":4872,"aspiration:DSix":5389,"Runic Cube":5990,"MerchantsRug":5828,"Pear":4940,"Blue Candle":4903,"Velvet Choker":5952,"Eternal Feather":4903,"Pen Nib":4716,"SlaversCollar":4957,"Bird Faced Urn":4777,"MutagenicStrength":5515,"aspiration:SilentSkillbook":6077,"Mark of Pain":4879,"Unceasing Top":4749,"Regal Pillow":4807,"Lantern":5310,"aspiration:Lifesprig":5548,"Singing Bowl":5129,"Magic Flower":5436,"Bag of Preparation":4886,"Cursed Key":4734,"Ancient Tea Set":4790,"Smiling Mask":5810,"Burning Blood":0,"Shovel":4886,"Matryoshka":6237,"aspiration:AnachronicSnailShell":4761,"Toolbox":4741,"WingedGreaves":5152,"InkBottle":5389,"Paper Frog":4903,"Potion Belt":5152,"Self Forming Clay":4851,"Golden Idol":6042,"The Courier":4824,"PreservedInsect":5276,"Omamori":4922,"Frozen Egg 2":6167,"MawBank":4819,"Busted Crown":5473,"Orrery":5076,"Turnip":4886,"Art of War":5783,"Champion Belt":4786,"Bottled Lightning":5292,"Ice Cream":4914,"Calipers":4722,"Tiny House":5142,"Gremlin Horn":4863,"Vajra":5790,"Sozu":5752,"HornCleat":4940,"DollysMirror":4922,"Strawberry":4940,"Philosopher\u0027s Stone":5111,"Prayer Wheel":6104,"aspiration:ArtOfWarUpgrade":6316,"Toxic Egg 2":4738,"Happy Flower":5310,"Oddly Smooth Stone":5090,"Charon\u0027s Ashes":5339,"aspiration:SeaSaltIceCream":5129,"Letter Opener":5349,"War Paint":5411,"aspiration:HiddenCompartment":5083,"Question Card":5113,"Bottled Flame":5588,"Shuriken":5135,"Bronze Scales":5129,"Black Star":4835,"Nloth\u0027s Gift":4962,"aspiration:HatOfInfinitePower":5094,"Meat on the Bone":4851,"Pocketwatch":5689,"SacredBark":5867,"Enchiridion":4777,"Black Blood":5048,"Mango":5360,"Incense Burner":4886,"Juzu Bracelet":4891,"PrismaticShard":5672,"ClockworkSouvenir":4842,"SsserpentHead":6180,"Nunchaku":4922,"Dream Catcher":5203,"Mummified Hand":4872,"Pantograph":5310,"Gambling Chip":5565,"Tiny Chest":5921,"Red Skull":5186,"aspiration:HummingbirdHeart":4819,"aspiration:SecretTechniqueScroll":4773,"Odd Mushroom":5724,"Orichalcum":5801,"Calling Bell":5565,"Strange Spoon":4807,"Anchor":5001,"CaptainsWheel":6214,"Bag of Marbles":5570,"Coffee Dripper":5822,"Membership Card":4886,"aspiration:RitualDagger":5400,"TungstenRod":4895,"FossilizedHelix":5030}]},"card_choices":[{"not_picked":["EmptyFist","Barrage"],"picked":"Heavy Blade","floor":1},{"not_picked":["Unload","Pray"],"picked":"Dodge and Roll","floor":3},{"not_picked":["Heavy Blade","Outmaneuver"],"picked":"Leap","floor":5},{"not_picked":["Underhanded Strike","PiercingWail"],"picked":"Bandage Up","floor":7},{"not_picked":["Catalyst","JustLucky"],"picked":"Backflip","floor":8},{"not_picked":["Disarm","Consume"],"picked":"Bouncing Flask","floor":11},{"not_picked":["Skewer","Dagger Throw"],"picked":"Armaments","floor":12},{"not_picked":["Barrage","Redo"],"picked":"Sword Boomerang","floor":13},{"not_picked":["Discovery","DeceiveReality"],"picked":"Ball Lightning","floor":14},{"not_picked":["Master of Strategy","Mayhem+1"],"picked":"Magnetism+1","floor":16},{"not_picked":["Redo","BowlingBash"],"picked":"Conserve Battery","floor":18},{"not_picked":["Power Through+1","Pommel Strike"],"picked":"BattleHymn+1","floor":19},{"not_picked":["Cloak And Dagger","Armaments"],"picked":"Shrug It Off+1","floor":20},{"not_picked":["InnerPeace","PathToVictory+1"],"picked":"Dodge and Roll","floor":22},{"not_picked":["Infernal Blade+1","Underhanded Strike+1"],"picked":"Entrench","floor":23},{"not_picked":["Fiend Fire","Shockwave"],"picked":"Infinite Blades+1","floor":30},{"not_picked":["Adrenaline","Wraith Form v2+1"],"picked":"Buffer+1","floor":33},{"not_picked":["Outmaneuver+1"],"picked":"Singing Bowl","floor":35},{"not_picked":["Rebound"],"picked":"Singing Bowl","floor":36},{"not_picked":[],"picked":"Entrench","floor":39},{"not_picked":["aspiration:Polymerization"],"picked":"Singing Bowl","floor":41},{"not_picked":[],"picked":"Predator+1","floor":45},{"not_picked":[],"picked":"Protect+1","floor":48},{"not_picked":["HandOfGreed"],"picked":"Singing Bowl","floor":54}],"player_experience":2090744,"relics_obtained":[{"floor":7,"key":"Matryoshka"},{"floor":9,"key":"Red Skull"},{"floor":9,"key":"Pear"},{"floor":11,"key":"aspiration:HatOfInfinitePower"},{"floor":14,"key":"Tiny Chest"},{"floor":23,"key":"Charon\u0027s Ashes"},{"floor":26,"key":"Art of War"},{"floor":26,"key":"Oddly Smooth Stone"},{"floor":30,"key":"Singing Bowl"},{"floor":43,"key":"Bag of Marbles"},{"floor":45,"key":"Pantograph"},{"floor":54,"key":"Vajra"}],"event_choices":[{"damage_healed":0,"gold_gain":0,"player_choice":"Donut","damage_taken":0,"max_hp_gain":5,"max_hp_loss":0,"event_name":"Big Fish","floor":2,"gold_loss":0},{"damage_healed":0,"gold_gain":0,"player_choice":"Entered Light","damage_taken":17,"max_hp_gain":0,"max_hp_loss":0,"event_name":"Shining Light","floor":4,"gold_loss":0,"cards_upgraded":["Defend_R","Heavy Blade"]},{"damage_healed":0,"gold_gain":0,"player_choice":"Bought 0 Potions","damage_taken":0,"max_hp_gain":0,"max_hp_loss":0,"event_name":"The Woman in Blue","floor":21,"gold_loss":0},{"damage_healed":0,"gold_gain":0,"player_choice":"Got Potions","damage_taken":0,"max_hp_gain":0,"max_hp_loss":0,"event_name":"Lab","floor":25,"gold_loss":0},{"damage_healed":0,"gold_gain":0,"player_choice":"Ignored","damage_taken":0,"max_hp_gain":0,"max_hp_loss":0,"event_name":"betterNote:BetterNote","floor":31,"gold_loss":0,"cards_obtained":["Barricade"]},{"damage_healed":0,"gold_gain":0,"player_choice":"Ignored","damage_taken":0,"max_hp_gain":0,"max_hp_loss":0,"event_name":"Mysterious Sphere","floor":38,"gold_loss":0}],"is_beta":false,"boss_relics":[{"not_picked":["aspiration:PoetsPen_weak","Sozu"],"picked":"Black Blood"},{"not_picked":["aspiration:RunicSpoon","SacredBark"],"picked":"Busted Crown"}],"items_purged_floors":[47],"is_endless":false,"potions_floor_spawned":[3,11,12,13,14,16,18,23,30,36,39,41,48],"ascension_level":1}}