{"host":"2se5dq1do2gp0x9k","time":1609736420,"event":{"mods":["AchievementEnabler","BaseMod","Block Reminder","Colored Map","Colored Powertips","Minty Spire (QoL Compilation)","Relic Stats","StSLib","SuperFastMode"],"gold_per_floor":[118,118,118,135,20,20,46,46,46,46,66,66,101,114,114,215,215,228,239,249,261,261,261,274,274,274,274,274,291,302,327,327,422,422,440,457,262,312,312,312,344,209,256,256,268,283,309,354,354,354],"floor_reached":51,"playtime":2448,"items_purged":[],"score":1306,"play_id":"6bf07211-4d34-4e07-8734-dd37cea229b1","local_time":"20210103210020","is_ascension_mode":true,"campfire_choices":[{"data":"Eruption","floor":6.0,"key":"SMITH"},{"data":"WheelKick","floor":8.0,"key":"SMITH"},{"data":"TalkToTheHand","floor":12.0,"key":"SMITH"},{"data":"JustLucky","floor":15.0,"key":"SMITH"},{"data":"Weave","floor":23.0,"key":"SMITH"},{"data":"Weave","floor":25.0,"key":"SMITH"},{"data":"FlyingSleeves","floor":27.0,"key":"SMITH"},{"floor":32.0,"key":"REST"},{"floor":40,"key":"RECALL"},{"floor":44,"key":"REST"},{"floor":49,"key":"REST"}],"circlet_count":0,"master_deck":["AscendersBane","Defend_P+1","Defend_P+1","Defend_P+1","Defend_P+1","Eruption+1","Vigilance","FlyingSleeves+1","JustLucky","Weave+1","TalkToTheHand+1","WheelKick+1","InnerPeace","JustLucky+1","Weave+1","Vault","SpiritShield+1","Nirvana+1","Worship+1","CutThroughFate","TalkToTheHand+1","FlyingSleeves","TalkToTheHand","CutThroughFate","Nirvana+1","DeusExMachina","Scrawl","WaveOfTheHand+1","JustLucky","CutThroughFate","Finisher+1","Well Laid Plans+1"],"relics":["PureWater","NeowsBlessing","Centennial Puzzle","StrikeDummy","Omamori","Astrolabe","InkBottle","Letter Opener","Fusion Hammer","PrismaticShard","CloakClasp","MealTicket","Turnip","Damaru","Yang","Nunchaku"],"acts_visited":["Exordium","TheCity","TheBeyond"],"potions_floor_usage":[33,33,50,50],"damage_taken":[{"damage":0.0,"enemies":"2 Louse","floor":1.0,"turns":1.0},{"damage":0.0,"enemies":"Small Slimes","floor":4.0,"turns":1.0},{"damage":0.0,"enemies":"Lagavulin","floor":7.0,"turns":1.0},{"damage":0.0,"enemies":"Cultist","floor":11.0,"turns":2.0},{"damage":8.0,"enemies":"3 Sentries","floor":13.0,"turns":3.0},{"damage":3.0,"enemies":"Gremlin Gang","floor":14.0,"turns":2.0},{"damage":3.0,"enemies":"Hexaghost","floor":16.0,"turns":6.0},{"damage":3.0,"enemies":"Shell Parasite","floor":18.0,"turns":5.0},{"damage":9.0,"enemies":"2 Thieves","floor":19.0,"turns":5.0},{"damage":0.0,"enemies":"Centurion and Healer","floor":20.0,"turns":5.0},{"damage":0.0,"enemies":"3 Cultists","floor":21.0,"turns":5.0},{"damage":0.0,"enemies":"Snecko","floor":24.0,"turns":5.0},{"damage":17.0,"enemies":"Shelled Parasite and Fungi","floor":29.0,"turns":5.0},{"damage":12.0,"enemies":"Snake Plant","floor":30.0,"turns":5.0},{"damage":0.0,"enemies":"Gremlin Leader","floor":31.0,"turns":4.0},{"damage":21,"enemies":"Champ","floor":33,"turns":12},{"damage":0,"enemies":"Orb Walker","floor":35,"turns":3},{"damage":10,"enemies":"3 Darklings","floor":36,"turns":5},{"damage":0,"enemies":"Mind Bloom Boss Battle","floor":38,"turns":3},{"damage":1,"enemies":"Reptomancer","floor":41,"turns":7},{"damage":0,"enemies":"Transient","floor":45,"turns":5},{"damage":8,"enemies":"Spire Growth","floor":46,"turns":4},{"damage":0,"enemies":"Nemesis","floor":47,"turns":4},{"damage":0,"enemies":"Time Eater","floor":50,"turns":7}],"seed_played":"-30608850100862745","potions_obtained":[{"floor":11.0,"key":"BlessingOfTheForge"},{"floor":13.0,"key":"SkillPotion"},{"floor":16.0,"key":"DistilledChaos"},{"floor":21.0,"key":"LiquidMemories"},{"floor":24.0,"key":"FearPotion"},{"floor":31.0,"key":"SteroidPotion"},{"floor":36,"key":"PowerPotion"},{"floor":41,"key":"EssenceOfSteel"}],"is_trial":false,"path_per_floor":["M","?","$","M","$","R","E","R","T","?","M","R","E","M","R","B",null,"M","M","M","M","?","R","M","R","T","R","?","M","M","E","R","B",null,"M","M","$","?","?","R","E","?","T","R","M","M","E","T","R","B",null],"character_chosen":"WATCHER","items_purchased":["Weave","TalkToTheHand","JustLucky","PrismaticShard"],"campfire_rested":3,"item_purchase_floors":[5,5,37,37],"current_hp_per_floor":[65,65,65,65,65,65,65,65,65,65,65,65,57,54,54,51,67,64,55,55,55,55,55,55,55,55,55,55,38,26,26,47,26,61,61,51,51,51,51,51,50,50,50,71,71,63,63,63,72,72],"gold":354,"neow_bonus":"THREE_ENEMY_KILL","is_daily":false,"chose_seed":false,"campfire_upgraded":7,"win_rate":0.0,"timestamp":1609736420,"path_taken":["M","?","$","M","$","R","E","R","T","?","M","R","E","?","R","BOSS","M","M","?","M","?","R","M","R","T","R","?","M","M","E","R","BOSS","M","M","$","?","?","R","E","?","T","R","M","?","E","?","R","BOSS"],"items_purchased_type":["Card","Card","Card","Relic"],"build_version":"2020-12-22","purchased_purges":0,"victory":true,"max_hp_per_floor":[72,72,72,72,72,72,72,72,72,72,72,72,72,72,72,72,72,72,72,72,72,72,72,72,72,72,72,72,72,72,72,72,72,72,72,72,72,72,72,72,72,72,72,72,72,72,72,72,72,72],"relic_stats":{"Centennial Puzzle":[33],"Nunchaku":[3],"counters":[24,105],"Astrolabe":["SpiritShield","Nirvana","Worship"],"MealTicket":0,"Yang":[35],"Turnip":[0],"CloakClasp":[107],"Letter Opener":[60],"obtain_stats":[{"NeowsBlessing":0,"Astrolabe":17,"Damaru":43,"Yang":47,"Omamori":13,"CloakClasp":38,"Letter Opener":31,"PrismaticShard":37,"Centennial Puzzle":7,"Nunchaku":48,"MealTicket":41,"Fusion Hammer":34,"Turnip":42,"PureWater":0,"StrikeDummy":9,"InkBottle":26},{"NeowsBlessing":0,"Astrolabe":7,"Damaru":20,"Yang":23,"Omamori":5,"CloakClasp":19,"Letter Opener":15,"PrismaticShard":18,"Centennial Puzzle":3,"Nunchaku":23,"MealTicket":20,"Fusion Hammer":16,"Turnip":20,"PureWater":0,"StrikeDummy":3,"InkBottle":12},{"NeowsBlessing":0,"Astrolabe":16,"Damaru":85,"Yang":98,"Omamori":8,"CloakClasp":78,"Letter Opener":55,"PrismaticShard":75,"Centennial Puzzle":3,"Nunchaku":98,"MealTicket":85,"Fusion Hammer":67,"Turnip":85,"PureWater":0,"StrikeDummy":3,"InkBottle":41}],"InkBottle":[43]},"card_choices":[{"not_picked":["Halt","EmptyBody"],"picked":"FlyingSleeves","floor":1.0},{"not_picked":["Indignation","Sanctity"],"picked":"JustLucky","floor":4.0},{"not_picked":["ThirdEye","SignatureMove"],"picked":"WheelKick","floor":7.0},{"not_picked":["SignatureMove","Sanctity"],"picked":"InnerPeace","floor":11.0},{"not_picked":["Alpha","CrushJoints"],"picked":"JustLucky","floor":13.0},{"not_picked":["Conclude","Halt"],"picked":"Weave","floor":14.0},{"not_picked":["MasterReality","Ragnarok"],"picked":"Vault","floor":16.0},{"not_picked":["Prostrate","FlyingSleeves+1"],"picked":"CutThroughFate","floor":18.0},{"not_picked":["CrushJoints","SashWhip"],"picked":"TalkToTheHand+1","floor":19.0},{"not_picked":["Evaluate+1","CarveReality"],"picked":"FlyingSleeves","floor":20.0},{"not_picked":["LikeWater","ThirdEye"],"picked":"TalkToTheHand","floor":21.0},{"not_picked":["Halt","Collect","Vengeance"],"picked":"SKIP","floor":24.0},{"not_picked":["Evaluate","CrushJoints","DeceiveReality"],"picked":"SKIP","floor":29.0},{"not_picked":["EmptyBody","Evaluate"],"picked":"Nirvana+1","floor":30.0},{"not_picked":["MentalFortress","WindmillStrike"],"picked":"DeusExMachina","floor":31.0},{"not_picked":["MasterReality","LessonLearned"],"picked":"Scrawl","floor":33},{"not_picked":["Protect+1","InnerPeace+1","Evaluate"],"picked":"SKIP","floor":35},{"not_picked":["ClearTheMind","SandsOfTime"],"picked":"WaveOfTheHand+1","floor":36},{"not_picked":["Offering","Flame Barrier"],"picked":"CutThroughFate","floor":38},{"not_picked":["Tactician+1","PathToVictory+1"],"picked":"Finisher+1","floor":41},{"not_picked":["Poisoned Stab","FollowUp+1","Conclude"],"picked":"SKIP","floor":45},{"not_picked":["Tempest+1","Expertise+1","Whirlwind"],"picked":"SKIP","floor":46},{"not_picked":["Cold Snap+1","Enlightenment+1"],"picked":"Well Laid Plans+1","floor":47}],"player_experience":3761851,"relics_obtained":[{"floor":7.0,"key":"Centennial Puzzle"},{"floor":9.0,"key":"StrikeDummy"},{"floor":13.0,"key":"Omamori"},{"floor":26.0,"key":"InkBottle"},{"floor":31.0,"key":"Letter Opener"},{"floor":38,"key":"CloakClasp"},{"floor":41,"key":"MealTicket"},{"floor":43,"key":"Damaru"},{"floor":47,"key":"Yang"},{"floor":48,"key":"Nunchaku"}],"event_choices":[{"damage_healed":0.0,"max_hp_gain":0.0,"max_hp_loss":0.0,"gold_gain":0.0,"event_name":"The Cleric","player_choice":"Leave","floor":2.0,"gold_loss":0.0,"damage_taken":0.0},{"cards_removed":["Strike_P"],"damage_healed":0.0,"max_hp_gain":0.0,"max_hp_loss":0.0,"gold_gain":0.0,"event_name":"Purifier","player_choice":"Purged","floor":10.0,"gold_loss":0.0,"damage_taken":0.0},{"damage_healed":0.0,"max_hp_gain":0.0,"max_hp_loss":0.0,"gold_gain":0.0,"event_name":"Back to Basics","player_choice":"Simplicity","floor":22.0,"gold_loss":0.0,"damage_taken":0.0,"cards_upgraded":["Defend_P","Defend_P","Defend_P","Defend_P"]},{"damage_healed":0.0,"max_hp_gain":0.0,"max_hp_loss":0.0,"gold_gain":0.0,"event_name":"The Library","player_choice":"Read","floor":28.0,"gold_loss":0.0,"damage_taken":0.0,"cards_obtained":["CutThroughFate"]},{"damage_healed":0,"gold_gain":0,"player_choice":"Fight","damage_taken":0,"max_hp_gain":0,"max_hp_loss":0,"event_name":"MindBloom","floor":38,"gold_loss":0},{"damage_healed":0,"gold_gain":0,"player_choice":"Ignored","damage_taken":0,"max_hp_gain":0,"max_hp_loss":0,"event_name":"Tomb of Lord Red Mask","floor":39,"gold_loss":0},{"damage_healed":0,"gold_gain":0,"player_choice":"Paid Gold","damage_taken":0,"relics_obtained":["Turnip"],"max_hp_gain":0,"max_hp_loss":0,"event_name":"WeMeetAgain","floor":42,"gold_loss":135}],"is_beta":false,"boss_relics":[{"not_picked":["Runic Dome","Busted Crown"],"picked":"Astrolabe"},{"not_picked":["HolyWater","SacredBark"],"picked":"Fusion Hammer"}],"items_purged_floors":[],"is_endless":false,"potions_floor_spawned":[11,13,16,19,21,24,31,36,41,46],"ascension_level":11}}