{"host":"kh6fvhxn285ncg0o","time":1609745081,"event":{"mods":["Act Like it!","BaseMod","Colored Map","Friendly Minions","Keyboard Shortcuts","Minty Spire (QoL Compilation)","Quick Restart","Relic Stats","StSLib","SuperFastMode"],"gold_per_floor":[109,109,109,120,120,148,148,162,189,224,243,243,254,19,19,92,92,110,290,300,6,19,54,54,66,118,153,153,153,179,191,191,266,266,283,283,283,300,312,345,345,376,412,452,477,508,532,544,556,568,580,592,604,88,117,117],"floor_reached":57,"playtime":1815,"items_purged":["Strike_R","Strike_R"],"score":3249,"play_id":"225d891d-46e4-4f7d-b251-f281e4672aeb","local_time":"20210104162441","is_ascension_mode":true,"campfire_choices":[{"data":"Armaments","floor":7,"key":"SMITH"},{"data":"Limit Break","floor":12,"key":"SMITH"},{"data":"Feel No Pain","floor":15,"key":"SMITH"},{"floor":24,"key":"REST"},{"floor":29,"key":"REST"},{"floor":32,"key":"REST"},{"floor":41,"key":"RECALL"},{"floor":49,"key":"REST"},{"floor":53,"key":"REST"}],"circlet_count":0,"master_deck":["AscendersBane","Strike_R+1","Defend_R+1","Defend_R","Defend_R","Defend_R+1","Bash","Armaments+1","Clothesline","Limit Break+1","Body Slam","Feel No Pain+1","Barricade","Power Through","Fire Breathing","Power Through","Second Wind+1","Impervious","Burning Pact","Dark Embrace"],"relics":["Snecko Eye","Red Skull","Orichalcum","Bronze Scales","Oddly Smooth Stone","Fusion Hammer","TheAbacus","Bag of Preparation","Anchor","Centennial Puzzle","CaptainsWheel","War Paint","Black Star","Omamori","Bag of Marbles","MawBank","Blue Candle","Sundial","Ancient Tea Set","Charon\u0027s Ashes","Thread and Needle","Bottled Lightning"],"acts_visited":["Exordium","TheCity","TheBeyond","TheEnding"],"potions_floor_usage":[6,21,23,23,56,56],"damage_taken":[{"damage":0,"enemies":"Small Slimes","floor":1,"turns":3},{"damage":5,"enemies":"2 Louse","floor":4,"turns":4},{"damage":28,"enemies":"Gremlin Nob","floor":6,"turns":4},{"damage":1,"enemies":"Cultist","floor":8,"turns":4},{"damage":15,"enemies":"3 Sentries","floor":10,"turns":9},{"damage":4,"enemies":"Red Slaver","floor":11,"turns":2},{"damage":0,"enemies":"2 Fungi Beasts","floor":13,"turns":2},{"damage":10,"enemies":"Hexaghost","floor":16,"turns":6},{"damage":13,"enemies":"Spheric Guardian","floor":18,"turns":4},{"damage":16,"enemies":"2 Thieves","floor":20,"turns":3},{"damage":7,"enemies":"Cultist and Chosen","floor":22,"turns":5},{"damage":28,"enemies":"Slavers","floor":23,"turns":5},{"damage":5,"enemies":"Shelled Parasite and Fungi","floor":25,"turns":4},{"damage":0,"enemies":"Gremlin Leader","floor":27,"turns":4},{"damage":18,"enemies":"Slavers","floor":30,"turns":7},{"damage":0,"enemies":"Snecko","floor":31,"turns":3},{"damage":0,"enemies":"Automaton","floor":33,"turns":8},{"damage":3,"enemies":"3 Darklings","floor":35,"turns":5},{"damage":0,"enemies":"Orb Walker","floor":38,"turns":5},{"damage":0,"enemies":"Transient","floor":39,"turns":6},{"damage":0,"enemies":"Nemesis","floor":40,"turns":5},{"damage":35,"enemies":"Reptomancer","floor":42,"turns":5},{"damage":0,"enemies":"Nemesis","floor":44,"turns":5},{"damage":0,"enemies":"Maw","floor":45,"turns":6},{"damage":1,"enemies":"Sphere and 2 Shapes","floor":46,"turns":5},{"damage":0,"enemies":"Jaw Worm Horde","floor":47,"turns":6},{"damage":1,"enemies":"Awakened One","floor":50,"turns":10},{"damage":5,"enemies":"Time Eater","floor":51,"turns":10},{"damage":0,"enemies":"Shield and Spear","floor":55,"turns":5},{"damage":2,"enemies":"The Heart","floor":56,"turns":8}],"seed_played":"9132295915768156004","potions_obtained":[{"floor":1,"key":"PowerPotion"},{"floor":4,"key":"ColorlessPotion"},{"floor":6,"key":"BloodPotion"},{"floor":22,"key":"BloodPotion"},{"floor":23,"key":"LiquidMemories"},{"floor":30,"key":"CultistPotion"},{"floor":33,"key":"DistilledChaos"},{"floor":42,"key":"PowerPotion"},{"floor":47,"key":"Swift Potion"}],"is_trial":false,"path_per_floor":["M","?","?","M","?","E","R","M","T","E","M","R","M","$","R","B",null,"M","?","M","$","M","E","R","M","T","E","?","R","E","M","R","B",null,"M","?","?","M","M","E","R","E","T","E","M","M","M","?","R","B","B",null,"R","$","E","B",null],"character_chosen":"IRONCLAD","items_purchased":["Oddly Smooth Stone","TheAbacus","Fire Breathing","SkillPotion","Dark Embrace","Charon\u0027s Ashes","Dexterity Potion"],"campfire_rested":5,"item_purchase_floors":[14,21,21,21,54,54,54],"current_hp_per_floor":[68,45,38,33,75,47,47,46,46,31,27,27,27,27,27,17,61,48,29,13,28,21,8,30,25,25,25,25,47,29,29,51,51,69,66,66,66,66,66,66,66,31,31,31,31,30,30,20,42,41,36,65,75,75,75,73],"gold":117,"neow_bonus":"BOSS_RELIC","is_daily":false,"chose_seed":false,"campfire_upgraded":3,"win_rate":0.0,"timestamp":1609745081,"path_taken":["M","?","?","M","?","E","R","M","T","E","M","R","?","$","R","BOSS","M","?","M","$","?","E","R","M","T","E","?","R","E","M","R","BOSS","M","?","?","M","?","E","R","E","T","E","M","M","?","?","R","BOSS","BOSS","R","$","E","BOSS"],"items_purchased_type":["Relic","Relic","Card","Potion","Card","Relic","Potion"],"build_version":"2020-12-22","purchased_purges":2,"victory":true,"max_hp_per_floor":[75,75,75,75,75,75,75,75,75,75,75,75,75,75,75,75,75,75,75,75,75,75,75,75,75,75,75,75,75,75,75,75,75,75,75,75,75,75,75,75,75,75,75,75,75,75,75,75,75,75,75,75,75,75,75,75],"relic_stats":{"counters":[30,158],"Blue Candle":[3],"Charon\u0027s Ashes":[108],"Bag of Preparation":[36],"Orichalcum":[72],"War Paint":["Second Wind","Defend_R"],"MawBank":144,"Centennial Puzzle":[21],"TheAbacus":[348],"Sundial":[22],"Bronze Scales":[495],"Snecko Eye":[282,253,239,275],"Black Star":4,"obtain_stats":[{"Blue Candle":42,"Oddly Smooth Stone":14,"Thread and Needle":55,"Charon\u0027s Ashes":54,"Bag of Preparation":23,"Omamori":40,"Orichalcum":9,"War Paint":30,"MawBank":42,"Ancient Tea Set":44,"Burning Blood":0,"Anchor":26,"Centennial Puzzle":27,"CaptainsWheel":28,"TheAbacus":21,"Sundial":44,"Bronze Scales":10,"Snecko Eye":0,"Fusion Hammer":17,"Black Star":34,"Bag of Marbles":40,"Bottled Lightning":55,"Red Skull":6},{"Blue Candle":22,"Oddly Smooth Stone":7,"Thread and Needle":29,"Charon\u0027s Ashes":28,"Bag of Preparation":12,"Omamori":21,"Orichalcum":4,"War Paint":15,"MawBank":22,"Ancient Tea Set":23,"Burning Blood":0,"Anchor":13,"Centennial Puzzle":14,"CaptainsWheel":14,"TheAbacus":10,"Sundial":23,"Bronze Scales":5,"Snecko Eye":0,"Fusion Hammer":8,"Black Star":17,"Bag of Marbles":21,"Bottled Lightning":29,"Red Skull":3},{"Blue Candle":103,"Oddly Smooth Stone":28,"Thread and Needle":150,"Charon\u0027s Ashes":145,"Bag of Preparation":51,"Omamori":98,"Orichalcum":15,"War Paint":66,"MawBank":103,"Ancient Tea Set":108,"Burning Blood":0,"Anchor":55,"Centennial Puzzle":59,"CaptainsWheel":59,"TheAbacus":41,"Sundial":108,"Bronze Scales":24,"Snecko Eye":0,"Fusion Hammer":34,"Black Star":77,"Bag of Marbles":98,"Bottled Lightning":150,"Red Skull":11}]},"card_choices":[{"not_picked":["Headbutt","Ghostly Armor"],"picked":"Entrench","floor":4},{"not_picked":["Body Slam","Wild Strike"],"picked":"Armaments","floor":6},{"not_picked":["Metallicize","Cleave"],"picked":"Clothesline","floor":8},{"not_picked":["Shrug It Off","Wild Strike"],"picked":"Limit Break","floor":10},{"not_picked":["Clothesline","Searing Blow"],"picked":"Body Slam","floor":11},{"not_picked":["Cleave","Burning Pact"],"picked":"Feel No Pain","floor":13},{"not_picked":["Reaper","Exhume"],"picked":"Barricade","floor":16},{"not_picked":["Spot Weakness","Warcry","Inflame"],"picked":"SKIP","floor":18},{"not_picked":["Reckless Charge","Sever Soul"],"picked":"Power Through","floor":20},{"not_picked":["Perfected Strike","Clothesline+1","Fire Breathing"],"picked":"SKIP","floor":22},{"not_picked":["Perfected Strike","Twin Strike"],"picked":"Power Through","floor":23},{"not_picked":["Armaments","Reckless Charge"],"picked":"Second Wind","floor":25},{"not_picked":["Bludgeon","Thunderclap","Flex"],"picked":"SKIP","floor":27},{"not_picked":["Bludgeon","Thunderclap","Flex"],"picked":"SKIP","floor":27},{"not_picked":["Wild Strike","Carnage","True Grit"],"picked":"SKIP","floor":30},{"not_picked":["Armaments","Cleave","Clash+1"],"picked":"SKIP","floor":31},{"not_picked":["Corruption","Immolate"],"picked":"Impervious","floor":33},{"not_picked":["True Grit","Body Slam","Armaments+1"],"picked":"SKIP","floor":35},{"not_picked":["Iron Wave+1","Sever Soul","Pommel Strike"],"picked":"SKIP","floor":38},{"not_picked":["Pommel Strike+1","Perfected Strike","Corruption"],"picked":"SKIP","floor":39},{"not_picked":["Armaments","Pummel","Hemokinesis"],"picked":"SKIP","floor":40},{"not_picked":["Anger","Ghostly Armor+1","Rampage"],"picked":"SKIP","floor":42},{"not_picked":["Sever Soul+1","Perfected Strike","Cleave"],"picked":"SKIP","floor":44},{"not_picked":["True Grit","Iron Wave","Reckless Charge+1"],"picked":"SKIP","floor":45},{"not_picked":["Twin Strike","Perfected Strike+1","Rupture"],"picked":"SKIP","floor":46},{"not_picked":["Bloodletting","Twin Strike+1","Combust"],"picked":"SKIP","floor":47},{"not_picked":["Warcry","Intimidate+1","Fire Breathing"],"picked":"SKIP","floor":55}],"player_experience":3360651,"relics_obtained":[{"floor":6,"key":"Red Skull"},{"floor":9,"key":"Orichalcum"},{"floor":10,"key":"Bronze Scales"},{"floor":23,"key":"Bag of Preparation"},{"floor":26,"key":"Anchor"},{"floor":27,"key":"Centennial Puzzle"},{"floor":30,"key":"War Paint"},{"floor":40,"key":"Omamori"},{"floor":40,"key":"Bag of Marbles"},{"floor":42,"key":"MawBank"},{"floor":42,"key":"Blue Candle"},{"floor":44,"key":"Sundial"},{"floor":44,"key":"Ancient Tea Set"},{"floor":55,"key":"Thread and Needle"},{"floor":55,"key":"Bottled Lightning"}],"event_choices":[{"damage_healed":0,"gold_gain":0,"player_choice":"Entered Light","damage_taken":23,"max_hp_gain":0,"max_hp_loss":0,"event_name":"Shining Light","floor":2,"gold_loss":0,"cards_upgraded":["Strike_R","Defend_R"]},{"cards_removed":["Strike_R"],"damage_healed":0,"gold_gain":0,"player_choice":"Card Removal","damage_taken":7,"max_hp_gain":0,"max_hp_loss":0,"event_name":"Golden Wing","floor":3,"gold_loss":0},{"cards_removed":["Entrench"],"damage_healed":42,"gold_gain":0,"player_choice":"Offered Uncommon","damage_taken":0,"max_hp_gain":0,"max_hp_loss":0,"event_name":"Bonfire Elementals","floor":5,"gold_loss":0},{"damage_healed":0,"gold_gain":180,"player_choice":"GOLD GOLD ","damage_taken":19,"max_hp_gain":0,"max_hp_loss":0,"event_name":"Knowing Skull","floor":19,"potions_obtained":[],"gold_loss":0,"cards_obtained":[]},{"damage_healed":0,"gold_gain":0,"player_choice":"Gave Potion","damage_taken":0,"relics_obtained":["CaptainsWheel"],"max_hp_gain":0,"max_hp_loss":0,"event_name":"WeMeetAgain","floor":28,"gold_loss":0},{"damage_healed":0,"gold_gain":0,"player_choice":"Ignored","damage_taken":0,"max_hp_gain":0,"max_hp_loss":0,"event_name":"Tomb of Lord Red Mask","floor":36,"gold_loss":0},{"damage_healed":0,"gold_gain":0,"cards_transformed":["Strike_R"],"player_choice":"Transformed","damage_taken":0,"max_hp_gain":0,"max_hp_loss":0,"event_name":"Transmorgrifier","floor":37,"gold_loss":0,"cards_obtained":["Burning Pact"]},{"damage_healed":0,"gold_gain":0,"player_choice":"Memory 3","damage_taken":10,"max_hp_gain":0,"max_hp_loss":0,"event_name":"SensoryStone","floor":48,"gold_loss":0}],"is_beta":false,"boss_relics":[{"not_picked":["Philosopher\u0027s Stone","Ectoplasm"],"picked":"Fusion Hammer"},{"not_picked":["Tiny House","Calling Bell"],"picked":"Black Star"}],"items_purged_floors":[14,54],"is_endless":false,"potions_floor_spawned":[1,4,6,22,23,30,33,42,46,47],"ascension_level":20}}