{"host":"j4g6ia6asvpyu2b0","time":1609796569,"event":{"mods":["BaseMod","Colored Map","Minty Spire (QoL Compilation)","Permanent Neow","Quick Restart","Relic Stats","StSLib","Unceasing Turn Reminder"],"gold_per_floor":[118,130,79,79,154,154,182,182,182,217,217,248,261,271,271,370,370,390,409,424,435,448,448,448],"floor_reached":23,"playtime":2197,"items_purged":[],"score":309,"play_id":"52dffba3-6ace-460e-b84a-00b31a65bebe","local_time":"20210104144249","is_ascension_mode":true,"campfire_choices":[{"data":"Bash","floor":6.0,"key":"SMITH"},{"floor":8.0,"key":"REST"},{"data":"Shockwave","floor":15.0,"key":"SMITH"}],"circlet_count":0,"master_deck":["Strike_R+1","Strike_R","Strike_R","Strike_R+1","Defend_R","Defend_R","Defend_R","Defend_R","Bash+1","Metallicize","Iron Wave","Anger","Pummel","Headbutt","Shockwave+1","True Grit","Twin Strike","Corruption","Armaments+1","Shrug It Off","Pummel","Disarm"],"relics":["Philosopher\u0027s Stone","Akabeko","Eternal Feather","Blood Vial","The Courier","Black Star"],"acts_visited":["Exordium","TheCity"],"potions_floor_usage":[19,19,21],"damage_taken":[{"damage":7.0,"enemies":"2 Louse","floor":1.0,"turns":2.0},{"damage":8.0,"enemies":"Jaw Worm","floor":2.0,"turns":3.0},{"damage":11.0,"enemies":"Lagavulin","floor":7.0,"turns":7.0},{"damage":14.0,"enemies":"3 Sentries","floor":10.0,"turns":7.0},{"damage":0.0,"enemies":"Lagavulin","floor":12.0,"turns":4.0},{"damage":5.0,"enemies":"Small Slimes","floor":13.0,"turns":3.0},{"damage":0.0,"enemies":"Blue Slaver","floor":14.0,"turns":1.0},{"damage":17.0,"enemies":"Hexaghost","floor":16.0,"turns":8.0},{"damage":5,"enemies":"Chosen","floor":18,"turns":2},{"damage":11,"enemies":"Shell Parasite","floor":19,"turns":4},{"damage":37,"enemies":"Sentry and Sphere","floor":20,"turns":6},{"damage":0,"enemies":"Snake Plant","floor":21,"turns":2},{"damage":19,"enemies":"Centurion and Healer","floor":22,"turns":6},{"damage":8,"enemies":"Gremlin Leader","floor":23,"turns":1}],"seed_played":"6541454282958879697","potions_obtained":[{"floor":7.0,"key":"SpeedPotion"},{"floor":12.0,"key":"DistilledChaos"},{"floor":14.0,"key":"Swift Potion"},{"floor":19,"key":"SteroidPotion"},{"floor":21,"key":"SpeedPotion"}],"is_trial":false,"path_per_floor":["M","M","$","?","?","R","E","R","T","E","?","E","M","M","R","B",null,"M","M","M","M","M","E"],"character_chosen":"IRONCLAD","items_purchased":["Anger"],"campfire_rested":1,"item_purchase_floors":[3],"current_hp_per_floor":[65,57,57,41,30,30,19,43,43,29,29,31,28,30,39,24,66,63,54,19,21,4,0,0],"gold":448,"neow_bonus":"BOSS_RELIC","is_daily":false,"chose_seed":false,"campfire_upgraded":2,"win_rate":0.0,"timestamp":1609796569,"path_taken":["M","M","$","?","?","R","E","R","T","E","?","E","M","?","R","BOSS","M","M","M","M","M","E"],"items_purchased_type":["Card"],"build_version":"2020-12-22","purchased_purges":0,"victory":false,"max_hp_per_floor":[80,80,80,80,80,80,80,80,80,80,80,80,80,80,80,80,80,80,80,80,80,80,80,80],"relic_stats":{"Blood Vial":20,"counters":[14,56],"Eternal Feather":9,"Black Star":0,"obtain_stats":[{"Blood Vial":10,"Philosopher\u0027s Stone":0,"Eternal Feather":9,"The Courier":12,"Black Star":17,"Burning Blood":0,"Akabeko":7},{"Blood Vial":4,"Philosopher\u0027s Stone":0,"Eternal Feather":3,"The Courier":5,"Black Star":8,"Burning Blood":0,"Akabeko":3},{"Blood Vial":19,"Philosopher\u0027s Stone":0,"Eternal Feather":12,"The Courier":23,"Black Star":35,"Burning Blood":0,"Akabeko":12}]},"card_choices":[{"not_picked":["Armaments","Shrug It Off"],"picked":"Metallicize","floor":1.0},{"not_picked":["Bloodletting","Clash"],"picked":"Iron Wave","floor":2.0},{"not_picked":["Cleave","Clash"],"picked":"Pummel","floor":7.0},{"not_picked":["Rage","Thunderclap"],"picked":"Headbutt","floor":10.0},{"not_picked":["Rupture","Rampage"],"picked":"True Grit","floor":12.0},{"not_picked":["Anger","Thunderclap"],"picked":"Twin Strike","floor":13.0},{"not_picked":["Anger","Blood for Blood","Cleave"],"picked":"SKIP","floor":14.0},{"not_picked":["Juggernaut","Impervious"],"picked":"Corruption","floor":16.0},{"not_picked":["Sword Boomerang","Wild Strike"],"picked":"Armaments+1","floor":18},{"not_picked":["Anger","Thunderclap+1"],"picked":"Shrug It Off","floor":19},{"not_picked":["Headbutt","Armaments"],"picked":"Pummel","floor":20},{"not_picked":["Anger","Clothesline"],"picked":"Disarm","floor":21},{"not_picked":["Anger+1","Cleave+1","Combust+1"],"picked":"SKIP","floor":22}],"player_experience":705328,"relics_obtained":[{"floor":7.0,"key":"Akabeko"},{"floor":9.0,"key":"Eternal Feather"},{"floor":10.0,"key":"Blood Vial"},{"floor":12.0,"key":"The Courier"}],"event_choices":[{"damage_healed":0.0,"max_hp_gain":0.0,"max_hp_loss":0.0,"gold_gain":0.0,"event_name":"Shining Light","player_choice":"Entered Light","floor":4.0,"gold_loss":0.0,"damage_taken":16.0,"cards_upgraded":["Strike_R","Strike_R"]},{"damage_healed":0.0,"max_hp_gain":0.0,"max_hp_loss":0.0,"gold_gain":75.0,"event_name":"World of Goop","player_choice":"Gather Gold","floor":5.0,"gold_loss":0.0,"damage_taken":11.0},{"damage_healed":0.0,"max_hp_gain":0.0,"max_hp_loss":0.0,"gold_gain":0.0,"cards_transformed":["Strike_R"],"event_name":"Living Wall","player_choice":"Change","floor":11.0,"gold_loss":0.0,"damage_taken":0.0,"cards_obtained":["Shockwave"]}],"is_beta":false,"boss_relics":[{"not_picked":["Calling Bell","Empty Cage"],"picked":"Black Star"}],"items_purged_floors":[],"is_endless":false,"potions_floor_spawned":[7,12,14,16,19,21],"killed_by":"Gremlin Leader","ascension_level":6}}