{"host":"eemx8njkng76fu5x","time":1609769192,"event":{"mods":["2.2 Compatiblity","BaseMod","Downfall","Minty Spire (QoL Compilation)","Permanent Neow","StSLib","Unceasing Turn Reminder","Unknown Chances"],"gold_per_floor":[99,118,218,232,302,315,342,342,132,158,158,176,101,130,150,222,222,222,236,254,254,264,264,335,348,273,303,27,45,79,99,109,187,187,112,162,180,199,216,216,216,76,76,91,103,0,0,20,36,36],"floor_reached":51,"playtime":2045,"items_purged":["Slimebound:Icky","champ:Strike","champ:BringItOn"],"score":1405,"play_id":"53cb8cc3-045a-4b19-bd0e-5269e0091663","local_time":"20210104220632","is_ascension_mode":true,"campfire_choices":[{"data":"champ:Taunt","floor":1.0,"key":"SMITH"},{"data":"champ:TornadoPunch","floor":8.0,"key":"SMITH"},{"floor":11.0,"key":"RECALL"},{"data":"champ:DefensiveStyle","floor":13.0,"key":"SMITH"},{"data":"champ:HoldFirm","floor":18.0,"key":"SMITH"},{"data":"champ:Lariat","floor":23.0,"key":"SMITH"},{"data":"champ:FocusedDefense","floor":26.0,"key":"SMITH"},{"data":"champ:HoldFirm","floor":35.0,"key":"SMITH"},{"data":"champ:HoldFirm","floor":40.0,"key":"SMITH"},{"data":"champ:EnGarde","floor":43,"key":"SMITH"},{"floor":47,"key":"REST"}],"circlet_count":0,"master_deck":["AscendersBane","champ:Strike","champ:Strike","champ:Strike","champ:Defend","champ:Defend","champ:Defend","champ:Defend","champ:Taunt+1","champ:TornadoPunch+1","champ:Circumvent","champ:FocusedDefense+1","champ:DefensiveStyle+1","champ:EnGarde","champ:HoldFirm+1","champ:Circumvent","champ:Lariat+1","champ:Lariat+1","champ:TornadoPunch","champ:HoldFirm+1","champ:EnGarde+1","champ:HoldFirm+1","champ:FalseCounter+1","champ:DefensiveStyle+1","champ:FocusedDefense","champ:Lariat+1"],"relics":["champ:ChampionCrown","Mercury Hourglass","Guardian:PocketSentry","Ginger","downfall:HeartBlessingRed","Question Card","SlaversCollar","downfall:HeartBlessingBlue","Gremlin Horn","Strawberry","Cursed Key","downfall:HeartBlessingGreen"],"acts_visited":["Exordium","TheCity","TheBeyond"],"potions_floor_usage":[],"damage_taken":[{"damage":7.0,"enemies":"Jaw Worm","floor":2.0,"turns":4.0},{"damage":7.0,"enemies":"Cultist","floor":4.0,"turns":5.0},{"damage":5.0,"enemies":"2 Louse","floor":6.0,"turns":2.0},{"damage":9.0,"enemies":"downfall:FleeingMerchant","floor":9.0,"turns":4.0},{"damage":28.0,"enemies":"Gremlin Nob","floor":10.0,"turns":6.0},{"damage":0.0,"enemies":"Red Slaver","floor":12.0,"turns":3.0},{"damage":10.0,"enemies":"3 Sentries","floor":14.0,"turns":4.0},{"damage":0.0,"enemies":"Large Slime","floor":15.0,"turns":3.0},{"damage":24.0,"enemies":"downfall:Ironclad","floor":16.0,"turns":9.0},{"damage":0.0,"enemies":"Spheric Guardian","floor":19.0,"turns":5.0},{"damage":0.0,"enemies":"Shell Parasite","floor":20.0,"turns":7.0},{"damage":1.0,"enemies":"Centurion and Healer","floor":22.0,"turns":11.0},{"damage":3.0,"enemies":"Cultist and Chosen","floor":25.0,"turns":6.0},{"damage":1.0,"enemies":"Book of Stabbing","floor":27.0,"turns":6.0},{"damage":0.0,"enemies":"downfall:FleeingMerchant","floor":28.0,"turns":4.0},{"damage":8.0,"enemies":"Snake Plant","floor":29.0,"turns":4.0},{"damage":0.0,"enemies":"Slavers","floor":30.0,"turns":3.0},{"damage":0.0,"enemies":"Snecko","floor":31.0,"turns":4.0},{"damage":0.0,"enemies":"3 Cultists","floor":32.0,"turns":5.0},{"damage":2.0,"enemies":"downfall:Silent","floor":33.0,"turns":10.0},{"damage":1.0,"enemies":"3 Darklings","floor":37.0,"turns":7.0},{"damage":0.0,"enemies":"Orb Walker","floor":38.0,"turns":4.0},{"damage":32.0,"enemies":"Jaw Worm Horde","floor":39.0,"turns":5.0},{"damage":0,"enemies":"downfall:FleeingMerchant","floor":42,"turns":4},{"damage":0,"enemies":"4 Shapes","floor":44,"turns":4},{"damage":33,"enemies":"Transient","floor":45,"turns":5},{"damage":0,"enemies":"downfall:FleeingMerchant","floor":46,"turns":4},{"damage":6,"enemies":"Sphere and 2 Shapes","floor":48,"turns":3},{"damage":18,"enemies":"Jaw Worm Horde","floor":49,"turns":4},{"damage":0,"enemies":"downfall:Watcher","floor":50,"turns":8}],"seed_played":"-6131921447714820681","potions_obtained":[{"floor":4.0,"key":"LiquidBronze"},{"floor":12.0,"key":"SpeedPotion"},{"floor":15.0,"key":"sneckomod:MuddlingPotion"},{"floor":19.0,"key":"Block Potion"},{"floor":29.0,"key":"champ:OpenerPotion"},{"floor":32.0,"key":"Guardian:BlockOnCardUsePotion"},{"floor":37.0,"key":"SpeedPotion"}],"is_trial":false,"path_per_floor":["R","M","?","M","T","M","T","R","$","E","R","M","R","E","M","B",null,"R","M","M","?","M","R","T","M","R","E","$","M","E","M","M","B",null,"R","?","M","M","M","R","T","$","R","M","M","$","R","M","M","B",null],"character_chosen":"THE_CHAMP","items_purchased":["champ:DefensiveStyle","champ:EnGarde","champ:HoldFirm","champ:FocusedDefense"],"campfire_rested":1,"item_purchase_floors":[9,9,28,46],"current_hp_per_floor":[73,71,71,69,69,69,69,69,65,37,37,37,37,27,27,3,62,62,62,62,62,61,61,61,58,68,67,67,59,66,66,66,64,90,90,90,89,89,57,57,57,57,57,57,24,24,53,47,29,29],"gold":36,"neow_bonus":"THREE_CARDS","is_daily":false,"chose_seed":false,"campfire_upgraded":9,"win_rate":0.0,"timestamp":1609769192,"path_taken":["R","M","?","M","?","?","T","R","$","E","R","M","R","E","M","BOSS","R","M","M","?","?","R","T","M","R","E","$","M","E","M","M","BOSS","R","?","M","M","M","R","T","?","R","M","M","$","R","M","M","BOSS"],"items_purchased_type":["Card","Card","Card","Card"],"build_version":"2020-12-22","purchased_purges":3,"victory":true,"max_hp_per_floor":[81,81,81,81,81,81,81,81,81,81,81,81,81,81,81,81,81,81,81,81,81,81,81,81,81,91,91,91,91,98,98,98,98,98,98,98,98,98,98,98,98,98,98,98,98,98,98,98,98,98],"card_choices":[{"not_picked":["champ:Haymaker","champ:BringItOn"],"picked":"champ:TornadoPunch","floor":0.0},{"not_picked":["champ:BladeFlurry","champ:EndlessRage","champ:HeartStrike"],"picked":"SKIP","floor":2.0},{"not_picked":["champ:FalseCounter","champ:PerfectedStrike"],"picked":"champ:Circumvent","floor":4.0},{"not_picked":["champ:ArenaPreparation","champ:BerserkersShout","champ:AdrenalArmor"],"picked":"SKIP","floor":6.0},{"not_picked":["champ:DefensiveShout","champ:FalseCounter"],"picked":"champ:FocusedDefense","floor":9.0},{"not_picked":["champ:EndlessRage","champ:StanceDance","champ:BerserkersShout"],"picked":"SKIP","floor":10.0},{"not_picked":["champ:FlashCut","champ:AdrenalArmor","champ:ShieldSigil"],"picked":"SKIP","floor":12.0},{"not_picked":["champ:DeathBlow","champ:Control"],"picked":"champ:BringItOn","floor":14.0},{"not_picked":["champ:DancingMaster","champ:Backstep","champ:BladeFlurry","champ:Shatter"],"picked":"SKIP","floor":15.0},{"not_picked":["champ:EnchantSword","champ:SteelEdge","champ:VampiricStrike"],"picked":"champ:HoldFirm","floor":16.0},{"not_picked":["champ:AdrenalArmor","champ:RisingSlash","champ:Haymaker"],"picked":"champ:Circumvent","floor":19.0},{"not_picked":["champ:Haymaker","champ:ViciousMockery","champ:ShieldSigil","champ:GutPunch"],"picked":"SKIP","floor":20.0},{"not_picked":["champ:DefensiveShout","champ:AdrenalArmor","champ:ShieldSigil"],"picked":"champ:Lariat","floor":22.0},{"not_picked":["champ:CrookedStrike","champ:ShieldSigil","champ:SwordSigil"],"picked":"champ:Lariat+1","floor":25.0},{"not_picked":["champ:PerfectedStrike","champ:GutPunch","champ:Control+1","champ:AdrenalArmor"],"picked":"SKIP","floor":27.0},{"not_picked":["champ:RageSigil","champ:EndlessRage","champ:Circumvent"],"picked":"champ:TornadoPunch","floor":28.0},{"not_picked":["champ:ShieldSigil+1","champ:FanOfKnives","champ:PerfectedStrike+1","champ:DancingMaster"],"picked":"SKIP","floor":29.0},{"not_picked":["champ:DefensiveShout","champ:GutPunch","champ:PerfectedStrike","champ:HeartStrike"],"picked":"SKIP","floor":30.0},{"not_picked":["champ:PerfectedStrike","champ:StanceDance","champ:HeartStrike","champ:FanOfKnives+1"],"picked":"SKIP","floor":31.0},{"not_picked":["champ:CrookedStrike","champ:FanOfKnives","champ:HeartStrike"],"picked":"champ:EnGarde","floor":32.0},{"not_picked":["champ:PerfectForm","champ:CrownThrow","champ:EnchantSword"],"picked":"champ:HoldFirm","floor":33.0},{"not_picked":["champ:CrookedStrike","champ:DefensiveShout","champ:BladeFlurry","champ:FocusedBerserking"],"picked":"SKIP","floor":37.0},{"not_picked":["champ:FocusedGladiator","champ:BladeFlurry","champ:StanceDance+1","champ:ShieldSigil+1"],"picked":"SKIP","floor":38.0},{"not_picked":["champ:Encircle+1","champ:FlashCut","champ:ArenaPreparation"],"picked":"champ:FalseCounter+1","floor":39.0},{"not_picked":["champ:GutPunch","champ:Devastate","champ:DefensiveShout","champ:Aggression+1"],"picked":"SKIP","floor":42},{"not_picked":["champ:TornadoPunch","champ:Shatter","champ:FanOfKnives","champ:CheapShot"],"picked":"SKIP","floor":44},{"not_picked":["champ:PerfectedStrike","champ:BerserkersShout","champ:CrookedStrike"],"picked":"champ:DefensiveStyle+1","floor":45},{"not_picked":["champ:GladiatorsShout","champ:PerfectedStrike","champ:FlashCut","champ:Devastate"],"picked":"SKIP","floor":46},{"not_picked":["champ:FightOn","champ:BringItOn","champ:FlashCut+1"],"picked":"champ:Lariat+1","floor":48},{"not_picked":["champ:GutPunch","champ:StanceDance+1","champ:FocusedBerserking","champ:DeathBlow+1"],"picked":"SKIP","floor":49}],"player_experience":452927,"relics_obtained":[{"floor":5.0,"key":"Mercury Hourglass"},{"floor":7.0,"key":"Guardian:PocketSentry"},{"floor":10.0,"key":"Ginger"},{"floor":14.0,"key":"Question Card"},{"floor":27.0,"key":"Gremlin Horn"},{"floor":30.0,"key":"Strawberry"}],"event_choices":[{"cards_removed":["champ:Execute"],"damage_healed":0.0,"max_hp_gain":0.0,"max_hp_loss":0.0,"gold_gain":0.0,"event_name":"Purifier","player_choice":"Purged","floor":21.0,"gold_loss":0.0,"damage_taken":0.0}],"is_beta":false,"boss_relics":[{"not_picked":["expansioncontent:StudyCardRelic","Black Star"],"picked":"SlaversCollar"},{"not_picked":["Velvet Choker","Sozu"],"picked":"Cursed Key"}],"items_purged_floors":[9,28,42],"is_endless":false,"potions_floor_spawned":[4,12,15,19,25,29,32,37,38,44,45],"ascension_level":16}}