{"host":"p4zclu0beiy6gkiq","time":1609786440,"event":{"mods":["AchievementEnabler","BaseMod","Bestiary","Colored Map","Colored Powertips","DeckTracker","Minty Spire (QoL Compilation)","Quick Restart","StSLib","SuperFastMode","The Cursed"],"gold_per_floor":[11,11,11,30,105,105,134,134,134,166,177,192,192,192,192,313,313,331,256,280,280,293,293,326,326,326,326,341,360,90,90,90,211,211,235,295,295,295,316,357,357,388,388,402,415,415,36,52,52,52,52,52,0,44,44],"floor_reached":56,"playtime":11458,"items_purged":["Defend_B","Strike_B"],"score":1434,"play_id":"adf2e0b1-be63-4076-bfbd-0d43371b26b2","local_time":"20210105035400","is_ascension_mode":true,"campfire_choices":[{"data":"Zap","floor":6.0,"key":"SMITH"},{"floor":15.0,"key":"REST"},{"data":"Rainbow","floor":23.0,"key":"SMITH"},{"data":"Heatsinks","floor":25.0,"key":"SMITH"},{"data":"Sunder","floor":27.0,"key":"SMITH"},{"data":"All For One","floor":32.0,"key":"SMITH"},{"data":"1","floor":41.0,"key":"LIFT"},{"floor":46.0,"key":"RECALL"},{"data":"2","floor":49.0,"key":"LIFT"},{"data":"3","floor":52.0,"key":"LIFT"}],"circlet_count":0,"master_deck":["Defend_B","Zap+1","Dualcast","Heatsinks+1","Rainbow+1","Turbo+1","Cold Snap","Genetic Algorithm+1","Coolheaded+1","Genetic Algorithm+1","Double Energy+1","Echo Form+1","All For One+1","Loop+1","Turbo+1","Sunder+1","Coolheaded+1","Steam Power+1","Hologram+1","Echo Form+1","Echo Form+1","Redo+1","Streamline+1","Redo+1","Tempest+1","Biased Cognition+1","Redo+1","Hologram+1","Chaos+1","Machine Learning+1"],"relics":["Cracked Core","Frozen Egg 2","Ice Cream","Toxic Egg 2","Golden Idol","Coffee Dripper","Centennial Puzzle","Gambling Chip","DollysMirror","SlaversCollar","Girya","White Beast Statue","InkBottle","Blue Candle","Bag of Marbles"],"acts_visited":["Exordium","TheCity","TheBeyond","TheEnding"],"potions_floor_usage":[55,55,55],"damage_taken":[{"damage":0.0,"enemies":"2 Louse","floor":1.0,"turns":2.0},{"damage":0.0,"enemies":"Cultist","floor":4.0,"turns":3.0},{"damage":40.0,"enemies":"3 Sentries","floor":7.0,"turns":7.0},{"damage":13.0,"enemies":"Lagavulin","floor":10.0,"turns":6.0},{"damage":8.0,"enemies":"Jaw Worm","floor":11.0,"turns":2.0},{"damage":0.0,"enemies":"Red Slaver","floor":12.0,"turns":2.0},{"damage":4.0,"enemies":"The Guardian","floor":16.0,"turns":13.0},{"damage":9.0,"enemies":"2 Thieves","floor":18.0,"turns":4.0},{"damage":0.0,"enemies":"3 Byrds","floor":20.0,"turns":3.0},{"damage":5.0,"enemies":"Cultist and Chosen","floor":22.0,"turns":6.0},{"damage":37.0,"enemies":"Book of Stabbing","floor":24.0,"turns":6.0},{"damage":8.0,"enemies":"Snake Plant","floor":28.0,"turns":3.0},{"damage":5.0,"enemies":"3 Cultists","floor":29.0,"turns":5.0},{"damage":0.0,"enemies":"Champ","floor":33.0,"turns":6.0},{"damage":14.0,"enemies":"3 Darklings","floor":35.0,"turns":3.0},{"damage":0.0,"enemies":"2 Orb Walkers","floor":36.0,"turns":4.0},{"damage":3.0,"enemies":"Orb Walker","floor":39.0,"turns":5.0},{"damage":2.0,"enemies":"Giant Head","floor":40.0,"turns":7.0},{"damage":0.0,"enemies":"Reptomancer","floor":42.0,"turns":3.0},{"damage":9.0,"enemies":"Spire Growth","floor":44.0,"turns":8.0},{"damage":0.0,"enemies":"Transient","floor":45.0,"turns":5.0},{"damage":0.0,"enemies":"Maw","floor":48.0,"turns":4.0},{"damage":29.0,"enemies":"Time Eater","floor":50.0,"turns":8.0},{"damage":9,"enemies":"Shield and Spear","floor":54,"turns":4},{"damage":41,"enemies":"The Heart","floor":55,"turns":5}],"seed_played":"-8832081017576869164","potions_obtained":[{"floor":4.0,"key":"Ancient Potion"},{"floor":11.0,"key":"GamblersBrew"},{"floor":16.0,"key":"EssenceOfDarkness"},{"floor":18.0,"key":"SneckoOil"},{"floor":20.0,"key":"Block Potion"},{"floor":28.0,"key":"BlessingOfTheForge"},{"floor":36.0,"key":"BlessingOfTheForge"},{"floor":40.0,"key":"FocusPotion"},{"floor":42.0,"key":"PowerPotion"},{"floor":44.0,"key":"LiquidMemories"},{"floor":45.0,"key":"FocusPotion"},{"floor":54,"key":"Swift Potion"}],"is_trial":false,"path_per_floor":["M","?","$","M","?","R","E","?","T","E","M","M","?","?","R","B",null,"M","?","M","?","M","R","E","R","T","R","M","M","$","?","R","B",null,"M","?","?","?","M","E","R","E","T","M","M","R","$","M","R","B",null,"R","$","E","B",null],"character_chosen":"DEFECT","items_purchased":["Hologram+1","DollysMirror","Blue Candle","Hologram+1","PowerPotion"],"campfire_rested":1,"item_purchase_floors":[30,30,47,47,53],"current_hp_per_floor":[75,75,75,75,64,64,24,24,24,11,3,3,3,3,23,19,69,60,60,60,60,55,55,18,18,18,18,10,5,5,5,5,5,69,55,55,55,55,52,50,50,50,50,41,41,41,41,41,41,12,69,69,69,60,19],"gold":44,"neow_bonus":"TRANSFORM_TWO_CARDS","is_daily":false,"chose_seed":false,"campfire_upgraded":5,"win_rate":0.0,"timestamp":1609786440,"path_taken":["M","?","$","?","?","R","E","?","T","E","?","M","?","?","R","BOSS","M","?","M","?","M","R","E","R","T","R","?","?","$","?","R","BOSS","M","?","?","?","M","E","R","E","T","?","M","R","$","M","R","BOSS","R","$","E","BOSS"],"items_purchased_type":["Card","Relic","Relic","Card","Potion"],"build_version":"2020-12-22","purchased_purges":2,"victory":true,"max_hp_per_floor":[75,75,75,75,75,75,75,75,75,75,75,75,69,69,69,69,69,69,69,69,69,69,69,69,69,69,69,69,69,69,69,69,69,69,69,69,69,69,69,69,69,69,69,69,69,69,69,69,69,69,69,69,69,69,69],"card_choices":[{"not_picked":["Compile Driver","Redo"],"picked":"Turbo","floor":1.0},{"not_picked":["Barrage","Darkness"],"picked":"Cold Snap","floor":4.0},{"not_picked":["Compile Driver","Barrage"],"picked":"Genetic Algorithm","floor":7.0},{"not_picked":["Rebound","Redo+1"],"picked":"Coolheaded+1","floor":10.0},{"not_picked":["Self Repair+1","Stack+1"],"picked":"Genetic Algorithm+1","floor":11.0},{"not_picked":["Storm+1","Rebound"],"picked":"Double Energy+1","floor":12.0},{"not_picked":["Rainbow+1","Hyperbeam"],"picked":"All For One","floor":16.0},{"not_picked":["Stack+1","Cold Snap+1"],"picked":"Loop+1","floor":18.0},{"not_picked":["Barrage","Rebound+1"],"picked":"Turbo+1","floor":20.0},{"not_picked":["Conserve Battery+1","Stack+1"],"picked":"Double Energy+1","floor":22.0},{"not_picked":["Leap+1","Consume+1"],"picked":"Sunder","floor":24.0},{"not_picked":["Rainbow+1","Beam Cell"],"picked":"Coolheaded+1","floor":28.0},{"not_picked":["Go for the Eyes","Conserve Battery+1"],"picked":"Steam Power+1","floor":29.0},{"not_picked":["Multi-Cast+1","Core Surge"],"picked":"Echo Form+1","floor":33.0},{"not_picked":["Sweeping Beam+1","Hello World+1"],"picked":"Redo+1","floor":35.0},{"not_picked":["Steam+1","Gash+1"],"picked":"Streamline+1","floor":36.0},{"not_picked":["Steam+1","Auto Shields+1"],"picked":"Redo+1","floor":39.0},{"not_picked":["Sweeping Beam","Consume+1"],"picked":"Tempest+1","floor":40.0},{"not_picked":["Cold Snap","Electrodynamics+1"],"picked":"Biased Cognition+1","floor":42.0},{"not_picked":["Stack+1","Ball Lightning+1","Cold Snap+1"],"picked":"SKIP","floor":44.0},{"not_picked":["White Noise+1","Chill+1"],"picked":"Redo+1","floor":45.0},{"not_picked":["Turbo+1","Beam Cell+1"],"picked":"Chaos+1","floor":48.0},{"not_picked":["Thunder Strike","Stack+1"],"picked":"Machine Learning+1","floor":54}],"player_experience":204980,"relics_obtained":[{"floor":7.0,"key":"Frozen Egg 2"},{"floor":9.0,"key":"Ice Cream"},{"floor":10.0,"key":"Toxic Egg 2"},{"floor":24.0,"key":"Centennial Puzzle"},{"floor":26.0,"key":"Gambling Chip"},{"floor":36.0,"key":"Girya"},{"floor":40.0,"key":"White Beast Statue"},{"floor":42.0,"key":"InkBottle"},{"floor":54,"key":"Bag of Marbles"}],"event_choices":[{"damage_healed":0.0,"max_hp_gain":0.0,"max_hp_loss":0.0,"gold_gain":0.0,"event_name":"Upgrade Shrine","player_choice":"Upgraded","floor":2.0,"gold_loss":0.0,"damage_taken":0.0,"cards_upgraded":["Turbo"]},{"damage_healed":0.0,"max_hp_gain":0.0,"max_hp_loss":0.0,"gold_gain":75.0,"event_name":"World of Goop","player_choice":"Gather Gold","floor":5.0,"gold_loss":0.0,"damage_taken":11.0},{"damage_healed":0.0,"max_hp_gain":0.0,"max_hp_loss":0.0,"gold_gain":0.0,"event_name":"Upgrade Shrine","player_choice":"Upgraded","floor":8.0,"gold_loss":0.0,"damage_taken":0.0,"cards_upgraded":["Genetic Algorithm"]},{"damage_healed":0.0,"max_hp_gain":0.0,"max_hp_loss":6.0,"gold_gain":0.0,"event_name":"Golden Idol","player_choice":"Lose Max HP","floor":13.0,"gold_loss":0.0,"damage_taken":0.0,"relics_obtained":["Golden Idol"]},{"damage_healed":0.0,"max_hp_gain":0.0,"max_hp_loss":0.0,"gold_gain":0.0,"cards_transformed":["Strike_B"],"event_name":"Transmorgrifier","player_choice":"Transformed","floor":14.0,"gold_loss":0.0,"damage_taken":0.0,"cards_obtained":["Echo Form"]},{"cards_removed":["Strike_B"],"damage_healed":0.0,"max_hp_gain":0.0,"max_hp_loss":0.0,"gold_gain":0.0,"event_name":"Beggar","player_choice":"Gave Gold","floor":19.0,"gold_loss":75.0,"damage_taken":0.0},{"damage_healed":0.0,"max_hp_gain":0.0,"max_hp_loss":0.0,"gold_gain":0.0,"event_name":"N\u0027loth","player_choice":"Ignored","floor":21.0,"gold_loss":0.0,"damage_taken":0.0},{"cards_removed":["Strike_B"],"damage_healed":0.0,"max_hp_gain":0.0,"max_hp_loss":0.0,"gold_gain":0.0,"event_name":"Wheel of Change","player_choice":"Card Removal","floor":31.0,"gold_loss":0.0,"damage_taken":0.0},{"damage_healed":0.0,"max_hp_gain":0.0,"max_hp_loss":0.0,"gold_gain":0.0,"event_name":"Mysterious Sphere","player_choice":"Fight","floor":36.0,"gold_loss":0.0,"damage_taken":0.0},{"cards_removed":["Double Energy"],"damage_healed":0.0,"max_hp_gain":0.0,"max_hp_loss":0.0,"gold_gain":0.0,"event_name":"Falling","player_choice":"Removed Skill","floor":37.0,"gold_loss":0.0,"damage_taken":0.0},{"damage_healed":0.0,"max_hp_gain":0.0,"max_hp_loss":0.0,"gold_gain":0.0,"event_name":"Tomb of Lord Red Mask","player_choice":"Ignored","floor":38.0,"gold_loss":0.0,"damage_taken":0.0}],"is_beta":false,"boss_relics":[{"not_picked":["Runic Dome","Inserter"],"picked":"Coffee Dripper"},{"not_picked":["Black Star","Cursed Key"],"picked":"SlaversCollar"}],"items_purged_floors":[30,47],"is_endless":false,"potions_floor_spawned":[4,11,16,18,20,28,36,40,42,44,45,48,54],"ascension_level":3}}