{"host":"uyrebrj0204enqpc","time":1609796858,"event":{"mods":["Act Like it!","Bard","BaseMod","Block Reminder","Challenge The Spire","Colored Map","Colored Powertips","DeckTracker","Downfall","GifTheSpireLib","HexUI Lib","Highlight Path","Hubris","Infinite Spire","Minty Spire (QoL Compilation)","Pale of the Ancients","Quick Restart","Random Character Button","Relic Sorter","Relic Stats","Replay The Spire","Shop Mod","StSLib","The Blue Laboratory","The Bug Knight","The Cursed","The Jungle","The Marked","Wandering Minibosses"],"gold_per_floor":[118,118,135,185,147,159,203,215,253,265,277,307,358,25,25,33,33,33],"floor_reached":16,"playtime":778,"items_purged":["Normality"],"score":144,"play_id":"928ed7e2-4963-4b3d-9cba-ec305161d4ea","local_time":"20210104164738","is_ascension_mode":true,"campfire_choices":[{"data":"Guardian:TwinSlam","floor":6.0,"key":"SMITH"},{"data":"Guardian:SphericShield","floor":8,"key":"SMITH"},{"data":"Guardian:ChargeCore","floor":11,"key":"SMITH"},{"data":"Guardian:Planning","floor":15,"key":"SMITH"}],"circlet_count":0,"master_deck":["Guardian:Strike_Guardian","Guardian:Strike_Guardian","Guardian:Strike_Guardian","Guardian:Defend_Guardian","Guardian:Defend_Guardian","Guardian:Defend_Guardian","Guardian:Defend_Guardian","Guardian:CurlUp","Guardian:TwinSlam+1","Guardian:ChargeCore+1","Guardian:SphericShield+1","TheCursedMod:Dregs","Guardian:TimeCapacitor","Guardian:TimeBomb","hubris:Lust","Guardian:Planning+1","Guardian:TimeCapacitor"],"relics":["Guardian:ModeShifter","NeowsBlessing","Ring of Greed","ReplayTheSpireMod:Ring of Collecting","MawBank","Replay:Bandana","hubris:MysteriousPyramids","Ring of Hypnosis","Guardian:DefensiveModeMoreBlock","hubris:FunFungus","Gambling Chip","Lantern"],"acts_visited":["Exordium"],"potions_floor_usage":[],"damage_taken":[{"damage":0.0,"enemies":"Cultist","floor":1.0,"turns":1.0},{"damage":0.0,"enemies":"2 Louse","floor":3.0,"turns":1.0},{"damage":0.0,"enemies":"HollowMod:MossKnight","floor":7.0,"turns":1.0},{"damage":3,"enemies":"Small Slimes","floor":12,"turns":4},{"damage":13,"enemies":"Replay:BlueRogue","floor":13,"turns":8},{"damage":65,"enemies":"Slime Boss","floor":16,"turns":12}],"seed_played":"-7452438614975844875","potions_obtained":[{"floor":1.0,"key":"blueLaboratory:HorrorPotion"},{"floor":3.0,"key":"blueLaboratory:CorrosionFlask"}],"is_trial":false,"path_per_floor":["M","?","M","?","?","R","E","R","T","?","R","M","E","$","R","B"],"character_chosen":"GUARDIAN","items_purchased":["Lantern","Guardian:Planning","Guardian:TimeCapacitor"],"campfire_rested":0,"item_purchase_floors":[14,14,14],"current_hp_per_floor":[80,80,80,80,80,80,80,80,80,73,73,71,58,58,58,0,0,0],"gold":33,"neow_bonus":"THREE_ENEMY_KILL","is_daily":false,"chose_seed":false,"campfire_upgraded":4,"win_rate":0.0,"timestamp":1609796858,"path_taken":["M","?","M","?","?","R","E","R","T","?","R","M","E","$","R","BOSS"],"items_purchased_type":["Relic","Card","Card"],"build_version":"2020-12-22","purchased_purges":1,"victory":false,"max_hp_per_floor":[80,80,80,80,80,80,80,80,80,80,80,80,80,80,80,80,80,80],"relic_stats":{"counters":[6,27],"Gambling Chip":[4],"MawBank":120,"obtain_stats":[{"Guardian:DefensiveModeMoreBlock":9,"Replay:Bandana":4,"Lantern":14,"NeowsBlessing":0,"Ring of Hypnosis":9,"ReplayTheSpireMod:Ring of Collecting":4,"Gambling Chip":13,"Guardian:ModeShifter":0,"hubris:FunFungus":10,"Ring of Greed":4,"hubris:MysteriousPyramids":7,"MawBank":4},{"Guardian:DefensiveModeMoreBlock":3,"Replay:Bandana":2,"Lantern":5,"NeowsBlessing":0,"Ring of Hypnosis":3,"ReplayTheSpireMod:Ring of Collecting":2,"Gambling Chip":5,"Guardian:ModeShifter":0,"hubris:FunFungus":3,"Ring of Greed":2,"hubris:MysteriousPyramids":3,"MawBank":2},{"Guardian:DefensiveModeMoreBlock":3,"Replay:Bandana":2,"Lantern":15,"NeowsBlessing":0,"Ring of Hypnosis":3,"ReplayTheSpireMod:Ring of Collecting":2,"Gambling Chip":15,"Guardian:ModeShifter":0,"hubris:FunFungus":3,"Ring of Greed":2,"hubris:MysteriousPyramids":3,"MawBank":2}]},"card_choices":[{"not_picked":["Guardian:PiercingHide","Guardian:Planning"],"picked":"Guardian:Gem_Yellow","floor":1.0},{"not_picked":["Guardian:Gem_Cyan","Guardian:ArmoredProtocol"],"picked":"Guardian:ChargeCore","floor":3.0},{"not_picked":["Guardian:MultiBeam","Guardian:Gem_Red"],"picked":"Guardian:SphericShield","floor":7},{"not_picked":["Guardian:ShieldCharger","Guardian:RollAttack"],"picked":"Guardian:TimeCapacitor","floor":12},{"not_picked":["Guardian:RevengeProtocol","Guardian:CrystalBeam"],"picked":"Guardian:TimeBomb","floor":13}],"player_experience":1039048,"relics_obtained":[{"floor":4.0,"key":"Ring of Greed"},{"floor":4.0,"key":"ReplayTheSpireMod:Ring of Collecting"},{"floor":4.0,"key":"MawBank"},{"floor":4.0,"key":"Replay:Bandana"},{"floor":7,"key":"hubris:MysteriousPyramids"},{"floor":9,"key":"Ring of Hypnosis"},{"floor":9,"key":"Guardian:DefensiveModeMoreBlock"},{"floor":13,"key":"Gambling Chip"}],"event_choices":[{"cards_removed":["CommonCold"],"damage_healed":0.0,"max_hp_gain":0.0,"max_hp_loss":0.0,"gold_gain":0.0,"event_name":"The Cleric","player_choice":"Card Removal","floor":5.0,"gold_loss":50.0,"damage_taken":0.0},{"damage_healed":0,"gold_gain":0,"player_choice":"Success","damage_taken":7,"relics_obtained":["hubris:FunFungus"],"max_hp_gain":0,"max_hp_loss":0,"event_name":"Scrap Ooze","floor":10,"gold_loss":0}],"is_beta":false,"boss_relics":[],"items_purged_floors":[14],"is_endless":false,"potions_floor_spawned":[1,3],"killed_by":"Slime Boss","ascension_level":2}}