{"host":"g5zc4ej6zn2at89o","time":1609739903,"event":{"mods":["2.2 Compatiblity","AchievementEnabler","BaseMod","Colored Map","DeckTracker","Highlight Path","KOR Keyword Fix","Keyboard Shortcuts","Minty Spire (QoL Compilation)","Permanent Neow","Quick Restart","Say the Spire","StSLib","SuperFastMode","everything is the same but u backflip on backflip"],"gold_per_floor":[20,20,20,72,92,92,107,127,175,195,71,114,128,28,28,157,157,173,191,191,205,10,10,41,41,41,41,82,96,96,112,112,240,240,260,278,90,113,132,132,165,189,189,189,209,209,209,225,225,225],"floor_reached":51,"playtime":3447,"items_purged":["Strike_G","Strike_G","Pain","Defend_G"],"score":929,"play_id":"c43b2aec-1b6b-4d9a-b742-7cc8cd15a4f8","local_time":"20210104145823","is_ascension_mode":true,"campfire_choices":[{"data":"Blade Dance","floor":6,"key":"SMITH"},{"data":"Finisher","floor":15,"key":"SMITH"},{"data":"Accuracy","floor":23,"key":"SMITH"},{"data":"After Image","floor":27,"key":"SMITH"},{"data":"Blade Dance","floor":32,"key":"SMITH"},{"floor":40,"key":"REST"},{"floor":44,"key":"REST"},{"floor":49,"key":"REST"}],"circlet_count":0,"master_deck":["Strike_G","Defend_G","Survivor","Neutralize","Poisoned Stab","Blade Dance+1","Backflip","All Out Attack","Slice","Blade Dance+1","Finisher+1","Venomology","PiercingWail+1","Blade Dance+1","Endless Agony+1","Accuracy+1","After Image+1","Leg Sweep","Choke+1","A Thousand Cuts","Backflip+1","Panache","Terror","Accuracy+1","Prepared+1","Parasite"],"relics":["Ring of the Snake","Golden Idol","Lantern","Nunchaku","Question Card","Black Star","WarpedTongs","Pocketwatch","Letter Opener","Bottled Lightning","Smiling Mask","The Courier","Empty Cage","Sundial","Tingsha","Happy Flower","Bottled Flame"],"acts_visited":["Exordium","TheCity","TheBeyond"],"potions_floor_usage":[7,16,19,21,24,24,30,31,33,33,33,35,38,38,41,45,50,50,50,50],"damage_taken":[{"damage":2,"enemies":"2 Louse","floor":1,"turns":2},{"damage":4,"enemies":"Small Slimes","floor":5,"turns":3},{"damage":0,"enemies":"Jaw Worm","floor":7,"turns":2},{"damage":8,"enemies":"Large Slime","floor":8,"turns":4},{"damage":10,"enemies":"Exordium Thugs","floor":10,"turns":4},{"damage":5,"enemies":"Gremlin Nob","floor":12,"turns":3},{"damage":0,"enemies":"Exordium Wildlife","floor":13,"turns":3},{"damage":28,"enemies":"The Guardian","floor":16,"turns":13},{"damage":0,"enemies":"Chosen","floor":18,"turns":1},{"damage":6,"enemies":"2 Thieves","floor":19,"turns":3},{"damage":10,"enemies":"Snecko","floor":21,"turns":2},{"damage":6,"enemies":"Gremlin Leader","floor":24,"turns":3},{"damage":0,"enemies":"Slavers","floor":28,"turns":4},{"damage":5,"enemies":"Cultist and Chosen","floor":29,"turns":4},{"damage":0,"enemies":"Snake Plant","floor":30,"turns":3},{"damage":0,"enemies":"3 Cultists","floor":31,"turns":3},{"damage":9,"enemies":"Collector","floor":33,"turns":3},{"damage":6,"enemies":"3 Darklings","floor":35,"turns":4},{"damage":0,"enemies":"Orb Walker","floor":36,"turns":1},{"damage":45,"enemies":"Transient","floor":38,"turns":5},{"damage":0,"enemies":"3 Darklings","floor":39,"turns":4},{"damage":0,"enemies":"Nemesis","floor":41,"turns":3},{"damage":15,"enemies":"4 Shapes","floor":42,"turns":4},{"damage":0,"enemies":"Sphere and 2 Shapes","floor":45,"turns":5},{"damage":1,"enemies":"Writhing Mass","floor":48,"turns":5},{"damage":34,"enemies":"Time Eater","floor":50,"turns":9}],"seed_played":"7258962436094570878","potions_obtained":[{"floor":7,"key":"Fruit Juice"},{"floor":12,"key":"Explosive Potion"},{"floor":13,"key":"GhostInAJar"},{"floor":16,"key":"Block Potion"},{"floor":19,"key":"Fire Potion"},{"floor":21,"key":"SmokeBomb"},{"floor":29,"key":"AttackPotion"},{"floor":31,"key":"DuplicationPotion"},{"floor":35,"key":"Fire Potion"},{"floor":36,"key":"PowerPotion"},{"floor":45,"key":"PowerPotion"}],"is_trial":false,"path_per_floor":["M","?","?","T","M","R","M","M","T","M","$","E","M","$","R","B",null,"M","M","?","M","$","R","E","?","T","R","E","M","M","M","R","B",null,"M","M","$","M","M","R","E","M","T","R","M","?","T","M","R","B",null],"character_chosen":"THE_SILENT","items_purchased":["Blade Dance","Accuracy","Panache"],"campfire_rested":3,"item_purchase_floors":[11,22,37],"current_hp_per_floor":[68,51,51,51,47,47,52,44,44,34,34,29,29,29,29,1,57,57,51,51,41,41,41,35,60,60,60,60,55,55,55,55,46,68,62,62,62,17,17,39,39,24,24,46,46,46,46,45,66,32],"gold":225,"neow_bonus":"REMOVE_TWO","is_daily":false,"chose_seed":false,"campfire_upgraded":5,"win_rate":0.0,"timestamp":1609739903,"path_taken":["M","?","?","?","M","R","M","M","T","M","$","E","M","$","R","BOSS","M","M","?","M","?","R","E","?","T","R","E","M","?","M","R","BOSS","M","M","$","M","?","R","E","M","T","R","M","?","?","M","R","BOSS"],"items_purchased_type":["Card","Card","Card"],"build_version":"2020-12-22","purchased_purges":4,"victory":true,"max_hp_per_floor":[70,70,70,70,70,70,75,75,75,75,75,75,75,75,75,75,75,75,75,75,75,75,75,75,75,75,75,75,75,75,75,75,75,75,75,75,75,75,75,75,75,75,75,75,75,71,71,71,71,71],"card_choices":[{"not_picked":["Blur","Prepared"],"picked":"Poisoned Stab","floor":1},{"not_picked":["Poisoned Stab","Deflect"],"picked":"Backflip","floor":5},{"not_picked":["Cloak And Dagger","Deadly Poison","Quick Slash"],"picked":"SKIP","floor":7},{"not_picked":["Cloak And Dagger","Deadly Poison","Quick Slash"],"picked":"SKIP","floor":7},{"not_picked":["Caltrops","Flechettes"],"picked":"All Out Attack","floor":8},{"not_picked":["Riddle With Holes","Deflect"],"picked":"Slice","floor":10},{"not_picked":["Noxious Fumes","Concentrate","Night Terror"],"picked":"SKIP","floor":12},{"not_picked":["Flechettes","Cloak And Dagger","Sucker Punch"],"picked":"Finisher","floor":13},{"not_picked":["Malaise","Night Terror","Unload"],"picked":"Venomology","floor":16},{"not_picked":["Eviscerate","Cloak And Dagger","Backflip+1"],"picked":"PiercingWail+1","floor":18},{"not_picked":["Underhanded Strike+1","Tools of the Trade","Heel Hook"],"picked":"Blade Dance+1","floor":19},{"not_picked":["Dodge and Roll","Noxious Fumes+1","Crippling Poison"],"picked":"Endless Agony+1","floor":21},{"not_picked":["Catalyst","Dash+1","Quick Slash"],"picked":"After Image","floor":24},{"not_picked":["Crippling Poison","Infinite Blades","Escape Plan","Setup"],"picked":"SKIP","floor":28},{"not_picked":["Deflect","Underhanded Strike+1","Crippling Poison"],"picked":"Leg Sweep","floor":29},{"not_picked":["Acrobatics","Catalyst+1","Well Laid Plans+1"],"picked":"Choke+1","floor":31},{"not_picked":["Doppelganger","Corpse Explosion","Glass Knife"],"picked":"A Thousand Cuts","floor":33},{"not_picked":["Dodge and Roll","Quick Slash+1","Heel Hook+1","Expertise"],"picked":"SKIP","floor":35},{"not_picked":["Flying Knee+1","Riddle With Holes","Flechettes+1"],"picked":"Backflip+1","floor":36},{"not_picked":["Choke+1","Flying Knee+1","Catalyst+1"],"picked":"Terror","floor":38},{"not_picked":["Backstab+1","Bane+1","Backflip"],"picked":"Accuracy+1","floor":39},{"not_picked":["Deadly Poison","Footwork+1","Bane+1"],"picked":"Prepared+1","floor":41},{"not_picked":["Bane+1","Backstab+1","Sucker Punch","Dagger Spray+1"],"picked":"SKIP","floor":42},{"not_picked":["Heel Hook","Prepared","Dodge and Roll+1","Slice"],"picked":"SKIP","floor":45},{"not_picked":["Flying Knee","Cloak And Dagger+1","All Out Attack+1","Acrobatics"],"picked":"SKIP","floor":48}],"player_experience":148610,"relics_obtained":[{"floor":4,"key":"Lantern"},{"floor":9,"key":"Nunchaku"},{"floor":12,"key":"Question Card"},{"floor":24,"key":"Pocketwatch"},{"floor":24,"key":"Letter Opener"},{"floor":26,"key":"Bottled Lightning"},{"floor":28,"key":"Smiling Mask"},{"floor":28,"key":"The Courier"},{"floor":41,"key":"Sundial"},{"floor":41,"key":"Tingsha"},{"floor":43,"key":"Happy Flower"},{"floor":47,"key":"Bottled Flame"}],"event_choices":[{"damage_healed":0,"gold_gain":0,"player_choice":"Take Damage","damage_taken":17,"relics_obtained":["Golden Idol"],"max_hp_gain":0,"max_hp_loss":0,"event_name":"Golden Idol","floor":2,"gold_loss":0},{"damage_healed":0,"gold_gain":0,"cards_transformed":["Defend_G"],"player_choice":"Change","damage_taken":0,"max_hp_gain":0,"max_hp_loss":0,"event_name":"Living Wall","floor":3,"gold_loss":0,"cards_obtained":["Blade Dance"]},{"damage_healed":0,"gold_gain":0,"player_choice":"Rummage","damage_taken":0,"relics_obtained":["WarpedTongs"],"max_hp_gain":0,"max_hp_loss":0,"event_name":"Accursed Blacksmith","floor":20,"gold_loss":0,"cards_obtained":["Pain"]},{"damage_healed":25,"gold_gain":0,"player_choice":"Heal","damage_taken":0,"max_hp_gain":0,"max_hp_loss":0,"event_name":"The Library","floor":25,"gold_loss":0},{"damage_healed":0,"gold_gain":0,"player_choice":"Max HP","damage_taken":0,"max_hp_gain":0,"max_hp_loss":4,"event_name":"Winding Halls","floor":46,"gold_loss":0}],"is_beta":false,"boss_relics":[{"not_picked":["Coffee Dripper","Calling Bell"],"picked":"Black Star"},{"not_picked":["Ring of the Serpent","Tiny House"],"picked":"Empty Cage"}],"items_purged_floors":[11,14,22,37],"is_endless":false,"potions_floor_spawned":[7,12,13,16,19,21,29,31,35,36,39,45],"ascension_level":5}}