{"host":"lpogke4cwz8zw1ju","time":1609797396,"event":{"mods":["Always Whale","BaseMod","Minty Spire (QoL Compilation)","Permanent Neow"],"gold_per_floor":[114,132,142,142,142,142,158,176,176,238,238,268,284,302,302,407,407,425,350,360,285,285,285,285,285,336,349,383,482,228,245,245,245,245],"floor_reached":33,"playtime":1954,"items_purged":["Defend_G","Strike_G"],"score":267,"play_id":"4eb61bc4-b2de-456e-a974-7c0e2c11b0af","local_time":"20210104225636","is_ascension_mode":false,"campfire_choices":[{"data":"Sucker Punch","floor":6,"key":"SMITH"},{"floor":11,"key":"REST"},{"floor":15,"key":"REST"},{"floor":23,"key":"REST"},{"data":"Blade Dance","floor":25,"key":"SMITH"},{"data":"Terror","floor":32,"key":"SMITH"}],"circlet_count":0,"master_deck":["Strike_G","Strike_G","Defend_G","Defend_G","Defend_G","Survivor","Neutralize","Blade Dance+1","Sucker Punch+1","PiercingWail","Deflect","Poisoned Stab+1","Quick Slash+1","Dagger Throw+1","Terror+1","Corpse Explosion","Prepared"],"relics":["Ring of the Snake","Eternal Feather","Molten Egg 2","Matryoshka","Runic Pyramid","Singing Bowl","Snake Skull","Meat on the Bone","Sling"],"acts_visited":["Exordium","TheCity"],"potions_floor_usage":[16,33],"damage_taken":[{"damage":2,"enemies":"Small Slimes","floor":1,"turns":3},{"damage":2,"enemies":"Jaw Worm","floor":2,"turns":4},{"damage":0,"enemies":"Cultist","floor":3,"turns":3},{"damage":6,"enemies":"Large Slime","floor":7,"turns":8},{"damage":0,"enemies":"2 Fungi Beasts","floor":8,"turns":4},{"damage":22,"enemies":"3 Sentries","floor":10,"turns":12},{"damage":17,"enemies":"Gremlin Nob","floor":12,"turns":4},{"damage":2,"enemies":"Exordium Wildlife","floor":13,"turns":4},{"damage":8,"enemies":"3 Louse","floor":14,"turns":2},{"damage":24,"enemies":"The Guardian","floor":16,"turns":11},{"damage":11,"enemies":"Shell Parasite","floor":18,"turns":5},{"damage":26,"enemies":"2 Thieves","floor":20,"turns":4},{"damage":12,"enemies":"Centurion and Healer","floor":27,"turns":4},{"damage":28,"enemies":"Slavers","floor":28,"turns":4},{"damage":7,"enemies":"Snake Plant","floor":31,"turns":4},{"damage":18,"enemies":"Champ","floor":33,"turns":9}],"seed_played":"2307064334127604033","potions_obtained":[{"floor":2,"key":"SpeedPotion"},{"floor":12,"key":"FairyPotion"},{"floor":13,"key":"DistilledChaos"},{"floor":16,"key":"Weak Potion"}],"is_trial":false,"path_per_floor":["M","M","M","?","?","R","M","M","T","?","R","E","M","M","R","B",null,"M","$","M","?","?","R","?","R","T","M","E","?","$","M","R","B"],"character_chosen":"THE_SILENT","items_purchased":["Sling"],"campfire_rested":3,"item_purchase_floors":[30],"current_hp_per_floor":[68,66,66,59,59,59,53,53,53,31,61,44,42,34,64,40,70,59,59,33,33,33,63,63,70,70,60,34,34,34,41,50,32,32],"gold":245,"neow_bonus":"THREE_CARDS","is_daily":false,"chose_seed":false,"campfire_upgraded":3,"win_rate":0.0,"timestamp":1609797396,"path_taken":["M","M","M","?","?","R","M","?","T","?","R","E","M","M","R","BOSS","M","$","M","?","?","R","?","R","T","M","E","?","$","?","R","BOSS"],"items_purchased_type":["Relic"],"build_version":"2020-12-22","purchased_purges":2,"victory":false,"max_hp_per_floor":[70,70,70,70,70,70,70,70,70,70,70,70,70,70,70,70,70,70,70,70,70,70,70,70,70,70,72,74,74,74,76,76,76,76],"card_choices":[{"not_picked":["Skewer","Sucker Punch"],"picked":"Blade Dance","floor":0},{"not_picked":["Deadly Poison","Underhanded Strike","Bane"],"picked":"SKIP","floor":1},{"not_picked":["Heel Hook","Calculated Gamble"],"picked":"Sucker Punch","floor":2},{"not_picked":["Catalyst","Dagger Throw"],"picked":"PiercingWail","floor":3},{"not_picked":["PiercingWail","Outmaneuver","Noxious Fumes"],"picked":"SKIP","floor":7},{"not_picked":["Eviscerate","Bane","A Thousand Cuts"],"picked":"SKIP","floor":8},{"not_picked":["Underhanded Strike+1","PiercingWail"],"picked":"Poisoned Stab+1","floor":10},{"not_picked":["Flying Knee+1","Heel Hook+1"],"picked":"Quick Slash+1","floor":12},{"not_picked":["Catalyst","PiercingWail"],"picked":"Dagger Throw+1","floor":13},{"not_picked":["Eviscerate+1","Underhanded Strike+1"],"picked":"Terror","floor":14},{"not_picked":["Venomology","Unload+1"],"picked":"Corpse Explosion","floor":16},{"not_picked":["Acrobatics+1","Bane+1"],"picked":"Prepared","floor":18},{"not_picked":["Catalyst+1","Calculated Gamble","Bane+1"],"picked":"SKIP","floor":20},{"not_picked":["Masterful Stab+1","Slice+1","Cloak And Dagger"],"picked":"Singing Bowl","floor":27},{"not_picked":["Glass Knife+1","Escape Plan","Expertise"],"picked":"Singing Bowl","floor":28},{"not_picked":["Outmaneuver+1","Skewer+1","Blur"],"picked":"Singing Bowl","floor":31}],"player_experience":165763,"relics_obtained":[{"floor":9,"key":"Eternal Feather"},{"floor":10,"key":"Molten Egg 2"},{"floor":12,"key":"Matryoshka"},{"floor":26,"key":"Singing Bowl"},{"floor":26,"key":"Snake Skull"},{"floor":28,"key":"Meat on the Bone"}],"event_choices":[{"cards_removed":["Defend_G"],"damage_healed":0,"gold_gain":0,"player_choice":"Card Removal","damage_taken":7,"max_hp_gain":0,"max_hp_loss":0,"event_name":"Golden Wing","floor":4,"gold_loss":0},{"damage_healed":0,"gold_gain":0,"cards_transformed":["Strike_G"],"player_choice":"Transformed","damage_taken":0,"max_hp_gain":0,"max_hp_loss":0,"event_name":"Transmorgrifier","floor":5,"gold_loss":0,"cards_obtained":["Deflect"]},{"damage_healed":0,"gold_gain":30,"player_choice":"Searched \u00273\u0027 times","damage_taken":0,"max_hp_gain":0,"max_hp_loss":0,"event_name":"Dead Adventurer","floor":10,"gold_loss":0},{"cards_removed":["Strike_G"],"damage_healed":0,"gold_gain":0,"player_choice":"Gave Gold","damage_taken":0,"max_hp_gain":0,"max_hp_loss":0,"event_name":"Beggar","floor":21,"gold_loss":75},{"damage_healed":0,"gold_gain":0,"player_choice":"Ignored","damage_taken":0,"max_hp_gain":0,"max_hp_loss":0,"event_name":"Ghosts","floor":22,"gold_loss":0},{"damage_healed":0,"gold_gain":99,"player_choice":"Stole From Cult","damage_taken":0,"max_hp_gain":0,"max_hp_loss":0,"event_name":"Nest","floor":29,"gold_loss":0}],"is_beta":false,"boss_relics":[{"not_picked":["Calling Bell","SacredBark"],"picked":"Runic Pyramid"}],"items_purged_floors":[19,30],"is_endless":false,"potions_floor_spawned":[2,12,13,16,18,20],"killed_by":"Champ","ascension_level":0}}