{"host":"dmdprxj8bosbz96f","time":1609793584,"event":{"mods":["AchievementEnabler","BaseMod","Colored Map","DeckTracker","Minty Spire (QoL Compilation)","Quick Restart","SuperFastMode","everything is the same but u backflip on backflip"],"gold_per_floor":[117,117,67,67,88,88,88,132,132,148,175,175,200,221,221,221,221],"floor_reached":16,"playtime":319,"items_purged":[],"score":138,"play_id":"a43bfec6-4ac5-4eba-8f6d-f7b1b556e87c","local_time":"20210105055304","is_ascension_mode":true,"campfire_choices":[{"data":"Bloodletting","floor":6,"key":"SMITH"},{"data":"Sword Boomerang","floor":12,"key":"SMITH"},{"data":"Spot Weakness","floor":15,"key":"SMITH"}],"circlet_count":0,"master_deck":["Strike_R","Strike_R","Strike_R+1","Strike_R","Defend_R","Defend_R","Defend_R","Defend_R","Bash+1","Inflame","Bloodletting+1","Parasite","Sword Boomerang+1","Spot Weakness+1","Inflame","Spot Weakness"],"relics":["Burning Blood","NeowsBlessing","Golden Idol","Question Card","Sundial","Happy Flower"],"acts_visited":["Exordium"],"potions_floor_usage":[13,14,14],"damage_taken":[{"damage":0,"enemies":"Jaw Worm","floor":1,"turns":1},{"damage":0,"enemies":"2 Louse","floor":5,"turns":1},{"damage":0,"enemies":"Lagavulin","floor":8,"turns":1},{"damage":13,"enemies":"Small Slimes","floor":10,"turns":3},{"damage":13,"enemies":"Blue Slaver","floor":13,"turns":3},{"damage":18,"enemies":"Large Slime","floor":14,"turns":2},{"damage":62,"enemies":"The Guardian","floor":16,"turns":8}],"seed_played":"3545427630359757587","potions_obtained":[{"floor":8,"key":"Strength Potion"},{"floor":10,"key":"Block Potion"},{"floor":13,"key":"BloodPotion"}],"is_trial":false,"path_per_floor":["M","?","?","?","M","R","?","E","T","M","T","R","M","M","R","B"],"character_chosen":"IRONCLAD","items_purchased":[],"campfire_rested":0,"item_purchase_floors":[],"current_hp_per_floor":[80,74,74,59,65,65,74,74,74,67,67,67,60,62,62,0,0],"gold":221,"neow_bonus":"THREE_ENEMY_KILL","is_daily":false,"chose_seed":false,"campfire_upgraded":3,"win_rate":0.0,"timestamp":1609793584,"path_taken":["M","?","?","?","M","R","?","E","T","M","?","R","M","M","R","BOSS"],"items_purchased_type":[],"build_version":"2020-12-22","purchased_purges":0,"victory":false,"max_hp_per_floor":[80,74,74,74,74,74,74,74,74,74,74,74,74,74,74,74,74],"card_choices":[{"not_picked":["Armaments","Pommel Strike"],"picked":"Inflame","floor":1},{"not_picked":["Havoc","Armaments"],"picked":"Bloodletting","floor":5},{"not_picked":["Rage","Havoc"],"picked":"Sword Boomerang","floor":8},{"not_picked":["Armaments","Wild Strike","Reckless Charge"],"picked":"Spot Weakness","floor":10},{"not_picked":["Evolve","Thunderclap","Infernal Blade"],"picked":"Inflame","floor":13},{"not_picked":["Metallicize","Intimidate","Cleave"],"picked":"Spot Weakness","floor":14}],"player_experience":132216,"relics_obtained":[{"floor":8,"key":"Question Card"},{"floor":9,"key":"Sundial"},{"floor":11,"key":"Happy Flower"}],"event_choices":[{"damage_healed":0,"gold_gain":0,"player_choice":"Lose Max HP","damage_taken":0,"relics_obtained":["Golden Idol"],"max_hp_gain":0,"max_hp_loss":6,"event_name":"Golden Idol","floor":2,"gold_loss":0},{"cards_removed":["Strike_R"],"damage_healed":0,"gold_gain":0,"player_choice":"Card Removal","damage_taken":0,"max_hp_gain":0,"max_hp_loss":0,"event_name":"The Cleric","floor":3,"gold_loss":50},{"damage_healed":0,"gold_gain":0,"player_choice":"Entered Light","damage_taken":15,"max_hp_gain":0,"max_hp_loss":0,"event_name":"Shining Light","floor":4,"gold_loss":0,"cards_upgraded":["Strike_R","Bash"]},{"damage_healed":18,"gold_gain":0,"player_choice":"Healed and dodged fight","damage_taken":0,"max_hp_gain":0,"max_hp_loss":0,"event_name":"Mushrooms","floor":7,"gold_loss":0,"cards_obtained":["Parasite"]}],"is_beta":false,"boss_relics":[],"items_purged_floors":[],"is_endless":false,"potions_floor_spawned":[8,10,13],"killed_by":"The Guardian","ascension_level":2}}