{"host":"csp9nt53rootlkah","time":1609749562,"event":{"mods":["ATMod(°¢èªMod)","Act Like it!","BaseMod","Colored Powertips","Friendly Minions","Gensokyo","Highlight Path","Minty Spire (QoL Compilation)","Quick Restart","Replay The Spire","StSLib","TestMod","The Factory","The Jungle","UnlockEverythingMod","Youmu£¨»êÆÇÑýÃÎ£©","¡¾ÒÅÎï¿¨ÅÆ¡¿REMEMod"],"gold_per_floor":[112,37,37,55,67,98,17,17,17,44,44,54,54,67,67,172,172,189,207,207,207,218,246,246,262,262,277,27,57,57,87,87,189,189,204,216,216,216,226,226,240,240,240,240,240,240,240,240,275,286,286,286,286,286,39,66,66],"floor_reached":58,"playtime":3739,"items_purged":["Strike_YM","Strike_YM"],"score":1545,"play_id":"6c4909a6-faf3-47da-8d7a-16784ffdd5b3","local_time":"20210104163922","is_ascension_mode":false,"campfire_choices":[{"data":"REME_ACTH","floor":8.0,"key":"SMITH"},{"data":"PreachingAvici","floor":11.0,"key":"SMITH"},{"data":"Pot Of Greed","floor":13.0,"key":"SMITH"},{"data":"Strike_YM","floor":15.0,"key":"PURGE"},{"data":"Pot Of Greed","floor":24.0,"key":"SMITH"},{"data":"ReincarnationSword","floor":30.0,"key":"SMITH"},{"data":"Defend_YM","floor":32.0,"key":"PURGE"},{"data":"SwordOfBindingDesires","floor":40.0,"key":"SMITH"},{"data":"MatsuyoiReflectingSatelliteSlash","floor":42.0,"key":"SMITH"},{"data":"CelestialStarSword","floor":44.0,"key":"SMITH"},{"floor":48.0,"key":"RECALL"},{"data":"HiganSword","floor":51.0,"key":"SMITH"},{"data":"LowerRealmReflectionSlash","floor":54.0,"key":"SMITH"}],"circlet_count":0,"master_deck":["REME_ACTH+1","SwordOfBindingDesires+1","PreachingAvici+1","Pot Of Greed+1","Pot Of Greed+1","HiganSword+1","MatsuyoiReflectingSatelliteSlash+1","LowerRealmReflectionSlash+1","ReincarnationSword+1","CelestialStarSword+1","HeartExcerptSlash+1","EchoesOfTheInclemencyOfAllBeings+1","HeavenSword+1"],"relics":["HalfPhantom","testmod-TestBox","REME_ComplimentaryCards","AT_ATBox","testmod-Alchemist","NeowsBlessing","Bird Faced Urn","HornCleat","Grinning Jar","Empty Cage","Replay:Rubber Ducky","AT_BellDemon","MealTicket","Torii","White Beast Statue","Oddly Smooth Stone","Ancient Tea Set","Astrolabe","ReplayFunnel","REME_HourglassOfDeath","testmod-Brilliant","testmod-Justice","Eternal Feather"],"acts_visited":["Exordium","TheCity","TheBeyond","TheEnding"],"potions_floor_usage":[57,57,57],"damage_taken":[{"damage":0.0,"enemies":"Small Slimes","floor":1.0,"turns":1.0},{"damage":0.0,"enemies":"Cultist","floor":4.0,"turns":1.0},{"damage":0.0,"enemies":"Jaw Worm","floor":5.0,"turns":1.0},{"damage":17.0,"enemies":"3 Sentries","floor":6.0,"turns":15.0},{"damage":0.0,"enemies":"Gremlin Gang","floor":12.0,"turns":3.0},{"damage":0.0,"enemies":"3 Louse","floor":14.0,"turns":2.0},{"damage":10.0,"enemies":"Hexaghost","floor":16.0,"turns":8.0},{"damage":0.0,"enemies":"Shell Parasite","floor":18.0,"turns":3.0},{"damage":0.0,"enemies":"2 Thieves","floor":19.0,"turns":3.0},{"damage":0.0,"enemies":"Centurion and Healer","floor":22.0,"turns":5.0},{"damage":0.0,"enemies":"Gremlin Leader","floor":23.0,"turns":5.0},{"damage":0.0,"enemies":"Snecko","floor":25.0,"turns":4.0},{"damage":0.0,"enemies":"3 Cultists","floor":27.0,"turns":3.0},{"damage":0.0,"enemies":"Slavers","floor":29.0,"turns":2.0},{"damage":0.0,"enemies":"REME_1_Revenger","floor":31.0,"turns":2.0},{"damage":0.0,"enemies":"Collector","floor":33.0,"turns":2.0},{"damage":0.0,"enemies":"3 Shapes","floor":35.0,"turns":2.0},{"damage":0.0,"enemies":"Orb Walker","floor":36.0,"turns":1.0},{"damage":0.0,"enemies":"Spire Growth","floor":39.0,"turns":3.0},{"damage":0.0,"enemies":"Jaw Worm Horde","floor":41.0,"turns":1.0},{"damage":0.0,"enemies":"R_Hoarder","floor":49.0,"turns":6.0},{"damage":0.0,"enemies":"4 Shapes","floor":50.0,"turns":1.0},{"damage":0.0,"enemies":"Awakened One","floor":52.0,"turns":5.0},{"damage":0,"enemies":"Shield and Spear","floor":56,"turns":1},{"damage":0,"enemies":"The Heart","floor":57,"turns":3}],"seed_played":"-519287246796936550","potions_obtained":[{"floor":1.0,"key":"Weak Potion"},{"floor":4.0,"key":"testmod-TimePotion"},{"floor":16.0,"key":"CausticAgent"},{"floor":22.0,"key":"Reflective Coating"},{"floor":23.0,"key":"GamblersBrew"},{"floor":49.0,"key":"LifebloodPotion"}],"is_trial":false,"path_per_floor":["M","$","?","M","M","E","$","R","T","T","R","M","R","M","R","B",null,"M","M","?","?","M","E","R","M","T","M","$","E","R","E","R","B",null,"M","M","?","?","M","R","M","R","T","R","?","PTL","PTL","R","E","M","R","B",null,"R","$","E","B",null],"character_chosen":"YOUMU","items_purchased":["HiganSword","AT_BellDemon","testmod-Justice"],"campfire_rested":0,"item_purchase_floors":[7,28,55],"current_hp_per_floor":[75,75,75,75,75,58,58,58,58,58,58,60,60,64,64,58,75,75,75,61,61,65,69,69,73,73,77,77,80,80,80,80,80,80,80,80,80,80,80,80,80,80,80,80,80,80,80,80,80,80,80,80,80,80,80,80,80],"gold":66,"neow_bonus":"THREE_ENEMY_KILL","is_daily":false,"chose_seed":false,"campfire_upgraded":10,"win_rate":0.0,"timestamp":1609749562,"path_taken":["M","$","?","M","?","E","$","R","T","?","R","M","R","M","R","BOSS","M","M","?","?","?","E","R","M","T","M","$","E","R","E","R","BOSS","M","M","?","?","M","R","M","R","T","R","?","PTL","PTL","R","E","?","R","BOSS","R","$","E","BOSS"],"items_purchased_type":["Card","Relic","Relic"],"build_version":"2020-12-22","purchased_purges":2,"victory":true,"max_hp_per_floor":[75,75,75,75,75,75,75,75,75,75,75,75,75,75,75,75,75,75,75,80,80,80,80,80,80,80,80,80,80,80,80,80,80,80,80,80,80,80,80,80,80,80,80,80,80,80,80,80,80,80,80,80,80,80,80,80,80],"card_choices":[{"not_picked":["KarmicPunishmentOfTheIdleAndUnfocused","LifeCuttingSword"],"picked":"SwordOfBindingDesires","floor":1.0},{"not_picked":["EchoesOfTheInclemencyOfAllBeings","SlashOfMeditation"],"picked":"PreachingAvici","floor":4.0},{"not_picked":["SpiderLilyBurial","CrescentMoonSlash","ThoughtCuttingSword"],"picked":"SKIP","floor":5.0},{"not_picked":["ThreeKonsSevenHakus","SanzenSekai","SlashOfMeditation"],"picked":"SKIP","floor":6.0},{"not_picked":["HeavenlyHaloSlash","SanzenSekai"],"picked":"HiganSword","floor":12.0},{"not_picked":["KarmicPunishmentOfTheIdleAndUnfocused","RapidSlash","HumanGodSword"],"picked":"SKIP","floor":14.0},{"not_picked":["WickedSoul","ReincarnationSword"],"picked":"MatsuyoiReflectingSatelliteSlash","floor":16.0},{"not_picked":["KarmicPunishmentOfTheIdleAndUnfocused","TenKingsRetributionOnThePreta","CherryBlossomFlashing"],"picked":"SKIP","floor":18.0},{"not_picked":["TurningAngelCut+1","SlashOfMeditation+1","SlashOfDelusionalInnerEye"],"picked":"SKIP","floor":19.0},{"not_picked":["LifeCuttingSword","SuddenPhantomFormationSlashOfKarmicWind","SlashOfMeditation"],"picked":"SKIP","floor":22.0},{"not_picked":["PretaSword","ThoughtCuttingSword","BloodOfAsura"],"picked":"SKIP","floor":23.0},{"not_picked":["LifeCuttingSword","SpiritCuttingSword"],"picked":"LowerRealmReflectionSlash","floor":25.0},{"not_picked":["SwordOfBindingDesires+1","LightFlashOfTheNetherworld+1","ConstancyOfTheConventionalTruth"],"picked":"SKIP","floor":27.0},{"not_picked":["SpiritCuttingSword","LifeCuttingSword"],"picked":"ReincarnationSword","floor":29.0},{"not_picked":["SlashOfSaigyouSpringWind","ThreeKonsSevenHakus","HumanKnowledgeSword"],"picked":"SKIP","floor":31.0},{"not_picked":["ASingleThoughtAndInfiniteKalpas","IrresoluteSoul"],"picked":"CelestialStarSword","floor":33.0},{"not_picked":["HumanKnowledgeSword+1","ConstancyOfTheConventionalTruth","PhosphoricSlash"],"picked":"SKIP","floor":35.0},{"not_picked":["PhosphoricSlash","LowerRealmReflectionSlash+1","SpiritCuttingSword"],"picked":"SKIP","floor":36.0},{"not_picked":["TwoHundredYojanaInOneSlash+1","SwordOfBindingDesires+1","CrescentMoonSlash+1"],"picked":"SKIP","floor":39.0},{"not_picked":["SuddenPhantomFormationSlashOfKarmicWind+1","SpiritCuttingSword"],"picked":"HiganSword+1","floor":41.0},{"not_picked":["ThreeKonsSevenHakus+1","SpiderLilyBurial","EchoesOfTheInclemencyOfAllBeings+1"],"picked":"SKIP","floor":49.0},{"not_picked":["ThreeKonsSevenHakus+1","SpiderLilyBurial","EchoesOfTheInclemencyOfAllBeings+1"],"picked":"SKIP","floor":49.0},{"not_picked":["ConstancyOfTheConventionalTruth","ThreeKonsSevenHakus","SlashClearingTheSixSenses+1"],"picked":"SKIP","floor":50.0},{"not_picked":["CrescentMoonSlash+1","ThoughtCuttingSword+1","HeavenSword"],"picked":"SKIP","floor":56}],"player_experience":117947,"relics_obtained":[{"floor":6.0,"key":"Bird Faced Urn"},{"floor":9.0,"key":"HornCleat"},{"floor":10.0,"key":"Grinning Jar"},{"floor":23.0,"key":"Replay:Rubber Ducky"},{"floor":29.0,"key":"MealTicket"},{"floor":29.0,"key":"Torii"},{"floor":31.0,"key":"White Beast Statue"},{"floor":31.0,"key":"Oddly Smooth Stone"},{"floor":33.0,"key":"Ancient Tea Set"},{"floor":35.0,"key":"ReplayFunnel"},{"floor":43.0,"key":"REME_HourglassOfDeath"},{"floor":49.0,"key":"testmod-Brilliant"},{"floor":56,"key":"Eternal Feather"}],"event_choices":[{"cards_removed":["Defend_YM"],"damage_healed":0.0,"max_hp_gain":0.0,"max_hp_loss":0.0,"gold_gain":0.0,"event_name":"Purifier","player_choice":"Purged","floor":3.0,"gold_loss":0.0,"damage_taken":0.0},{"damage_healed":0.0,"max_hp_gain":5.0,"max_hp_loss":0.0,"gold_gain":0.0,"event_name":"Forgotten Altar","player_choice":"Shed Blood","floor":20.0,"gold_loss":0.0,"damage_taken":19.0},{"cards_removed":["SlashOfPresentWorld"],"damage_healed":0.0,"max_hp_gain":0.0,"max_hp_loss":0.0,"gold_gain":0.0,"event_name":"Purifier","player_choice":"Purged","floor":21.0,"gold_loss":0.0,"damage_taken":0.0},{"damage_healed":0.0,"max_hp_gain":0.0,"max_hp_loss":0.0,"gold_gain":0.0,"event_name":"SensoryStone","player_choice":"Memory 1","floor":37.0,"gold_loss":0.0,"damage_taken":0.0},{"cards_removed":["HiganSword"],"damage_healed":0.0,"max_hp_gain":0.0,"max_hp_loss":0.0,"gold_gain":0.0,"event_name":"Falling","player_choice":"Removed Power","floor":45.0,"gold_loss":0.0,"damage_taken":0.0}],"is_beta":false,"boss_relics":[{"not_picked":["REME_DuelDisc","testmod-StringDisintegrator"],"picked":"Empty Cage"},{"not_picked":["testmod-Nine","ChewingGum"],"picked":"Astrolabe"}],"items_purged_floors":[2,28],"is_endless":false,"potions_floor_spawned":[1,4,16,22,23,25,29,33,35,36,39,41,49,50,56],"ascension_level":0}}