{"host":"ewfe3cr33ktd9xzj","time":1609755863,"event":{"mods":["AchievementEnabler","BaseMod","Colored Map","Custom Start","DeckTracker","Minty Spire (QoL Compilation)","Rare Cards Sparkle","StSLib","everything is the same but u backflip on backflip"],"gold_per_floor":[119,119,131,148,27,27,52,52,134,209,52,81,99,114,114,218,218,235,245,74,74,74,74,105,105,105,120,133,133,8,22,22,120,120,138,138,138,138,150,150,169,183,260,260,279,279,13,23,23,23,23],"floor_reached":50,"playtime":1104,"items_purged":["Strike_G","Strike_G","Strike_G","All Out Attack"],"score":477,"play_id":"650c172a-cd35-4fdd-8401-955b2761786a","local_time":"20210104192423","is_ascension_mode":false,"campfire_choices":[{"data":"Poisoned Stab","floor":6.0,"key":"SMITH"},{"data":"Catalyst","floor":8.0,"key":"SMITH"},{"floor":15.0,"key":"REST"},{"data":"Crippling Poison","floor":23,"key":"SMITH"},{"data":"Noxious Fumes","floor":25,"key":"SMITH"},{"data":"Poisoned Stab","floor":29,"key":"SMITH"},{"data":"Corpse Explosion","floor":32,"key":"SMITH"},{"data":"Adrenaline","floor":40,"key":"SMITH"},{"floor":44,"key":"REST"},{"floor":49,"key":"REST"}],"circlet_count":0,"master_deck":["Survivor","Neutralize","Poisoned Stab+1","Noxious Fumes+1","Bane","Catalyst+1","Poisoned Stab+1","Corpse Explosion+1","CurseOfTheBell","Escape Plan+1","Well Laid Plans","Crippling Poison+1","Well Laid Plans+1","Burst","Adrenaline+1","Dodge and Roll","Acrobatics","Acrobatics","Dagger Throw","Noxious Fumes","Bouncing Flask+1","Backflip+1","Predator","Outmaneuver"],"relics":["Ring of the Snake","NeowsBlessing","Bronze Scales","Ornamental Fan","TwistedFunnel","The Specimen","Calling Bell","Strawberry","Mercury Hourglass","Torii","Red Mask","Pandora\u0027s Box","HornCleat","Singing Bowl"],"acts_visited":["Exordium","TheCity","TheBeyond"],"potions_floor_usage":[33,50],"damage_taken":[{"damage":0.0,"enemies":"Cultist","floor":1.0,"turns":1.0},{"damage":0.0,"enemies":"Small Slimes","floor":3.0,"turns":1.0},{"damage":0.0,"enemies":"2 Louse","floor":4.0,"turns":1.0},{"damage":24.0,"enemies":"3 Sentries","floor":7.0,"turns":9.0},{"damage":15.0,"enemies":"Lagavulin","floor":12.0,"turns":3.0},{"damage":1.0,"enemies":"Exordium Wildlife","floor":13.0,"turns":2.0},{"damage":0.0,"enemies":"2 Fungi Beasts","floor":14.0,"turns":2.0},{"damage":27.0,"enemies":"The Guardian","floor":16.0,"turns":6.0},{"damage":1.0,"enemies":"Chosen","floor":18.0,"turns":4.0},{"damage":10.0,"enemies":"Shell Parasite","floor":19.0,"turns":3.0},{"damage":0,"enemies":"Masked Bandits","floor":24,"turns":2},{"damage":2,"enemies":"Cultist and Chosen","floor":27,"turns":3},{"damage":1,"enemies":"Centurion and Healer","floor":28,"turns":3},{"damage":1,"enemies":"Snecko","floor":31,"turns":3},{"damage":33,"enemies":"Champ","floor":33,"turns":8},{"damage":7,"enemies":"Orb Walker","floor":35,"turns":3},{"damage":0,"enemies":"3 Shapes","floor":39,"turns":1},{"damage":45,"enemies":"Maw","floor":41,"turns":6},{"damage":1,"enemies":"Sphere and 2 Shapes","floor":42,"turns":3},{"damage":1,"enemies":"4 Shapes","floor":45,"turns":2},{"damage":1,"enemies":"Jaw Worm Horde","floor":48,"turns":3},{"damage":40,"enemies":"Time Eater","floor":50,"turns":7}],"seed_played":"1403253911481883941","potions_obtained":[{"floor":4.0,"key":"LiquidMemories"},{"floor":12.0,"key":"ColorlessPotion"},{"floor":13.0,"key":"SteroidPotion"},{"floor":16.0,"key":"Weak Potion"},{"floor":18.0,"key":"ColorlessPotion"},{"floor":27,"key":"BlessingOfTheForge"},{"floor":33,"key":"Swift Potion"},{"floor":41,"key":"DistilledChaos"}],"is_trial":false,"path_per_floor":["M","?","M","M","$","R","E","R","T","?","$","E","M","M","R","B",null,"M","M","$","?","?","R","?","R","T","M","M","R","$","M","R","B",null,"M","?","?","?","M","R","M","M","T","R","M","T","$","M","R","B"],"character_chosen":"THE_SILENT","items_purchased":["Bane","TwistedFunnel","Well Laid Plans","Predator","Outmaneuver"],"campfire_rested":3,"item_purchase_floors":[5,11,20,47,47],"current_hp_per_floor":[70,70,70,70,70,70,46,46,46,35,35,20,19,19,40,13,77,76,66,66,66,66,66,66,66,66,64,63,63,63,62,62,29,77,70,60,60,60,60,60,15,14,14,35,34,34,34,35,57,17,17],"gold":23,"neow_bonus":"THREE_ENEMY_KILL","is_daily":false,"chose_seed":false,"campfire_upgraded":7,"win_rate":0.0,"timestamp":1609755863,"path_taken":["M","?","M","M","$","R","E","R","T","?","$","E","M","M","R","BOSS","M","M","$","?","?","R","?","R","T","M","M","R","$","M","R","BOSS","M","?","?","?","M","R","M","?","T","R","M","?","$","M","R","BOSS"],"items_purchased_type":["Card","Relic","Card","Card","Card"],"build_version":"2020-12-22","purchased_purges":4,"victory":false,"max_hp_per_floor":[70,70,70,70,70,70,70,70,70,70,70,70,70,70,70,70,77,77,77,77,77,77,77,77,77,77,77,77,77,77,77,77,77,77,77,77,73,73,73,73,73,73,73,73,73,73,73,75,75,75,75],"card_choices":[{"not_picked":["Backflip","Deadly Poison"],"picked":"Poisoned Stab","floor":1.0},{"not_picked":["Outmaneuver","Prepared"],"picked":"Noxious Fumes","floor":3.0},{"not_picked":["Acrobatics","Dagger Throw","Choke"],"picked":"SKIP","floor":4.0},{"not_picked":["Well Laid Plans","Backstab"],"picked":"Catalyst","floor":7.0},{"not_picked":["Deflect","Noxious Fumes"],"picked":"Poisoned Stab","floor":12.0},{"not_picked":["Cloak And Dagger","Backstab","Dagger Throw"],"picked":"SKIP","floor":13.0},{"not_picked":["Cloak And Dagger","Underhanded Strike","Riddle With Holes"],"picked":"SKIP","floor":14.0},{"not_picked":["Night Terror","Bullet Time"],"picked":"Corpse Explosion","floor":16.0},{"not_picked":["Sucker Punch","Terror","Escape Plan+1"],"picked":"SKIP","floor":18.0},{"not_picked":["Sucker Punch","Terror"],"picked":"Escape Plan+1","floor":18.0},{"not_picked":["Slice","PiercingWail","Dash"],"picked":"SKIP","floor":19.0},{"not_picked":["Outmaneuver","Poisoned Stab"],"picked":"Well Laid Plans+1","floor":24},{"not_picked":["Quick Slash","Outmaneuver","All Out Attack"],"picked":"SKIP","floor":27},{"not_picked":["Quick Slash+1","Leg Sweep","All Out Attack+1"],"picked":"SKIP","floor":28},{"not_picked":["Deflect","Quick Slash","Outmaneuver"],"picked":"SKIP","floor":31},{"not_picked":["Grand Finale","Storm of Steel"],"picked":"Burst","floor":33},{"not_picked":["Outmaneuver+1","PiercingWail+1"],"picked":"Bouncing Flask","floor":35},{"not_picked":["Deadly Poison+1","Cloak And Dagger+1"],"picked":"Backflip+1","floor":39},{"not_picked":["Choke+1","Dagger Spray+1","Quick Slash+1"],"picked":"SKIP","floor":41},{"not_picked":["Dagger Spray+1","PiercingWail","Noxious Fumes"],"picked":"SKIP","floor":42},{"not_picked":["Acrobatics","Expertise+1","Prepared+1"],"picked":"SKIP","floor":45},{"not_picked":["Riddle With Holes+1","Deadly Poison+1","Choke"],"picked":"Singing Bowl","floor":48}],"player_experience":12626,"relics_obtained":[{"floor":7.0,"key":"Bronze Scales"},{"floor":9.0,"key":"Ornamental Fan"},{"floor":12.0,"key":"The Specimen"},{"floor":17.0,"key":"Strawberry"},{"floor":17.0,"key":"Mercury Hourglass"},{"floor":17.0,"key":"Torii"},{"floor":24,"key":"Red Mask"},{"floor":43,"key":"HornCleat"},{"floor":46,"key":"Singing Bowl"}],"event_choices":[{"damage_healed":0.0,"max_hp_gain":0.0,"max_hp_loss":0.0,"gold_gain":0.0,"event_name":"Liars Game","player_choice":"Ignored","floor":2.0,"gold_loss":0.0,"damage_taken":0.0},{"damage_healed":0.0,"max_hp_gain":0.0,"max_hp_loss":0.0,"gold_gain":75.0,"event_name":"World of Goop","player_choice":"Gather Gold","floor":10.0,"gold_loss":0.0,"damage_taken":11.0},{"damage_healed":0,"gold_gain":0,"player_choice":"Ignored","damage_taken":0,"max_hp_gain":0,"max_hp_loss":0,"event_name":"Cursed Tome","floor":21,"gold_loss":0},{"damage_healed":0,"gold_gain":0,"player_choice":"Read","damage_taken":0,"max_hp_gain":0,"max_hp_loss":0,"event_name":"The Library","floor":22,"gold_loss":0,"cards_obtained":["Crippling Poison"]},{"damage_healed":0,"gold_gain":0,"player_choice":"Fought Bandits","damage_taken":0,"max_hp_gain":0,"max_hp_loss":0,"event_name":"Masked Bandits","floor":24,"gold_loss":0},{"damage_healed":0,"gold_gain":0,"player_choice":"Memory 3","damage_taken":10,"max_hp_gain":0,"max_hp_loss":0,"event_name":"SensoryStone","floor":36,"gold_loss":0},{"damage_healed":0,"gold_gain":0,"player_choice":"Max HP","damage_taken":0,"max_hp_gain":0,"max_hp_loss":4,"event_name":"Winding Halls","floor":37,"gold_loss":0},{"damage_healed":0,"gold_gain":0,"player_choice":"Upgraded","damage_taken":0,"max_hp_gain":0,"max_hp_loss":0,"event_name":"Upgrade Shrine","floor":38,"gold_loss":0,"cards_upgraded":["Bouncing Flask"]}],"is_beta":false,"boss_relics":[{"not_picked":["Ectoplasm","SlaversCollar"],"picked":"Calling Bell"},{"not_picked":["Empty Cage","Ring of the Serpent"],"picked":"Pandora\u0027s Box"}],"items_purged_floors":[5,20,30,47],"is_endless":false,"potions_floor_spawned":[4,12,13,16,18,27,31,33,35,41,42],"killed_by":"Time Eater","ascension_level":0}}