{"host":"u0qetpmu4y58k1tf","time":1609773602,"event":{"mods":["AchievementEnabler","BaseMod","Colored Map","Colored Powertips","Hermit","Marisa£¨Ùöéë¡¡Øª×âÞÞ£©","Minty Spire (QoL Compilation)","Replay The Spire","StSLib","SuperFastMode","The Bug Knight","The Cursed","The Hierophant","The Runesmith"],"gold_per_floor":[116,116,41,60,78,78,58,69,69,101,121,121,136,154,154,249,249,266,285,285,298,312,340,356,356,356,356,164,89,118,19,19,121,121,140,140,160,198,73,73,99,99,99,116,170,200,216,236,236,236],"floor_reached":51,"playtime":2374,"items_purged":["Strike_B","Decay","Defend_B"],"score":774,"play_id":"ec172893-fc78-4f1b-9f1c-baa1d8e1bc89","local_time":"20210105002002","is_ascension_mode":false,"campfire_choices":[{"data":"Dualcast","floor":6,"key":"SMITH"},{"data":"White Noise","floor":12,"key":"SMITH"},{"data":"Echo Form","floor":15,"key":"SMITH"},{"floor":27,"key":"REST"},{"data":"Crystallizer","floor":40,"key":"SMITH"},{"data":"ReplayRNGCard","floor":42,"key":"SMITH"},{"data":"ReplayTheSpireMod:Calculation Training","floor":49,"key":"SMITH"}],"circlet_count":0,"master_deck":["Defend_B","Defend_B","Zap+1","Dualcast+1","Ball Lightning","White Noise+1","Echo Form+1","Ball Lightning+1","FTL","ReplayRNGCard+1","Conserve Battery","White Noise+1","Steam+1","Loop+1","Steam","Compile Driver","Conserve Battery","Master of Strategy","Crystallizer+1","Electrodynamics","Thunder Strike+1","FTL+1","Conserve Battery+1","Echo Form","Storm+1","Rainbow","BasicCrystalCard+1","Self Repair","ReplayTheSpireMod:Calculation Training+1","Loop+1","Force Field+1"],"relics":["Cracked Core","Bag of Preparation","Incense Burner","Lizard Tail","Honey Jar","Centennial Puzzle","Garlic","Calipers","ReplayTheSpireMod:CursedCoin","Pondfish Scales","Astrolabe","Replay:Towering Pillar of Hats","Strawberry","Quantum Egg","Replay:Kaleidoscope","Juzu Bracelet"],"acts_visited":["Exordium","TheCity","TheBeyond"],"potions_floor_usage":[10,10,23,30,30,50,50],"damage_taken":[{"damage":0,"enemies":"2 Louse","floor":1,"turns":1},{"damage":0,"enemies":"Cultist","floor":4,"turns":2},{"damage":1,"enemies":"Jaw Worm","floor":5,"turns":3},{"damage":0,"enemies":"Exordium Wildlife","floor":8,"turns":2},{"damage":11,"enemies":"Lagavulin","floor":10,"turns":4},{"damage":0,"enemies":"2 Fungi Beasts","floor":11,"turns":1},{"damage":0,"enemies":"Red Slaver","floor":13,"turns":2},{"damage":7,"enemies":"3 Louse","floor":14,"turns":2},{"damage":15,"enemies":"The Guardian","floor":16,"turns":5},{"damage":15,"enemies":"3 Byrds","floor":18,"turns":3},{"damage":0,"enemies":"Chosen","floor":19,"turns":3},{"damage":15,"enemies":"Snake Plant","floor":21,"turns":3},{"damage":9,"enemies":"Snecko","floor":22,"turns":6},{"damage":23,"enemies":"Book of Stabbing","floor":23,"turns":5},{"damage":3,"enemies":"3 Cultists","floor":24,"turns":3},{"damage":20,"enemies":"Gremlin Leader","floor":30,"turns":6},{"damage":18,"enemies":"Collector","floor":33,"turns":9},{"damage":0,"enemies":"Orb Walker","floor":35,"turns":3},{"damage":0,"enemies":"3 Shapes","floor":37,"turns":2},{"damage":0,"enemies":"Giant Head","floor":41,"turns":5},{"damage":0,"enemies":"Jaw Worm Horde","floor":44,"turns":2},{"damage":7,"enemies":"2 Orb Walkers","floor":45,"turns":3},{"damage":13,"enemies":"Nemesis","floor":46,"turns":4},{"damage":12,"enemies":"Spire Growth","floor":47,"turns":3},{"damage":0,"enemies":"4 Shapes","floor":48,"turns":4},{"damage":18,"enemies":"Time Eater","floor":50,"turns":7}],"seed_played":"-2866833100217090615","potions_obtained":[{"floor":1,"key":"Strength Potion"},{"floor":7,"key":"ColorlessPotion"},{"floor":10,"key":"Ancient Potion"},{"floor":13,"key":"SteroidPotion"},{"floor":14,"key":"Dexterity Potion"},{"floor":18,"key":"Energy Potion"},{"floor":21,"key":"Swift Potion"},{"floor":24,"key":"Swift Potion"},{"floor":30,"key":"Adrenaline Potion"},{"floor":35,"key":"Flashbang"}],"is_trial":false,"path_per_floor":["M","?","$","M","M","R","?","M","T","E","M","R","M","M","R","B",null,"M","M","?","M","M","E","M","?","T","R","$","?","E","$","R_BF","B",null,"M","?","M","?","$","R","E","R","T","M","?","E","M","M","R","B",null],"character_chosen":"DEFECT","items_purchased":["ReplayTheSpireMod:CursedCoin","Conserve Battery","Master of Strategy","FairyPotion"],"campfire_rested":1,"item_purchase_floors":[28,28,28,31],"current_hp_per_floor":[75,75,75,75,74,74,74,74,74,63,63,63,63,56,56,41,75,60,60,60,45,36,13,10,10,10,32,32,32,12,12,34,16,75,75,75,75,57,57,57,64,64,64,64,57,51,46,53,53,42],"gold":236,"neow_bonus":"RANDOM_COMMON_RELIC","is_daily":false,"chose_seed":false,"campfire_upgraded":6,"win_rate":0.0,"timestamp":1609773602,"path_taken":["M","?","?","M","?","R","?","M","T","E","M","R","?","M","R","BOSS","M","?","?","M","?","E","M","?","T","R","$","?","E","$","R_BF","BOSS","M","?","M","?","?","R","E","R","T","M","?","E","M","M","R","BOSS"],"items_purchased_type":["Relic","Card","Card","Potion"],"build_version":"2020-12-22","purchased_purges":3,"victory":true,"max_hp_per_floor":[75,75,75,75,75,75,75,75,75,75,75,75,75,75,75,75,75,75,75,75,75,75,75,75,75,75,75,75,75,75,75,75,75,75,75,75,75,75,75,75,82,82,82,82,82,82,82,82,82,82],"card_choices":[{"not_picked":["Undo","Conserve Battery"],"picked":"Ball Lightning","floor":1},{"not_picked":["Coolheaded","Hologram","Leap"],"picked":"SKIP","floor":4},{"not_picked":["Blizzard","Darkness","Genetic Algorithm"],"picked":"SKIP","floor":5},{"not_picked":["Self Repair","Stack"],"picked":"White Noise","floor":8},{"not_picked":["Undo","Steam"],"picked":"Echo Form","floor":10},{"not_picked":["Compile Driver","Tempest"],"picked":"Ball Lightning","floor":11},{"not_picked":["ReplaySort","Blizzard"],"picked":"FTL","floor":13},{"not_picked":["Hologram","Cold Snap","Compile Driver"],"picked":"SKIP","floor":14},{"not_picked":["Multi-Cast","Amplify"],"picked":"ReplayRNGCard","floor":16},{"not_picked":["BasicCrystalCard","Hologram","Beam Cell"],"picked":"Conserve Battery","floor":18},{"not_picked":["Streamline","Barrage","Panic Button+1"],"picked":"White Noise+1","floor":19},{"not_picked":["Coolheaded","Reinforced Body+1","Compile Driver"],"picked":"Steam+1","floor":21},{"not_picked":["ReplaySort","Leap","Blizzard+1"],"picked":"Loop+1","floor":22},{"not_picked":["Gash","Rip and Tear","ReplayTheSpireMod:Omega Cannon"],"picked":"Steam","floor":23},{"not_picked":["BasicCrystalCard","Hologram","ReplayTheSpireMod:System Scan"],"picked":"Compile Driver","floor":24},{"not_picked":["Genetic Algorithm","Chaos","ReplayTheSpireMod:GoodbyeWorld+1"],"picked":"Crystallizer","floor":30},{"not_picked":["ReplayRNGCard","All For One","Echo Form"],"picked":"Electrodynamics","floor":33},{"not_picked":["Beam Cell","Barrage+1","ReplaySort"],"picked":"Conserve Battery+1","floor":35},{"not_picked":["Go for the Eyes+1","Hologram+1","Streamline"],"picked":"Echo Form","floor":37},{"not_picked":["ReplayTheSpireMod:System Scan","Panic Button+1","Ball Lightning"],"picked":"Storm+1","floor":38},{"not_picked":["ReplayTheSpireMod:System Scan+1","Reprogram+1","Sweeping Beam"],"picked":"Rainbow","floor":41},{"not_picked":["Ball Lightning+1","ReplayTheSpireMod:Reroute Power","Beam Cell"],"picked":"BasicCrystalCard+1","floor":44},{"not_picked":["Steam Power","Reprogram+1","Go for the Eyes"],"picked":"Self Repair","floor":45},{"not_picked":["Steam+1","Conserve Battery+1","Leap+1"],"picked":"ReplayTheSpireMod:Calculation Training","floor":46},{"not_picked":["Streamline","Aggregate+1","Steam+1"],"picked":"Loop+1","floor":47},{"not_picked":["Coolheaded","Reprogram+1","ReplayTheSpireMod:GoodbyeWorld+1"],"picked":"Force Field+1","floor":48}],"player_experience":14488,"relics_obtained":[{"floor":9,"key":"Incense Burner"},{"floor":10,"key":"Lizard Tail"},{"floor":23,"key":"Garlic"},{"floor":26,"key":"Calipers"},{"floor":30,"key":"Pondfish Scales"},{"floor":38,"key":"Replay:Towering Pillar of Hats"},{"floor":41,"key":"Strawberry"},{"floor":43,"key":"Quantum Egg"},{"floor":45,"key":"Replay:Kaleidoscope"},{"floor":46,"key":"Juzu Bracelet"}],"event_choices":[{"damage_healed":0,"gold_gain":0,"player_choice":"Upgraded","damage_taken":0,"max_hp_gain":0,"max_hp_loss":0,"event_name":"Upgrade Shrine","floor":2,"gold_loss":0,"cards_upgraded":["Zap"]},{"damage_healed":0,"gold_gain":0,"player_choice":"Bought 1 Potion","damage_taken":0,"max_hp_gain":0,"max_hp_loss":0,"event_name":"The Woman in Blue","floor":7,"gold_loss":0},{"damage_healed":0,"gold_gain":0,"player_choice":"Ignored","damage_taken":0,"max_hp_gain":0,"max_hp_loss":0,"event_name":"Ghosts","floor":25,"gold_loss":0},{"cards_removed":["Defend_B"],"damage_healed":0,"gold_gain":0,"player_choice":"Gave Gold","damage_taken":0,"max_hp_gain":0,"max_hp_loss":0,"event_name":"Beggar","floor":29,"gold_loss":75},{"cards_removed":["Hello World"],"damage_healed":0,"gold_gain":0,"player_choice":"Removed Power","damage_taken":0,"max_hp_gain":0,"max_hp_loss":0,"event_name":"Falling","floor":36,"gold_loss":0},{"damage_healed":0,"gold_gain":0,"player_choice":"Fight","damage_taken":0,"max_hp_gain":0,"max_hp_loss":0,"event_name":"Mysterious Sphere","floor":45,"gold_loss":0}],"is_beta":false,"boss_relics":[{"not_picked":["Runesmith:UraniumAnvil","ChewingGum"],"picked":"Honey Jar"},{"not_picked":["Replay:Drink Me","Sozu"],"picked":"Astrolabe"}],"items_purged_floors":[3,28,39],"is_endless":false,"potions_floor_spawned":[1,10,13,14,18,21,24,30,35,46,48],"ascension_level":0}}