{"host":"wonp23fsqqcu31ie","time":1609756287,"event":{"mods":["2.2 Compatiblity","AchievementEnabler","Aspiration","BaseMod","Bestiary","Better Altar","Better Match","Better Sensory Stone","Better Skull","Better Third Choice","BetterRewards","Block Reminder","Colored Map","Colored Powertips","Conspire","Curses Come First","DeckTracker","Displayed Cursed Tome","Downfall","Hermit","Highlight Path","Hubris","Marisa????????","Minty Spire (QoL Compilation)","Permanent Neow","Quick Restart","Rare Cards Sparkle","Relic Stats","Replay The Spire","Robot Space Explorer","Shade Mod","Shop Mod","StSLib","SuperFastMode","The Animator","The Cursed","The Gatherer","The Marked","The Necromancer","The Runesmith","The Servant 0.9.4"],"gold_per_floor":[116,116,3,19,33,33,50,79,79,91,110,145,145,157,157,253,253,267,2,2,17,31,31,58,58,112,143,143,158,170,189,189,287,287,303,303,63,63,81,81,114,102,102,133,145,145,145,180,180,180],"floor_reached":51,"playtime":2221,"items_purged":["hubris:Disease"],"score":1132,"play_id":"4b408853-52b3-4903-9a8e-fbde57a405fe","local_time":"20210104213127","is_ascension_mode":true,"campfire_choices":[{"data":"RobotSpaceExplorer:TurboDodge","floor":6,"key":"SMITH"},{"floor":15,"key":"REST"},{"floor":23,"key":"REST"},{"data":"RobotSpaceExplorer:DroneSwarm","floor":25,"key":"SMITH"},{"data":"RobotSpaceExplorer:SelfCleaning","floor":32,"key":"SMITH"},{"data":"expansioncontent:CaCaw","floor":40,"key":"SMITH"},{"floor":49,"key":"DIG"}],"circlet_count":0,"master_deck":["RobotSpaceExplorer:Strike+1","RobotSpaceExplorer:Strike+1","RobotSpaceExplorer:Strike","RobotSpaceExplorer:Defend","RobotSpaceExplorer:Defend","RobotSpaceExplorer:Defend","RobotSpaceExplorer:Scan","RobotSpaceExplorer:MiniLasers","RobotSpaceExplorer:GlueShot","RobotSpaceExplorer:MiniDrones+1","RobotSpaceExplorer:MiniBoosters","RobotSpaceExplorer:GlueSpray","RobotSpaceExplorer:FrostMissile+1","RobotSpaceExplorer:TurboDodge+1","RobotSpaceExplorer:MiniDrones","RobotSpaceExplorer:Probe","RobotSpaceExplorer:DoubleBlock","RobotSpaceExplorer:Smokescreen","RobotSpaceExplorer:DroneSwarm+1","RobotSpaceExplorer:ScrapMissile","RobotSpaceExplorer:Multitool","RobotSpaceExplorer:LuckyStrike","RobotSpaceExplorer:HighVoltage","RobotSpaceExplorer:MetalStrike+1","RobotSpaceExplorer:BlastShield","RobotSpaceExplorer:PowerGlove+1","RobotSpaceExplorer:LuckyStrike","RobotSpaceExplorer:SelfCleaning+1","RobotSpaceExplorer:FreezingShield+1","RobotSpaceExplorer:TrailblazerForm","RobotSpaceExplorer:SurgingShield+1","expansioncontent:CaCaw+1","Discovery","Madness","Madness","RobotSpaceExplorer:ImprovisedAttack+1","RobotSpaceExplorer:Blitz+1","RobotSpaceExplorer:SurgingShield","RobotSpaceExplorer:SurgingStrike+1","RobotSpaceExplorer:MiniBoosters"],"relics":["RobotSpaceExplorer:RoboCore","Oddly Smooth Stone","Pen Nib","ReplayTheSpireMod:Ring of Collecting","Ring of Searing","TungstenRod","Ring of Fangs","Replay:Wax Seal","hubris:FunFungus","conspire:RoyalGoblet","hubris:ToyBattleship","ReplayTheSpireMod:Ring of Exchange","hubris:TenFootPole","Juzu Bracelet","Guardian:BottledAnomaly","MerchantsRug","Membership Card","Whetstone","Ring of Fury","Mummified Hand","conspire:Dentures","hubris:Icosahedron","Mercury Hourglass","Replay:Towering Pillar of Hats"],"acts_visited":["Exordium","TheCity","TheBeyond"],"potions_floor_usage":[16,16,16,22,33,33,33,48,50,50],"damage_taken":[{"damage":0,"enemies":"Cultist","floor":1,"turns":3},{"damage":0,"enemies":"Jaw Worm","floor":4,"turns":3},{"damage":0,"enemies":"conspire:RoseBush","floor":5,"turns":3},{"damage":0,"enemies":"Exordium Wildlife","floor":7,"turns":4},{"damage":7,"enemies":"Gremlin Nob","floor":8,"turns":4},{"damage":4,"enemies":"conspire:2 RoseBushes","floor":10,"turns":8},{"damage":8,"enemies":"Exordium Thugs","floor":11,"turns":6},{"damage":10,"enemies":"3 Sentries","floor":12,"turns":10},{"damage":9,"enemies":"Lots of Slimes","floor":14,"turns":2},{"damage":0,"enemies":"Fading Forest","floor":16,"turns":11},{"damage":20,"enemies":"Spheric Guardian","floor":18,"turns":8},{"damage":24,"enemies":"Chosen","floor":21,"turns":7},{"damage":6,"enemies":"Shelled Parasite and Fungi","floor":22,"turns":8},{"damage":16,"enemies":"conspire:Head Lice","floor":24,"turns":5},{"damage":9,"enemies":"conspire:SneckoGhost","floor":27,"turns":9},{"damage":0,"enemies":"3 Cultists","floor":29,"turns":4},{"damage":4,"enemies":"Centurion and Healer","floor":30,"turns":8},{"damage":7,"enemies":"Chosen and Byrds","floor":31,"turns":6},{"damage":7,"enemies":"Automaton","floor":33,"turns":9},{"damage":28,"enemies":"3 Shapes","floor":35,"turns":4},{"damage":9,"enemies":"Orb Walker","floor":39,"turns":4},{"damage":17,"enemies":"conspire:MimicChest","floor":41,"turns":7},{"damage":1,"enemies":"Giant Head","floor":44,"turns":10},{"damage":7,"enemies":"Transient","floor":45,"turns":5},{"damage":32,"enemies":"Reptomancer","floor":48,"turns":5},{"damage":20,"enemies":"hubris:GrandSnecko","floor":50,"turns":8}],"seed_played":"-7184732044372170269","potions_obtained":[{"floor":5,"key":"Strength Potion"},{"floor":7,"key":"Swift Potion"},{"floor":8,"key":"Weak Potion"},{"floor":10,"key":"LiquidBronze"},{"floor":21,"key":"Fire Potion"},{"floor":22,"key":"sneckomod:MuddlingPotion"},{"floor":29,"key":"LifebloodPotion"},{"floor":30,"key":"Energy Potion"},{"floor":35,"key":"Cursed Concoction"},{"floor":45,"key":"PowerPotion"},{"floor":48,"key":"SpeedPotion"}],"is_trial":false,"path_per_floor":["M","?","$","M","M","R","M","E","T","M","M","E","?","M","R","B",null,"M","$","?","M","M","R","E","R","T","E","?","M","M","M","R","B",null,"M","?","$","?","M","R","?","$","T","E","M","?","?","E","R_BF","B",null],"character_chosen":"RobotSpaceExplorer","items_purchased":["Oddly Smooth Stone","Pen Nib","Guide Book","RobotSpaceExplorer:GlueSpray","MerchantsRug","Lee\u0027s Waffle","MerchantsRug","Membership Card","Whetstone"],"campfire_rested":2,"item_purchase_floors":[0,0,0,3,19,19,37,37,42],"current_hp_per_floor":[53,53,53,53,53,53,53,46,46,42,34,24,24,15,37,51,75,58,82,82,62,59,82,66,66,66,60,60,61,64,64,64,58,82,55,55,55,51,43,43,27,27,27,34,29,72,72,45,45,34],"gold":180,"neow_bonus":"","is_daily":false,"chose_seed":false,"campfire_upgraded":4,"win_rate":0.0,"timestamp":1609756287,"path_taken":["M","?","?","M","M","R","M","E","T","?","M","E","?","M","R","BOSS","M","$","?","?","M","R","E","R","T","E","?","M","M","M","R","BOSS","M","?","$","?","M","R","?","$","T","E","M","?","?","E","R_BF","BOSS"],"items_purchased_type":["Relic","Relic","Relic","Card","Relic","Relic","Relic","Relic","Relic"],"build_version":"2020-12-22","purchased_purges":1,"victory":true,"max_hp_per_floor":[75,75,75,75,75,75,75,75,75,75,75,75,75,75,75,75,75,75,82,82,82,82,82,82,82,82,82,82,82,82,82,82,82,82,82,82,82,82,82,82,82,82,82,82,82,72,72,72,72,72],"relic_stats":{"counters":[101,418],"Mummified Hand":[29],"Pen Nib":[33],"Juzu Bracelet":0,"Whetstone":["RobotSpaceExplorer:MiniDrones","RobotSpaceExplorer:FrostMissile"],"obtain_stats":[{"Calipers":6,"conspire:RoyalGoblet":17,"aspiration:Stabinomicon":27,"Whetstone":42,"Sling":38,"Boot":0,"aspiration:RitualStick":22,"Ring of Searing":2,"hubris:AstralHammer":9,"hubris:DeckOfHolding":17,"aspiration:ArtOfWarUpgrade":12,"Replay:Wax Seal":19,"conspire:Dentures":44,"MerchantsRug":30,"Happy Flower":8,"hubris:DuctTape":12,"Oddly Smooth Stone":0,"RobotSpaceExplorer:RingOfTheNewt":0,"Pen Nib":0,"Replay:Ancient Bell":17,"aspiration:SeaSaltIceCream":9,"War Paint":54,"Du-Vu Doll":17,"Replay:Baseball":13,"Bird Faced Urn":17,"MutagenicStrength":19,"ReplayTheSpireMod:Ring of Collecting":2,"CultistMask":28,"Black Star":17,"ReplayTheSpireMod:TigerMarble":17,"Nloth\u0027s Gift":20,"hubris:ToyBattleship":24,"hubris:TenFootPole":26,"MiniHakkero":0,"Grinning Jar":23,"conspire:Flyswatter":41,"ReplayTheSpireMod:Ring of Exchange":26,"Lantern":25,"conspire:SpecialSausage":0,"Blue Doll":8,"Juzu Bracelet":46,"hubris:SlimyHat":17,"SproutingBranch":10,"conspire:TopHat":38,"aspiration:StickyExplosives_weak":26,"Dream Catcher":47,"hubris:Icosahedron":19,"Ring of Fangs":9,"Mummified Hand":43,"hubris:ScarierMask":17,"hubris:FunFungus":44,"HandmadeGrimoire":30,"Red Mask":42,"Guardian:BottledAnomaly":34,"SimpleLauncher":30,"Runesmith:Nanobots":53,"Lee\u0027s Waffle":19,"Replay:Towering Pillar of Hats":49,"Guide Book":0,"conspire:RunicOctahedron":34,"RobotSpaceExplorer:RoboCore":19,"Replay:WaspNest":17,"hubris:Towel":36,"Mercury Hourglass":9,"Calling Bell":17,"ShroomBag":29,"hubris:Spice":0,"Ring of Fury":43,"Art of War":6,"Membership Card":37,"TungstenRod":0,"aspiration:MarisaSkillbook":34},{"Calipers":5,"conspire:RoyalGoblet":85,"aspiration:Stabinomicon":30,"Whetstone":97,"Sling":35,"Boot":55,"aspiration:RitualStick":54,"Ring of Searing":76,"hubris:AstralHammer":21,"hubris:DeckOfHolding":52,"aspiration:ArtOfWarUpgrade":61,"Replay:Wax Seal":65,"conspire:Dentures":98,"MerchantsRug":32,"Happy Flower":21,"hubris:DuctTape":23,"Oddly Smooth Stone":75,"RobotSpaceExplorer:RingOfTheNewt":44,"Pen Nib":75,"Replay:Ancient Bell":24,"aspiration:SeaSaltIceCream":21,"War Paint":43,"Du-Vu Doll":24,"Replay:Baseball":51,"Bird Faced Urn":52,"MutagenicStrength":53,"ReplayTheSpireMod:Ring of Collecting":76,"CultistMask":69,"Black Star":10,"ReplayTheSpireMod:TigerMarble":24,"Nloth\u0027s Gift":86,"hubris:ToyBattleship":89,"hubris:TenFootPole":89,"MiniHakkero":0,"Grinning Jar":28,"conspire:Flyswatter":97,"ReplayTheSpireMod:Ring of Exchange":89,"Lantern":69,"conspire:SpecialSausage":16,"Blue Doll":48,"Juzu Bracelet":39,"hubris:SlimyHat":52,"SproutingBranch":22,"conspire:TopHat":35,"aspiration:StickyExplosives_weak":29,"Dream Catcher":40,"hubris:Icosahedron":25,"Ring of Fangs":80,"Mummified Hand":97,"hubris:ScarierMask":64,"hubris:FunFungus":38,"HandmadeGrimoire":32,"Red Mask":37,"Guardian:BottledAnomaly":94,"SimpleLauncher":32,"Runesmith:Nanobots":42,"Lee\u0027s Waffle":86,"Replay:Towering Pillar of Hats":100,"Guide Book":75,"conspire:RunicOctahedron":34,"RobotSpaceExplorer:RoboCore":86,"Replay:WaspNest":24,"hubris:Towel":73,"Mercury Hourglass":6,"Calling Bell":52,"ShroomBag":32,"hubris:Spice":55,"Ring of Fury":97,"Art of War":58,"Membership Card":95,"TungstenRod":55,"aspiration:MarisaSkillbook":72},{"Calipers":12,"conspire:RoyalGoblet":311,"aspiration:Stabinomicon":90,"Whetstone":390,"Sling":102,"Boot":170,"aspiration:RitualStick":167,"Ring of Searing":260,"hubris:AstralHammer":59,"hubris:DeckOfHolding":159,"aspiration:ArtOfWarUpgrade":189,"Replay:Wax Seal":206,"conspire:Dentures":400,"MerchantsRug":98,"Happy Flower":59,"hubris:DuctTape":67,"Oddly Smooth Stone":257,"RobotSpaceExplorer:RingOfTheNewt":117,"Pen Nib":257,"Replay:Ancient Bell":76,"aspiration:SeaSaltIceCream":59,"War Paint":114,"Du-Vu Doll":76,"Replay:Baseball":148,"Bird Faced Urn":159,"MutagenicStrength":163,"ReplayTheSpireMod:Ring of Collecting":260,"CultistMask":225,"Black Star":27,"ReplayTheSpireMod:TigerMarble":76,"Nloth\u0027s Gift":319,"hubris:ToyBattleship":339,"hubris:TenFootPole":339,"MiniHakkero":0,"Grinning Jar":86,"conspire:Flyswatter":390,"ReplayTheSpireMod:Ring of Exchange":339,"Lantern":225,"conspire:SpecialSausage":46,"Blue Doll":135,"Juzu Bracelet":107,"hubris:SlimyHat":159,"SproutingBranch":63,"conspire:TopHat":102,"aspiration:StickyExplosives_weak":88,"Dream Catcher":108,"hubris:Icosahedron":78,"Ring of Fangs":274,"Mummified Hand":390,"hubris:ScarierMask":203,"hubris:FunFungus":106,"HandmadeGrimoire":98,"Red Mask":105,"Guardian:BottledAnomaly":375,"SimpleLauncher":98,"Runesmith:Nanobots":113,"Lee\u0027s Waffle":319,"Replay:Towering Pillar of Hats":410,"Guide Book":257,"conspire:RunicOctahedron":101,"RobotSpaceExplorer:RoboCore":319,"Replay:WaspNest":76,"hubris:Towel":246,"Mercury Hourglass":14,"Calling Bell":159,"ShroomBag":98,"hubris:Spice":170,"Ring of Fury":390,"Art of War":183,"Membership Card":379,"TungstenRod":170,"aspiration:MarisaSkillbook":243}],"TungstenRod":93,"Mercury Hourglass":[126]},"card_choices":[{"not_picked":["RobotSpaceExplorer:StunGrenade","RobotSpaceExplorer:PlasmaMissile"],"picked":"RobotSpaceExplorer:MiniBoosters","floor":1},{"not_picked":["RobotSpaceExplorer:Calculate","RobotSpaceExplorer:StarDust"],"picked":"RobotSpaceExplorer:FrostMissile","floor":4},{"not_picked":["RobotSpaceExplorer:Ammunition","RobotSpaceExplorer:Scanner"],"picked":"RobotSpaceExplorer:TurboDodge","floor":5},{"not_picked":["RobotSpaceExplorer:RigExplosive","RobotSpaceExplorer:ShockKick"],"picked":"RobotSpaceExplorer:MiniDrones","floor":7},{"not_picked":["RobotSpaceExplorer:GlueSpray","RobotSpaceExplorer:GlueShot"],"picked":"RobotSpaceExplorer:Probe","floor":8},{"not_picked":["RobotSpaceExplorer:ShovelStrike","RobotSpaceExplorer:Probe"],"picked":"RobotSpaceExplorer:DoubleBlock","floor":10},{"not_picked":["RobotSpaceExplorer:IronShell","RobotSpaceExplorer:ImprovisedAttack"],"picked":"RobotSpaceExplorer:Smokescreen","floor":11},{"not_picked":["RobotSpaceExplorer:Counterblock","RobotSpaceExplorer:MiniDrones"],"picked":"RobotSpaceExplorer:DroneSwarm","floor":12},{"not_picked":["RobotSpaceExplorer:StarDust","RobotSpaceExplorer:Probe"],"picked":"RobotSpaceExplorer:ScrapMissile","floor":14},{"not_picked":["RobotSpaceExplorer:Blaster","RobotSpaceExplorer:DroneSwarm"],"picked":"RobotSpaceExplorer:Multitool","floor":16},{"not_picked":["RobotSpaceExplorer:Reload+1","RobotSpaceExplorer:ShockKick"],"picked":"RobotSpaceExplorer:LuckyStrike","floor":18},{"not_picked":["RobotSpaceExplorer:ScrapMissile+1","RobotSpaceExplorer:SwiftStep+1"],"picked":"RobotSpaceExplorer:HighVoltage","floor":21},{"not_picked":["RobotSpaceExplorer:ImprovisedAttack","RobotSpaceExplorer:GlueSpray"],"picked":"RobotSpaceExplorer:MetalStrike+1","floor":22},{"not_picked":["RobotSpaceExplorer:StarDust","RobotSpaceExplorer:ShockKick"],"picked":"RobotSpaceExplorer:BlastShield","floor":24},{"not_picked":["RobotSpaceExplorer:FranticSearch","RobotSpaceExplorer:Autoloader"],"picked":"RobotSpaceExplorer:PowerGlove+1","floor":27},{"not_picked":["RobotSpaceExplorer:ShovelStrike","RobotSpaceExplorer:SlimeMissile"],"picked":"RobotSpaceExplorer:LuckyStrike","floor":29},{"not_picked":["RobotSpaceExplorer:ScrapMissile","RobotSpaceExplorer:Probe"],"picked":"RobotSpaceExplorer:SelfCleaning","floor":30},{"not_picked":["RobotSpaceExplorer:FrostMissile","RobotSpaceExplorer:Jetpack"],"picked":"RobotSpaceExplorer:FreezingShield+1","floor":31},{"not_picked":["RobotSpaceExplorer:Explosion","RobotSpaceExplorer:Arsenal"],"picked":"RobotSpaceExplorer:TrailblazerForm","floor":33},{"not_picked":["RobotSpaceExplorer:Calculate","RobotSpaceExplorer:FrostMissile+1"],"picked":"RobotSpaceExplorer:SurgingShield+1","floor":35},{"not_picked":["Blind","expansioncontent:DarkVoid"],"picked":"expansioncontent:CaCaw","floor":36},{"not_picked":["ReplayTheSpireMod:Trickstab","Madness"],"picked":"Discovery","floor":36},{"not_picked":["RobotSpaceExplorer:SlimeMissile+1","RobotSpaceExplorer:Probe+1"],"picked":"RobotSpaceExplorer:ImprovisedAttack+1","floor":39},{"not_picked":["RobotSpaceExplorer:Ammunition+1","RobotSpaceExplorer:MetalStrike+1"],"picked":"RobotSpaceExplorer:Blitz+1","floor":41},{"not_picked":["RobotSpaceExplorer:LuckyStrike+1","RobotSpaceExplorer:ImprovisedAttack"],"picked":"RobotSpaceExplorer:SurgingShield","floor":44},{"not_picked":["RobotSpaceExplorer:ShockKick+1","RobotSpaceExplorer:SwiftStep+1"],"picked":"RobotSpaceExplorer:SurgingStrike+1","floor":45},{"not_picked":["RobotSpaceExplorer:FrostMissile+1","RobotSpaceExplorer:StarDust"],"picked":"RobotSpaceExplorer:MiniBoosters","floor":48}],"player_experience":447494,"relics_obtained":[{"floor":2,"key":"ReplayTheSpireMod:Ring of Collecting"},{"floor":2,"key":"Ring of Searing"},{"floor":8,"key":"TungstenRod"},{"floor":9,"key":"Ring of Fangs"},{"floor":9,"key":"Replay:Wax Seal"},{"floor":12,"key":"hubris:FunFungus"},{"floor":24,"key":"hubris:ToyBattleship"},{"floor":26,"key":"ReplayTheSpireMod:Ring of Exchange"},{"floor":26,"key":"hubris:TenFootPole"},{"floor":27,"key":"Juzu Bracelet"},{"floor":41,"key":"conspire:Flyswatter"},{"floor":43,"key":"Ring of Fury"},{"floor":43,"key":"Mummified Hand"},{"floor":44,"key":"conspire:Dentures"},{"floor":48,"key":"Mercury Hourglass"},{"floor":49,"key":"Replay:Towering Pillar of Hats"}],"event_choices":[{"cards_removed":["RobotSpaceExplorer:Strike"],"damage_healed":0,"gold_gain":0,"player_choice":"Purged","damage_taken":0,"max_hp_gain":0,"max_hp_loss":0,"event_name":"Purifier","floor":13,"gold_loss":0},{"damage_healed":0,"gold_gain":0,"player_choice":"Traded Relic","damage_taken":0,"relics_obtained":["Nloth\u0027s Gift"],"max_hp_gain":0,"max_hp_loss":0,"event_name":"N\u0027loth","floor":20,"relics_lost":["MerchantsRug"],"gold_loss":0},{"damage_healed":0,"gold_gain":0,"player_choice":"Ignored","damage_taken":0,"max_hp_gain":0,"max_hp_loss":0,"event_name":"Ghosts","floor":28,"gold_loss":0},{"damage_healed":0,"gold_gain":3,"player_choice":"1","damage_taken":0,"max_hp_gain":0,"max_hp_loss":0,"event_name":"betterStone:BetterStone","floor":36,"gold_loss":0},{"damage_healed":0,"gold_gain":0,"player_choice":"Embrace Madness","damage_taken":10,"max_hp_gain":0,"max_hp_loss":0,"event_name":"Winding Halls","floor":38,"gold_loss":0,"cards_obtained":["Madness","Madness"]},{"damage_healed":72,"gold_gain":0,"player_choice":"Heal","damage_taken":0,"max_hp_gain":0,"max_hp_loss":10,"event_name":"The Moai Head","floor":46,"gold_loss":0}],"is_beta":false,"boss_relics":[{"not_picked":["conspire:SpecialSausage","RobotSpaceExplorer:TurboCore"],"picked":"conspire:RoyalGoblet"},{"not_picked":["Pandora\u0027s Box","Snecko Eye"],"picked":"Guardian:BottledAnomaly"}],"items_purged_floors":[3],"is_endless":false,"potions_floor_spawned":[5,7,8,10,14,21,22,29,30,35,45,48],"ascension_level":1}}