{"host":"1hzg86ju9fvxh562","time":1609785941,"event":{"mods":["AchievementEnabler","Act Like it!","AlwaysNeverKeys","BaseMod","Bestiary","Better Altar","Better Match","Better Note","Better Sensory Stone","Better Skull","Better Third Choice","Colored Map","Colored Powertips","Curses Come First","Displayed Cursed Tome","Filter the Spire","Highlight Path","Keyboard Shortcuts","Minty Spire (QoL Compilation)","Rare Cards Sparkle","Relic Sorter","Relic Stats","Spicy Shops","StSLib","everything is the same but u backflip on backflip","slay the spire mod where everything is the same but ironclad has a cowboy hat"],"gold_per_floor":[117,42,150,160,110,110,110],"floor_reached":6,"playtime":243,"items_purged":["Entrench"],"score":34,"play_id":"f79c9f49-df3f-4388-9245-7d5083520516","local_time":"20210104164541","is_ascension_mode":false,"campfire_choices":[],"circlet_count":0,"master_deck":["Bash","Pummel+1","True Grit","Spot Weakness","Double Tap+1","Warcry","Brutality","Clothesline+1","True Grit"],"relics":["Pandora\u0027s Box"],"acts_visited":["Exordium"],"potions_floor_usage":[],"damage_taken":[{"damage":1,"enemies":"Cultist","floor":1,"turns":2},{"damage":9,"enemies":"Jaw Worm","floor":4,"turns":2},{"damage":19,"enemies":"Lagavulin","floor":6,"turns":6}],"seed_played":"-1577101494047115487","potions_obtained":[{"floor":4,"key":"Fire Potion"}],"is_trial":false,"path_per_floor":["M","$","?","M","?","E"],"character_chosen":"IRONCLAD","items_purchased":[],"campfire_rested":0,"item_purchase_floors":[],"current_hp_per_floor":[79,79,28,19,19,0,0],"gold":110,"neow_bonus":"BOSS_RELIC","is_daily":false,"chose_seed":false,"campfire_upgraded":0,"win_rate":0.0,"timestamp":1609785941,"path_taken":["M","?","?","?","?","E"],"items_purchased_type":[],"build_version":"2020-12-22","purchased_purges":1,"victory":false,"max_hp_per_floor":[80,80,80,80,80,80,80],"relic_stats":{"counters":[3,9],"Pandora\u0027s Box":["Pummel","Entrench","True Grit","Spot Weakness","Double Tap","Warcry","Brutality","Clothesline","Clothesline"],"obtain_stats":[{"Pandora\u0027s Box":0,"Burning Blood":0},{"Pandora\u0027s Box":0,"Burning Blood":0},{"Pandora\u0027s Box":0,"Burning Blood":0}]},"card_choices":[{"not_picked":["Flex","Combust","Seeing Red"],"picked":"SKIP","floor":1},{"not_picked":["Disarm","Clothesline"],"picked":"True Grit","floor":4}],"player_experience":423368,"relics_obtained":[],"event_choices":[{"damage_healed":0,"gold_gain":108,"player_choice":"UP UP UP GO ","damage_taken":58,"relics_obtained":[],"max_hp_gain":0,"max_hp_loss":0,"event_name":"betterSkull:BetterSkull","floor":3,"gold_loss":0,"cards_upgraded":["Pummel","Double Tap","Clothesline"]},{"cards_removed":["Clothesline"],"damage_healed":0,"gold_gain":0,"player_choice":"Card Removal","damage_taken":0,"max_hp_gain":0,"max_hp_loss":0,"event_name":"The Cleric","floor":5,"gold_loss":50}],"is_beta":false,"boss_relics":[],"items_purged_floors":[2],"is_endless":false,"potions_floor_spawned":[4],"killed_by":"Lagavulin","ascension_level":0}}