{"host":"q1tlngmkbyqa4avn","time":1609799586,"event":{"mods":["BaseMod","Curses Come First","Hermit","Minty Spire (QoL Compilation)","Rare Cards Sparkle","StSLib"],"gold_per_floor":[116,116,191,206,60,60,60,93,139,169,169,179,196,209,209,312,362,377,377,652,668,686,686,686],"floor_reached":23,"playtime":957,"items_purged":[],"score":271,"play_id":"e62bb182-efff-44e8-bb2d-cd1ed19bb488","local_time":"20210104173306","is_ascension_mode":true,"campfire_choices":[{"data":"hermit:Maintenance","floor":6.0,"key":"SMITH"},{"data":"hermit:DeadMansHand","floor":11.0,"key":"SMITH"},{"data":"hermit:HighCaliber","floor":15.0,"key":"SMITH"}],"circlet_count":0,"master_deck":["hermit:Strike_Hermit","hermit:Strike_Hermit","hermit:Strike_Hermit","hermit:Strike_Hermit+1","hermit:Defend_Hermit","hermit:Defend_Hermit+1","hermit:Defend_Hermit","hermit:Defend_Hermit","hermit:Snapshot","hermit:Covet","hermit:BodyArmor","hermit:NoHoldsBarred","hermit:Maintenance+1","hermit:DeadMansHand+1","hermit:RoundhouseKick","hermit:HighCaliber+1","hermit:OverwhelmingPower+1","Writhe","Regret","hermit:FullyLoaded"],"relics":["hermit:Momento","Blue Candle","HornCleat","Smiling Mask","Dream Catcher","Tiny House","Oddly Smooth Stone"],"acts_visited":["Exordium","TheCity"],"potions_floor_usage":[22,22,22,23,23],"damage_taken":[{"damage":2.0,"enemies":"Small Slimes","floor":1.0,"turns":4.0},{"damage":2.0,"enemies":"Jaw Worm","floor":4.0,"turns":5.0},{"damage":27.0,"enemies":"Gremlin Nob","floor":8.0,"turns":5.0},{"damage":10.0,"enemies":"Lagavulin","floor":10.0,"turns":8.0},{"damage":0.0,"enemies":"2 Louse","floor":12.0,"turns":2.0},{"damage":6.0,"enemies":"Gremlin Gang","floor":13.0,"turns":2.0},{"damage":0.0,"enemies":"3 Louse","floor":14.0,"turns":2.0},{"damage":18.0,"enemies":"The Guardian","floor":16.0,"turns":12.0},{"damage":23.0,"enemies":"2 Thieves","floor":18.0,"turns":5.0},{"damage":22,"enemies":"Spheric Guardian","floor":21,"turns":5},{"damage":30,"enemies":"Centurion and Healer","floor":22,"turns":6},{"damage":13,"enemies":"Slavers","floor":23,"turns":1}],"seed_played":"-1095364938527615163","potions_obtained":[{"floor":0.0,"key":"EntropicBrew"},{"floor":0.0,"key":"FairyPotion"},{"floor":0.0,"key":"Strength Potion"},{"floor":8.0,"key":"AttackPotion"},{"floor":10.0,"key":"FairyPotion"},{"floor":16.0,"key":"Explosive Potion"},{"floor":18.0,"key":"Ancient Potion"}],"is_trial":false,"path_per_floor":["M","?","?","M","$","R","T","E","T","E","R","M","M","M","R","B",null,"M","?","?","M","M","E"],"character_chosen":"HERMIT","items_purchased":["hermit:Maintenance","hermit:DeadMansHand"],"campfire_rested":0,"item_purchase_floors":[5,5],"current_hp_per_floor":[66,51,40,38,38,38,38,11,11,1,1,1,22,22,22,4,62,39,39,39,17,11,0,0],"gold":686,"neow_bonus":"THREE_SMALL_POTIONS","is_daily":false,"chose_seed":false,"campfire_upgraded":3,"win_rate":0.0,"timestamp":1609799586,"path_taken":["M","?","?","M","?","R","?","E","T","E","R","M","M","?","R","BOSS","M","?","?","?","M","E"],"items_purchased_type":["Card","Card"],"build_version":"2020-12-22","purchased_purges":0,"victory":false,"max_hp_per_floor":[75,75,75,75,75,75,75,75,75,75,75,75,75,75,75,75,80,80,80,80,80,80,80,80],"card_choices":[{"not_picked":["hermit:Ricochet","hermit:SprayPray"],"picked":"hermit:BodyArmor","floor":1.0},{"not_picked":["hermit:LowProfile","hermit:Vantage"],"picked":"hermit:NoHoldsBarred","floor":4.0},{"not_picked":["hermit:HoleUp","hermit:Manifest","hermit:CalledShot"],"picked":"SKIP","floor":8.0},{"not_picked":["hermit:PistolWhip","hermit:Horror"],"picked":"hermit:RoundhouseKick","floor":10.0},{"not_picked":["hermit:Glare","hermit:Headshot","hermit:CalledShot"],"picked":"SKIP","floor":12.0},{"not_picked":["hermit:TrackingShot","hermit:Dive"],"picked":"hermit:HighCaliber","floor":13.0},{"not_picked":["hermit:DeadMansHand","hermit:SprayPray","hermit:Quickdraw"],"picked":"SKIP","floor":14.0},{"not_picked":["hermit:Reprieve","hermit:BlackWind"],"picked":"hermit:OverwhelmingPower","floor":16.0},{"not_picked":["hermit:Roulette","hermit:Snipe","hermit:TakeAim+1"],"picked":"SKIP","floor":18.0},{"not_picked":["hermit:Enervate","hermit:Desperado","hermit:Grudge"],"picked":"SKIP","floor":21},{"not_picked":["hermit:TrackingShot+1","hermit:LoneWolf"],"picked":"hermit:FullyLoaded","floor":22}],"player_experience":984038,"relics_obtained":[{"floor":7.0,"key":"Blue Candle"},{"floor":8.0,"key":"HornCleat"},{"floor":9.0,"key":"Smiling Mask"},{"floor":10.0,"key":"Dream Catcher"}],"event_choices":[{"damage_healed":0.0,"max_hp_gain":0.0,"max_hp_loss":0.0,"gold_gain":0.0,"event_name":"Shining Light","player_choice":"Entered Light","floor":2.0,"gold_loss":0.0,"damage_taken":15.0,"cards_upgraded":["hermit:Strike_Hermit","hermit:Defend_Hermit"]},{"damage_healed":0.0,"max_hp_gain":0.0,"max_hp_loss":0.0,"gold_gain":75.0,"event_name":"World of Goop","player_choice":"Gather Gold","floor":3.0,"gold_loss":0.0,"damage_taken":11.0},{"damage_healed":0.0,"max_hp_gain":0.0,"max_hp_loss":0.0,"gold_gain":0.0,"event_name":"The Mausoleum","player_choice":"Opened","floor":19.0,"gold_loss":0.0,"damage_taken":0.0,"relics_obtained":["Oddly Smooth Stone"],"cards_obtained":["Writhe"]},{"damage_healed":0.0,"max_hp_gain":0.0,"max_hp_loss":0.0,"gold_gain":275.0,"event_name":"Golden Shrine","player_choice":"Desecrate","floor":20.0,"gold_loss":0.0,"damage_taken":0.0,"cards_obtained":["Regret"]}],"is_beta":false,"boss_relics":[{"not_picked":["Runic Pyramid","Ectoplasm"],"picked":"Tiny House"}],"items_purged_floors":[],"is_endless":false,"potions_floor_spawned":[4,8,10,16,18],"killed_by":"Slavers","ascension_level":7}}