{"host":"gzsdmyo07u314vug","time":1609725016,"event":{"mods":["2.2 Compatiblity","BaseMod","Downfall","GifTheSpireLib","Minty Spire (QoL Compilation)","Quick Restart","Rare Cards Sparkle","Relic Stats","Replay The Spire","Shop Mod","StSLib","The Bug Knight","The Construct","The Elementalist","The IronCluck","The Servant 0.9.4","Unceasing Turn Reminder","everything is the same but u backflip on backflip","slay the spire mod where everything is the same but ironclad has a cowboy hat","vexMod"],"gold_per_floor":[111,111,186,196,212,212,57,57,57,57,57,57,91,110,110,110,110],"floor_reached":16,"playtime":391,"items_purged":["Strike_B"],"score":197,"play_id":"4fa8846d-1c27-465a-89e6-7e1e2cc45c7b","local_time":"20210103225016","is_ascension_mode":true,"campfire_choices":[{"floor":6,"key":"REST"},{"data":"Glacier","floor":8,"key":"SMITH"},{"data":"Dualcast","floor":10,"key":"SMITH"},{"data":"Hologram","floor":15,"key":"SMITH"}],"circlet_count":0,"master_deck":["AscendersBane","Strike_B+1","Strike_B+1","Defend_B","Defend_B","Defend_B","Defend_B","Zap+1","Dualcast+1","Conserve Battery","Redo","Coolheaded","Glacier+1","ReplayTheSpireMod:Omega Cannon","ReplayTheSpireMod:Repulse","Hologram+1"],"relics":["Cracked Core","Frozen Egg 2","ReplayTheSpireMod:TigerMarble"],"acts_visited":["Exordium"],"potions_floor_usage":[13],"damage_taken":[{"damage":7,"enemies":"Jaw Worm","floor":1,"turns":3},{"damage":0,"enemies":"Small Slimes","floor":4,"turns":3},{"damage":1,"enemies":"Cultist","floor":5,"turns":3},{"damage":0,"enemies":"3 Sentries","floor":13,"turns":1},{"damage":0,"enemies":"3 Louse","floor":14,"turns":1},{"damage":60,"enemies":"Slime Boss","floor":16,"turns":5}],"seed_played":"-8708762291217796021","potions_obtained":[{"floor":4,"key":"SteroidPotion"},{"floor":5,"key":"Languid Potion"}],"is_trial":false,"path_per_floor":["M","?","?","M","M","R","$","R","T","R","$","?","E","M","R","B"],"character_chosen":"DEFECT","items_purchased":["Glacier"],"campfire_rested":1,"item_purchase_floors":[7],"current_hp_per_floor":[61,46,35,35,34,56,56,56,56,56,56,56,56,56,56,0,0],"gold":110,"neow_bonus":"UPGRADE_CARD","is_daily":false,"chose_seed":false,"campfire_upgraded":3,"win_rate":0.0,"timestamp":1609725016,"path_taken":["M","?","?","M","M","R","$","R","T","R","$","?","E","M","R","BOSS"],"items_purchased_type":["Card"],"build_version":"2020-12-22","purchased_purges":1,"victory":false,"max_hp_per_floor":[75,75,75,75,75,75,75,75,75,75,75,75,75,75,75,75,75],"relic_stats":{"counters":[6,16],"obtain_stats":[{"ReplayTheSpireMod:TigerMarble":13,"Frozen Egg 2":9,"Cracked Core":0},{"ReplayTheSpireMod:TigerMarble":4,"Frozen Egg 2":3,"Cracked Core":0},{"ReplayTheSpireMod:TigerMarble":10,"Frozen Egg 2":9,"Cracked Core":0}]},"card_choices":[{"not_picked":["Barrage","Redo"],"picked":"Conserve Battery","floor":1},{"not_picked":["Ball Lightning","Turbo"],"picked":"Redo","floor":4},{"not_picked":["Steam","Ball Lightning"],"picked":"Coolheaded","floor":5},{"not_picked":["Consume","Streamline"],"picked":"ReplayTheSpireMod:Repulse","floor":13},{"not_picked":["Meteor Strike","Barrage"],"picked":"Hologram","floor":14}],"player_experience":643059,"relics_obtained":[{"floor":9,"key":"Frozen Egg 2"},{"floor":13,"key":"ReplayTheSpireMod:TigerMarble"}],"event_choices":[{"damage_healed":0,"gold_gain":0,"player_choice":"Entered Light","damage_taken":15,"max_hp_gain":0,"max_hp_loss":0,"event_name":"Shining Light","floor":2,"gold_loss":0,"cards_upgraded":["Strike_B","Strike_B"]},{"damage_healed":0,"gold_gain":75,"player_choice":"Gather Gold","damage_taken":11,"max_hp_gain":0,"max_hp_loss":0,"event_name":"World of Goop","floor":3,"gold_loss":0},{"damage_healed":0,"gold_gain":0,"cards_transformed":["Strike_B"],"player_choice":"Transformed","damage_taken":0,"max_hp_gain":0,"max_hp_loss":0,"event_name":"Transmorgrifier","floor":12,"gold_loss":0,"cards_obtained":["ReplayTheSpireMod:Omega Cannon"]}],"is_beta":false,"boss_relics":[],"items_purged_floors":[7],"is_endless":false,"potions_floor_spawned":[4,5],"killed_by":"Slime Boss","ascension_level":12}}