{"host":"sum4dy402bbv9y4o","time":1609776869,"event":{"mods":["Aspiration","BaseMod","Conspire","Highlight Path","Minty Spire (QoL Compilation)","StSLib"],"gold_per_floor":[115,131,2,52,69,95,95,127,152,152,162,182,198,226,226,226,226],"floor_reached":16,"playtime":558,"items_purged":["Strike_B"],"score":244,"play_id":"0dc1350f-2978-4586-b8c9-ebcb5959da3c","local_time":"20210104191429","is_ascension_mode":true,"campfire_choices":[{"data":"Dualcast","floor":7,"key":"SMITH"},{"data":"Beam Cell","floor":10,"key":"SMITH"},{"data":"Capacitor","floor":15,"key":"SMITH"}],"circlet_count":0,"master_deck":["AscendersBane","Strike_B","Strike_B","Strike_B","Defend_B","Defend_B","Defend_B","Defend_B","Zap","Dualcast+1","Ball Lightning","Rebound","Chill","Ball Lightning","Beam Cell+1","Rebound","Capacitor+1","Rip and Tear","Rebound"],"relics":["Cracked Core","aspiration:Nostalgia","PureWater","Anchor","Happy Flower","Ancient Tea Set","Bird Faced Urn"],"acts_visited":["Exordium"],"potions_floor_usage":[14,16],"damage_taken":[{"damage":1,"enemies":"Cultist","floor":1,"turns":3},{"damage":1,"enemies":"2 Louse","floor":2,"turns":2},{"damage":2,"enemies":"Jaw Worm","floor":5,"turns":3},{"damage":11,"enemies":"3 Sentries","floor":6,"turns":6},{"damage":8,"enemies":"Gremlin Nob","floor":8,"turns":3},{"damage":0,"enemies":"Blue Slaver","floor":11,"turns":2},{"damage":0,"enemies":"Gremlin Gang","floor":12,"turns":4},{"damage":0,"enemies":"Exordium Wildlife","floor":13,"turns":1},{"damage":8,"enemies":"3 Sentries","floor":14,"turns":5},{"damage":38,"enemies":"The Guardian","floor":16,"turns":8}],"seed_played":"3611729213765239773","potions_obtained":[{"floor":6,"key":"Dexterity Potion"},{"floor":14,"key":"PotionOfCapacity"}],"is_trial":false,"path_per_floor":["M","M","$","?","M","E","R","E","T","R","M","M","M","E","R","B"],"character_chosen":"DEFECT","items_purchased":["Block Potion"],"campfire_rested":0,"item_purchase_floors":[3],"current_hp_per_floor":[63,62,62,62,60,49,49,41,41,41,41,41,41,33,33,0,0],"gold":226,"neow_bonus":"NOSTALGIA","is_daily":false,"chose_seed":false,"campfire_upgraded":3,"win_rate":0.0,"timestamp":1609776869,"path_taken":["M","?","$","?","M","E","R","E","T","R","M","M","M","E","R","BOSS"],"items_purchased_type":["Potion"],"build_version":"2020-12-22","purchased_purges":1,"victory":false,"max_hp_per_floor":[71,71,71,71,71,71,71,71,71,71,71,71,71,71,71,71,71],"card_choices":[{"not_picked":["Rip and Tear","Redo"],"picked":"Ball Lightning","floor":1},{"not_picked":["Turbo","Steam"],"picked":"Rebound","floor":2},{"not_picked":["Barrage","Compile Driver"],"picked":"Chill","floor":5},{"not_picked":["Fission","Blizzard"],"picked":"Ball Lightning","floor":6},{"not_picked":["Skim","Coolheaded"],"picked":"Beam Cell","floor":8},{"not_picked":["Steam","Compile Driver"],"picked":"Rebound","floor":11},{"not_picked":["Fusion","Force Field"],"picked":"Capacitor","floor":12},{"not_picked":["Static Discharge","Loop"],"picked":"Rip and Tear","floor":13},{"not_picked":["Blizzard","Turbo"],"picked":"Rebound","floor":14}],"player_experience":2902565,"relics_obtained":[{"floor":6,"key":"Anchor"},{"floor":8,"key":"Happy Flower"},{"floor":9,"key":"Ancient Tea Set"},{"floor":14,"key":"Bird Faced Urn"}],"event_choices":[{"damage_healed":0,"gold_gain":50,"player_choice":"Pray","damage_taken":0,"max_hp_gain":0,"max_hp_loss":0,"event_name":"Golden Shrine","floor":4,"gold_loss":0}],"is_beta":false,"boss_relics":[],"items_purged_floors":[3],"is_endless":false,"potions_floor_spawned":[6,8,11,13,14],"killed_by":"The Guardian","ascension_level":20}}