{"host":"8fuipfsvjht9cgcs","time":1609803503,"event":{"mods":["AchievementEnabler","BaseMod","Colored Map","Colored Powertips","Minty Spire (QoL Compilation)","Replay The Spire","StSLib","SuperFastMode","The Gatherer"],"gold_per_floor":[117,129,146,146,158,158,28,28,28,28,103,129,142,171,171,269,269,252,262,187,62,81,116,116,142,142,175,175,175,185,214,214,312,312,330,350,350,5,5,5,30,30,57,88,88,105,116,147,147,147],"floor_reached":51,"playtime":2563,"items_purged":["Strike_G","Strike_G+1"],"score":1304,"play_id":"3340387c-3fae-4e8c-aff6-fc26f641746c","local_time":"20210105123823","is_ascension_mode":true,"campfire_choices":[{"data":"Footwork","floor":6.0,"key":"SMITH"},{"data":"Accuracy","floor":8.0,"key":"SMITH"},{"data":"Cloak And Dagger","floor":10.0,"key":"SMITH"},{"data":"Blade Dance","floor":15.0,"key":"SMITH"},{"data":"Burst","floor":24.0,"key":"SMITH"},{"data":"Calculated Gamble","floor":28.0,"key":"SMITH"},{"data":"ReplayTheSpireMod:Scrap Shanks","floor":32.0,"key":"SMITH"},{"data":"Madness","floor":40.0,"key":"SMITH"},{"floor":45.0,"key":"RECALL"},{"data":"Strike_G+1","floor":49.0,"key":"PURGE"}],"circlet_count":1,"master_deck":["Defend_G+1","Defend_G+1","Survivor+1","Neutralize+1","Catalyst+1","Escape Plan+1","Escape Plan+1","Footwork+1","Dash+1","Escape Plan+1","Accuracy+1","Cloak And Dagger+1","Blade Dance+1","Night Terror+1","Envenom+1","Burst+1","ReplayTheSpireMod:Scrap Shanks+1","Cloak And Dagger+1","Tactician+1","Noxious Fumes+1","Calculated Gamble+1","Prepared+1","Reflex+1","Madness+1","Madness+1","ReplayTheSpireMod:Tripwire+1","Tactician+1"],"relics":["Ring of the Snake","Ninja Scroll","Eternal Feather","Smiling Mask","Coffee Dripper","Bag of Preparation","Matryoshka","White Beast Statue","Sundial","Oddly Smooth Stone","Ancient Tea Set","HoveringKite","Mark of the Bloom","CaptainsWheel","Bottled Lightning","Akabeko","Nunchaku","War Paint","Circlet"],"acts_visited":["Exordium","TheCity","TheBeyond"],"potions_floor_usage":[],"damage_taken":[{"damage":0.0,"enemies":"2 Louse","floor":1.0,"turns":5.0},{"damage":3.0,"enemies":"Cultist","floor":2.0,"turns":5.0},{"damage":2.0,"enemies":"Jaw Worm","floor":3.0,"turns":5.0},{"damage":4.0,"enemies":"2 Fungi Beasts","floor":5.0,"turns":5.0},{"damage":8.0,"enemies":"3 Sentries","floor":12.0,"turns":8.0},{"damage":0.0,"enemies":"Looter","floor":13.0,"turns":3.0},{"damage":0.0,"enemies":"Lagavulin","floor":14.0,"turns":5.0},{"damage":0.0,"enemies":"Hexaghost","floor":16.0,"turns":6.0},{"damage":11.0,"enemies":"2 Thieves","floor":18.0,"turns":4.0},{"damage":4.0,"enemies":"Shell Parasite","floor":19.0,"turns":6.0},{"damage":23.0,"enemies":"Sentry and Sphere","floor":22.0,"turns":6.0},{"damage":7.0,"enemies":"Book of Stabbing","floor":23.0,"turns":4.0},{"damage":0.0,"enemies":"Gremlin Leader","floor":25.0,"turns":7.0},{"damage":2.0,"enemies":"Slavers","floor":27.0,"turns":5.0},{"damage":15.0,"enemies":"Centurion and Healer","floor":30.0,"turns":4.0},{"damage":4.0,"enemies":"Book of Stabbing","floor":31.0,"turns":4.0},{"damage":0.0,"enemies":"Champ","floor":33.0,"turns":4.0},{"damage":0.0,"enemies":"3 Shapes","floor":35.0,"turns":3.0},{"damage":16.0,"enemies":"3 Darklings","floor":36.0,"turns":5.0},{"damage":0.0,"enemies":"Nemesis","floor":41.0,"turns":5.0},{"damage":0.0,"enemies":"Giant Head","floor":44.0,"turns":4.0},{"damage":0.0,"enemies":"Jaw Worm Horde","floor":46.0,"turns":4.0},{"damage":1.0,"enemies":"Writhing Mass","floor":47.0,"turns":5.0},{"damage":0.0,"enemies":"Reptomancer","floor":48.0,"turns":5.0},{"damage":3,"enemies":"Replay:Hell Engine","floor":50,"turns":6}],"seed_played":"7693232204137220385","potions_obtained":[{"floor":1.0,"key":"EntropicBrew"},{"floor":3.0,"key":"Swift Potion"},{"floor":13.0,"key":"GhostInAJar"},{"floor":25.0,"key":"Energy Potion"},{"floor":27.0,"key":"Adrenaline Potion"},{"floor":30.0,"key":"Explosive Potion"},{"floor":31.0,"key":"Fire Potion"},{"floor":33.0,"key":"Regen Potion"},{"floor":35.0,"key":"Explosive Potion"},{"floor":36.0,"key":"Weak Potion"},{"floor":41.0,"key":"Energy Potion"},{"floor":47.0,"key":"Toxic Potion"}],"is_trial":false,"path_per_floor":["M","M","M","?","M","R","$","R","T","R","?","E","M","E","R","B",null,"M","M","?","$","M","E","R","E","T","E","R","?","M","E","R","B",null,"M","M","?","$","?","R","E","$","T","E","R","M","M","E","R_BF","B",null],"character_chosen":"THE_SILENT","items_purchased":["Accuracy","Cloak And Dagger","ReplayTheSpireMod:Scrap Shanks","CaptainsWheel"],"campfire_rested":0,"item_purchase_floors":[7,7,21,38],"current_hp_per_floor":[45,42,40,40,36,36,36,36,36,36,25,17,17,17,26,26,59,48,44,44,44,21,14,26,26,26,24,36,36,21,17,29,29,60,60,44,44,44,35,35,35,35,35,35,35,35,34,34,34,31],"gold":147,"neow_bonus":"TRANSFORM_TWO_CARDS","is_daily":false,"chose_seed":false,"campfire_upgraded":8,"win_rate":0.0,"timestamp":1609803503,"path_taken":["M","M","M","?","?","R","$","R","T","R","?","E","M","E","R","BOSS","M","M","?","$","M","E","R","E","T","E","R","?","M","E","R","BOSS","M","M","?","$","?","R","E","$","T","E","R","M","M","E","R_BF","BOSS"],"items_purchased_type":["Card","Card","Card","Relic"],"build_version":"2020-12-22","purchased_purges":2,"victory":true,"max_hp_per_floor":[70,70,70,70,70,70,70,70,70,70,70,70,70,70,70,70,70,70,70,70,70,70,70,70,70,70,70,70,70,70,70,70,70,70,70,70,70,70,70,70,70,70,70,70,70,70,70,70,70,70],"card_choices":[{"not_picked":["Flying Knee","Sucker Punch"],"picked":"Escape Plan","floor":1.0},{"not_picked":["Flying Knee","Predator"],"picked":"Footwork","floor":2.0},{"not_picked":["Flying Knee","Outmaneuver"],"picked":"Dash","floor":3.0},{"not_picked":["Dagger Throw","Blade Dance"],"picked":"Escape Plan","floor":5.0},{"not_picked":["Backstab","Outmaneuver"],"picked":"Blade Dance","floor":12.0},{"not_picked":["Dagger Spray","Underhanded Strike"],"picked":"Night Terror","floor":13.0},{"not_picked":["Dagger Spray","Deflect","Choke"],"picked":"SKIP","floor":14.0},{"not_picked":["A Thousand Cuts","Malaise"],"picked":"Envenom","floor":16.0},{"not_picked":["PiercingWail","Deflect","Choke"],"picked":"SKIP","floor":18.0},{"not_picked":["Prepared","Acrobatics"],"picked":"Burst","floor":19.0},{"not_picked":["Poisoned Stab","Bane"],"picked":"Cloak And Dagger","floor":22.0},{"not_picked":["PiercingWail","ReplayTheSpireMod:Necrosis"],"picked":"Tactician","floor":23.0},{"not_picked":["Deflect","ReplayTheSpireMod:Necrosis"],"picked":"Noxious Fumes+1","floor":25.0},{"not_picked":["Dagger Throw+1","Prepared"],"picked":"Calculated Gamble","floor":27.0},{"not_picked":["PiercingWail","Backflip"],"picked":"Prepared","floor":30.0},{"not_picked":["Acrobatics","PiercingWail","Quick Slash"],"picked":"SKIP","floor":31.0},{"not_picked":["PiercingWail+1","Dash+1"],"picked":"Reflex+1","floor":35.0},{"not_picked":["Cloak And Dagger","Dash","Quick Slash+1"],"picked":"SKIP","floor":36.0},{"not_picked":["Poisoned Stab","Sneak Up"],"picked":"ReplayTheSpireMod:Tripwire+1","floor":41.0},{"not_picked":["Dagger Throw+1","Riddle With Holes","Blade Dance"],"picked":"SKIP","floor":44.0},{"not_picked":["Fluid Movement+1","ReplayTheSpireMod:Speed Training"],"picked":"Tactician+1","floor":46.0},{"not_picked":["Outmaneuver","Bane+1","Flying Knee"],"picked":"SKIP","floor":47.0},{"not_picked":["Blade Dance+1","ReplayTheSpireMod:Necrosis","Masterful Stab+1"],"picked":"SKIP","floor":48.0}],"player_experience":348387,"relics_obtained":[{"floor":9.0,"key":"Ninja Scroll"},{"floor":12.0,"key":"Eternal Feather"},{"floor":14.0,"key":"Smiling Mask"},{"floor":23.0,"key":"Bag of Preparation"},{"floor":25.0,"key":"Matryoshka"},{"floor":26.0,"key":"White Beast Statue"},{"floor":26.0,"key":"Sundial"},{"floor":27.0,"key":"Oddly Smooth Stone"},{"floor":31.0,"key":"Ancient Tea Set"},{"floor":41.0,"key":"Bottled Lightning"},{"floor":43.0,"key":"Akabeko"},{"floor":43.0,"key":"Nunchaku"},{"floor":44.0,"key":"War Paint"},{"floor":48.0,"key":"Dead Branch"}],"event_choices":[{"cards_removed":["Defend_G"],"damage_healed":0.0,"max_hp_gain":0.0,"max_hp_loss":0.0,"gold_gain":0.0,"event_name":"Bonfire Elementals","player_choice":"Offered Basic","floor":4.0,"gold_loss":0.0,"damage_taken":0.0},{"damage_healed":0.0,"max_hp_gain":0.0,"max_hp_loss":0.0,"gold_gain":75.0,"event_name":"World of Goop","player_choice":"Gather Gold","floor":11.0,"gold_loss":0.0,"damage_taken":11.0},{"cards_removed":["Strike_G"],"damage_healed":0.0,"max_hp_gain":0.0,"max_hp_loss":0.0,"gold_gain":0.0,"event_name":"Beggar","player_choice":"Gave Gold","floor":20.0,"gold_loss":75.0,"damage_taken":0.0},{"cards_removed":["Defend_G"],"damage_healed":0.0,"max_hp_gain":0.0,"max_hp_loss":0.0,"gold_gain":0.0,"event_name":"Back to Basics","player_choice":"Elegance","floor":29.0,"gold_loss":0.0,"damage_taken":0.0},{"damage_healed":0.0,"max_hp_gain":0.0,"max_hp_loss":0.0,"gold_gain":0.0,"event_name":"MindBloom","player_choice":"Upgrade","floor":37.0,"gold_loss":0.0,"damage_taken":0.0,"cards_upgraded":["Strike_G","Strike_G","Defend_G","Defend_G","Survivor","Neutralize","Catalyst","Escape Plan","Escape Plan","Dash","Escape Plan","Night Terror","Envenom","Cloak And Dagger","Tactician","Prepared"],"relics_obtained":["Mark of the Bloom"]},{"damage_healed":0.0,"max_hp_gain":0.0,"max_hp_loss":0.0,"gold_gain":0.0,"event_name":"Winding Halls","player_choice":"Embrace Madness","floor":39.0,"gold_loss":0.0,"damage_taken":9.0,"cards_obtained":["Madness","Madness"]}],"is_beta":false,"boss_relics":[{"not_picked":["Philosopher\u0027s Stone","Ectoplasm"],"picked":"Coffee Dripper"},{"not_picked":["SlaversCollar","Cursed Key"],"picked":"HoveringKite"}],"items_purged_floors":[21,38],"is_endless":false,"potions_floor_spawned":[1,3,13,14,16,25,27,30,31,33,35,36,41,44,46,47,48],"ascension_level":8}}