{"host":"qej2n2dxpc0uppw7","time":1609742787,"event":{"mods":["BaseMod","Colored Map","Minty Spire (QoL Compilation)","StSLib"],"gold_per_floor":[119,137,151,2,11,11,11],"floor_reached":6,"playtime":401,"items_purged":[],"score":38,"play_id":"7f78476d-1481-4fa0-be38-c72263e0f631","local_time":"20210104034627","is_ascension_mode":false,"campfire_choices":[],"circlet_count":0,"master_deck":["Strike_G","Strike_G","Strike_G","Strike_G","Strike_G","Defend_G","Defend_G","Defend_G","Defend_G","Defend_G","Survivor","Neutralize","Acrobatics","Blur","Die Die Die","Infinite Blades","Dagger Spray","Footwork","Prepared","Deflect","Doppelganger"],"relics":["Ring of the Snake","NeowsBlessing","Orrery"],"acts_visited":["Exordium"],"potions_floor_usage":[],"damage_taken":[{"damage":0,"enemies":"Cultist","floor":1,"turns":1},{"damage":0,"enemies":"Small Slimes","floor":2,"turns":1},{"damage":0,"enemies":"2 Louse","floor":3,"turns":1},{"damage":1,"enemies":"Exordium Thugs","floor":5,"turns":4},{"damage":65,"enemies":"Lagavulin","floor":6,"turns":18}],"seed_played":"-1698553522233755181","potions_obtained":[{"floor":2,"key":"AttackPotion"}],"is_trial":false,"path_per_floor":["M","M","M","$","M","E"],"character_chosen":"THE_SILENT","items_purchased":["Orrery"],"campfire_rested":0,"item_purchase_floors":[4],"current_hp_per_floor":[70,70,70,70,69,4,4],"gold":11,"neow_bonus":"THREE_ENEMY_KILL","is_daily":false,"chose_seed":false,"campfire_upgraded":0,"win_rate":0.0,"timestamp":1609742787,"path_taken":["M","M","M","$","M","E"],"items_purchased_type":["Relic"],"build_version":"2020-12-22","purchased_purges":0,"victory":false,"max_hp_per_floor":[70,70,70,70,70,70,70],"card_choices":[{"not_picked":["Poisoned Stab","Dagger Throw"],"picked":"Acrobatics","floor":1},{"not_picked":["PiercingWail","Slice"],"picked":"Blur","floor":2},{"not_picked":["Quick Slash","Underhanded Strike"],"picked":"Die Die Die","floor":3},{"not_picked":["Quick Slash","Expertise"],"picked":"Infinite Blades","floor":4},{"not_picked":["Distraction","Deadly Poison"],"picked":"Dagger Spray","floor":4},{"not_picked":["Deadly Poison","Dagger Spray"],"picked":"Footwork","floor":4},{"not_picked":["Eviscerate","Distraction"],"picked":"Prepared","floor":4},{"not_picked":["Blur","Outmaneuver"],"picked":"Deflect","floor":4},{"not_picked":["Prepared","Flying Knee"],"picked":"Doppelganger","floor":5}],"player_experience":6321,"relics_obtained":[],"event_choices":[],"is_beta":false,"boss_relics":[],"items_purged_floors":[],"is_endless":false,"potions_floor_spawned":[2],"killed_by":"Lagavulin","ascension_level":0}}