{"host":"71akxjf7cjo3bhmj","time":1609725301,"event":{"mods":["AchievementEnabler","BaseMod","Colored Powertips","Minty Spire (QoL Compilation)"],"gold_per_floor":[117,132,143,143,68,97,97,124,147,165,177,177,177,177,177,279,279,291,302,302,302,302],"floor_reached":21,"playtime":1201,"items_purged":["Defend_R"],"score":189,"play_id":"6c705dd9-5731-4b90-a37f-5091943f331a","local_time":"20210104025501","is_ascension_mode":false,"campfire_choices":[{"floor":7,"key":"REST"},{"data":"Barricade","floor":12,"key":"SMITH"},{"floor":15,"key":"REST"}],"circlet_count":0,"master_deck":["Strike_R","Strike_R","Strike_R","Defend_R","Defend_R","Defend_R","Bash","Armaments","Intimidate","Rampage","Barricade+1","Flex","Feed","CurseOfTheBell","Flex"],"relics":["Burning Blood","Juzu Bracelet","Dream Catcher","Anchor","Calling Bell","Vajra","Paper Frog","Unceasing Top"],"acts_visited":["Exordium","TheCity"],"potions_floor_usage":[2,6,8,8,10,18,21],"damage_taken":[{"damage":0,"enemies":"2 Louse","floor":1,"turns":3},{"damage":0,"enemies":"Small Slimes","floor":2,"turns":4},{"damage":0,"enemies":"Cultist","floor":3,"turns":3},{"damage":48,"enemies":"Lagavulin","floor":6,"turns":11},{"damage":28,"enemies":"3 Sentries","floor":8,"turns":9},{"damage":19,"enemies":"Gremlin Gang","floor":10,"turns":5},{"damage":0,"enemies":"Looter","floor":11,"turns":4},{"damage":53,"enemies":"Hexaghost","floor":16,"turns":14},{"damage":59,"enemies":"Spheric Guardian","floor":18,"turns":8},{"damage":38,"enemies":"Chosen","floor":19,"turns":8},{"damage":34,"enemies":"Snecko","floor":21,"turns":6}],"seed_played":"525757814194534412","potions_obtained":[{"floor":0,"key":"AttackPotion"},{"floor":0,"key":"Energy Potion"},{"floor":0,"key":"FairyPotion"},{"floor":3,"key":"Explosive Potion"},{"floor":6,"key":"Strength Potion"},{"floor":8,"key":"Energy Potion"},{"floor":16,"key":"Fire Potion"},{"floor":19,"key":"PowerPotion"}],"is_trial":false,"path_per_floor":["M","M","M","?","$","E","R","E","T","M","M","R","?","?","R","B",null,"M","M","?","M"],"character_chosen":"IRONCLAD","items_purchased":[],"campfire_rested":2,"item_purchase_floors":[],"current_hp_per_floor":[80,80,80,80,80,38,62,40,40,27,33,33,38,38,63,16,85,35,32,32,0,0],"gold":302,"neow_bonus":"THREE_SMALL_POTIONS","is_daily":false,"chose_seed":false,"campfire_upgraded":1,"win_rate":0.0,"timestamp":1609725301,"path_taken":["M","M","M","?","$","E","R","E","T","M","M","R","?","?","R","BOSS","M","M","?","M"],"items_purchased_type":[],"build_version":"2020-12-22","purchased_purges":1,"victory":false,"max_hp_per_floor":[80,80,80,80,80,80,80,80,80,80,80,80,85,85,85,85,85,88,88,88,88,88],"card_choices":[{"not_picked":["Thunderclap","Twin Strike"],"picked":"Armaments","floor":1},{"not_picked":["Shrug It Off","Entrench"],"picked":"Intimidate","floor":2},{"not_picked":["Wild Strike","Ghostly Armor","Dropkick"],"picked":"SKIP","floor":3},{"not_picked":["Sentinel","Wild Strike","Perfected Strike"],"picked":"SKIP","floor":6},{"not_picked":["Wild Strike","Twin Strike"],"picked":"Rampage","floor":8},{"not_picked":["Sever Soul","Wild Strike"],"picked":"Barricade","floor":10},{"not_picked":["Heavy Blade","Dropkick"],"picked":"Flex","floor":11},{"not_picked":["Demon Form","Berserk"],"picked":"Feed","floor":16},{"not_picked":["Heavy Blade","Ghostly Armor"],"picked":"Flex","floor":18},{"not_picked":["Dropkick","Shrug It Off","Burning Pact+1"],"picked":"SKIP","floor":19}],"player_experience":140489,"relics_obtained":[{"floor":6,"key":"Juzu Bracelet"},{"floor":8,"key":"Dream Catcher"},{"floor":9,"key":"Anchor"},{"floor":17,"key":"Vajra"},{"floor":17,"key":"Paper Frog"},{"floor":17,"key":"Unceasing Top"}],"event_choices":[{"cards_removed":["Strike_R"],"damage_healed":0,"gold_gain":0,"player_choice":"Forget","damage_taken":0,"max_hp_gain":0,"max_hp_loss":0,"event_name":"Living Wall","floor":4,"gold_loss":0},{"damage_healed":0,"gold_gain":0,"player_choice":"Donut","damage_taken":0,"max_hp_gain":5,"max_hp_loss":0,"event_name":"Big Fish","floor":13,"gold_loss":0},{"damage_healed":0,"gold_gain":0,"player_choice":"Ignored","damage_taken":0,"max_hp_gain":0,"max_hp_loss":0,"event_name":"Liars Game","floor":14,"gold_loss":0},{"cards_removed":["Strike_R"],"damage_healed":0,"gold_gain":0,"player_choice":"Elegance","damage_taken":0,"max_hp_gain":0,"max_hp_loss":0,"event_name":"Back to Basics","floor":20,"gold_loss":0}],"is_beta":false,"boss_relics":[{"not_picked":["Empty Cage","Runic Cube"],"picked":"Calling Bell"}],"items_purged_floors":[5],"is_endless":false,"potions_floor_spawned":[3,6,8,16,19],"killed_by":"Snecko","ascension_level":0}}