{"host":"922zt4fjsmmy4kg9","time":1609740765,"event":{"mods":["A Magickal Journey","Act Like it!","BaseMod","Better Third Choice","Downfall","Friendly Minions","Hermit","HololiveMod","Hubris","Jorbs\u0027s Wanderer Trilogy","Kiyohime????","Koishi","Marisa????????","Minty Spire (QoL Compilation)","Quick Restart","Reimu??????","Shop Mod","Spicy Shops","StSLib","SuperFastMode","The Animator","The Disciple","The Runesmith"],"gold_per_floor":[99,111,561,561,561,600,600,600,75,95,20,51,69,108,125,220,520,445,456,228,228,228,243,243,277,295,333,362,8,8,8,24,24,24],"floor_reached":33,"playtime":1472,"items_purged":["Slimebound:Icky"],"score":541,"play_id":"081f169c-1236-48e9-83e3-4cf47b788c1c","local_time":"20210104171245","is_ascension_mode":true,"campfire_choices":[{"data":"animator:YuiTsuruno","floor":1,"key":"SMITH"},{"floor":11,"key":"RECALL"},{"data":"animator:SayakaMiki","floor":18,"key":"SMITH"}],"circlet_count":0,"master_deck":["AscendersBane","animator:Strike_MadokaMagica+1","animator:Defend_MadokaMagica+1","animator:Strike+1","animator:Strike+1","animator:Strike+1","animator:Defend+1","animator:Defend+1","animator:Defend+1","animator:IrohaTamaki","animator:YuiTsuruno+1","animator:SayakaMiki+1","animator:Tatsumaki+1","animator:Gluttony+1","animator:NagisaMomoe+1","animator:Shinoa+1","animator:Saitama+1","animator:YachiyoNanami","animator:SayakaMiki+1","animator:MadokaKaname+1","CurseOfTheBell","animator:KrulTepes+1","animator:Shizu","animator:YuiTsuruno+1","animator:ElricEdward+1","animator:SuzuneAmano+1","animator:HigakiRinne+1","animator:Emilia+1","RitualDagger+1"],"relics":["animator:LivingPicture","animator:TheMissingPiece","downfall:HeartsMalice","Toxic Egg 2","animator:WornHelmet","Lantern","DataDisk","Thread and Needle","downfall:HeartBlessingGreen","Regal Pillow","Question Card","Calling Bell","RuthlessExorcism:ReiMu","Paper Crane","Old Coin","downfall:HeartBlessingRed","HandDrill","CloakClasp","Molten Egg 2","hubris:BottledRain","Membership Card","Runesmith:AutoHammer","hubris:Potato"],"acts_visited":["Exordium","TheCity"],"potions_floor_usage":[9,14,15,19,20,20,25,28],"damage_taken":[{"damage":0,"enemies":"2 Louse","floor":2,"turns":1},{"damage":0,"enemies":"Lagavulin","floor":6,"turns":1},{"damage":0,"enemies":"Small Slimes","floor":8,"turns":1},{"damage":0,"enemies":"downfall:FleeingMerchant","floor":9,"turns":4},{"damage":0,"enemies":"Cultist","floor":10,"turns":3},{"damage":11,"enemies":"3 Sentries","floor":12,"turns":11},{"damage":0,"enemies":"3 Louse","floor":13,"turns":3},{"damage":1,"enemies":"Gremlin Nob","floor":14,"turns":4},{"damage":0,"enemies":"Exordium Thugs","floor":15,"turns":4},{"damage":46,"enemies":"downfall:Silent","floor":16,"turns":8},{"damage":0,"enemies":"Chosen","floor":19,"turns":6},{"damage":0,"enemies":"downfall:FleeingMerchant","floor":20,"turns":4},{"damage":22,"enemies":"Spheric Guardian","floor":23,"turns":4},{"damage":21,"enemies":"Gremlin Leader","floor":25,"turns":7},{"damage":21,"enemies":"Snake Plant","floor":26,"turns":3},{"damage":15,"enemies":"Snecko","floor":27,"turns":5},{"damage":11,"enemies":"Cultist and Chosen","floor":28,"turns":5},{"damage":9,"enemies":"downfall:FleeingMerchant","floor":29,"turns":4},{"damage":7,"enemies":"Centurion and Healer","floor":32,"turns":8},{"damage":30,"enemies":"downfall:Watcher","floor":33,"turns":4}],"seed_played":"7375042334646166944","potions_obtained":[{"floor":6,"key":"animator:FalseLifePotion"},{"floor":12,"key":"Fire Potion"},{"floor":14,"key":"Fire Potion"},{"floor":15,"key":"GrandPatriotsElixir:ReiMu"},{"floor":16,"key":"FearPotion"},{"floor":19,"key":"Weak Potion"},{"floor":23,"key":"LiquidMemories"},{"floor":27,"key":"GamblersBrew"}],"is_trial":false,"path_per_floor":["R","M","?","?","?","E","T","M","$","M","R","E","M","E","M","B",null,"R","M","$","?","?","M","T","E","M","M","M","$","?","?","M","B"],"character_chosen":"THE_ANIMATOR","items_purchased":["DataDisk","Thread and Needle","HandDrill","CloakClasp","Membership Card","Runesmith:AutoHammer","hubris:Potato","animator:Emilia+1"],"campfire_rested":0,"item_purchase_floors":[9,9,20,20,29,29,29,29],"current_hp_per_floor":[59,59,59,59,59,59,59,59,60,64,64,57,61,64,68,23,58,58,68,69,69,69,47,47,39,28,23,28,29,29,23,26,0,0],"gold":24,"neow_bonus":"THREE_ENEMY_KILL","is_daily":false,"chose_seed":false,"campfire_upgraded":2,"win_rate":0.0,"timestamp":1609740765,"path_taken":["R","M","?","?","?","E","T","M","$","M","R","E","?","E","M","BOSS","R","M","$","?","?","M","T","E","?","M","M","?","?","?","M","BOSS"],"items_purchased_type":["Relic","Relic","Relic","Relic","Relic","Relic","Relic","Card"],"build_version":"2020-12-22","purchased_purges":1,"victory":false,"max_hp_per_floor":[66,66,66,66,66,66,66,66,67,67,67,68,68,68,68,69,69,69,69,69,69,69,69,69,69,69,69,69,69,69,69,69,69,69],"card_choices":[{"not_picked":["animator:Mikaela","animator:Tatsumaki"],"picked":"animator:SayakaMiki","floor":2},{"not_picked":["animator:Melzalgald","animator:ElricEdward"],"picked":"animator:Tatsumaki+1","floor":6},{"not_picked":["animator:MumenRider","animator:Shuna+1"],"picked":"animator:Gluttony+1","floor":8},{"not_picked":["animator:IrohaTamaki","animator:OrikoMikuni+1"],"picked":"animator:NagisaMomoe+1","floor":9},{"not_picked":["animator:TsurugaMeisai+1","animator:Scar"],"picked":"animator:Shinoa+1","floor":10},{"not_picked":["animator:Geryuganshoop+1","animator:Sloth"],"picked":"animator:Saitama+1","floor":12},{"not_picked":["animator:Genos","animator:Sloth","animator:Shigure"],"picked":"SKIP","floor":13},{"not_picked":["animator:SuzuneAmano","animator:KyokoSakura"],"picked":"animator:YachiyoNanami","floor":14},{"not_picked":["animator:IrohaTamaki","animator:Togame+1","animator:Shuna+1"],"picked":"animator:SayakaMiki+1","floor":15},{"not_picked":["animator:Boros","animator:Biyorigo","animator:Rimuru"],"picked":"animator:MadokaKaname+1","floor":16},{"not_picked":["animator:SayakaMiki+1","animator:MaesHughes+1","animator:Shion+1"],"picked":"animator:KrulTepes+1","floor":19},{"not_picked":["animator:GazelDwargon","animator:Tatsumaki+1","animator:IrohaTamaki"],"picked":"animator:Shizu","floor":20},{"not_picked":["animator:Emonzaemon+1","animator:HiiragiShinya+1","animator:Sora+1"],"picked":"animator:YuiTsuruno+1","floor":25},{"not_picked":["animator:Mitsuba+1","animator:OrikoMikuni+1","animator:Pride+1"],"picked":"animator:ElricEdward+1","floor":26},{"not_picked":["animator:ElricAlphonse+1","animator:Shigure+1","animator:Mikaela+1"],"picked":"animator:SuzuneAmano+1","floor":27},{"not_picked":["animator:Nanami+1","animator:Emonzaemon+1","animator:ZankiKiguchi+1"],"picked":"animator:HigakiRinne+1","floor":28},{"not_picked":["animator:Geryuganshoop+1","animator:Genos+1","animator:MaesHughes+1","animator:Nanami+1"],"picked":"SKIP","floor":29},{"not_picked":["animator:Tatsumaki+1","animator:Genos+1","animator:Hakurou+1","animator:CrowleyEusford+1"],"picked":"SKIP","floor":32}],"player_experience":1315520,"relics_obtained":[{"floor":5,"key":"Toxic Egg 2"},{"floor":6,"key":"animator:WornHelmet"},{"floor":7,"key":"Lantern"},{"floor":12,"key":"Regal Pillow"},{"floor":14,"key":"Question Card"},{"floor":17,"key":"RuthlessExorcism:ReiMu"},{"floor":17,"key":"Paper Crane"},{"floor":17,"key":"Old Coin"},{"floor":24,"key":"Molten Egg 2"},{"floor":25,"key":"hubris:BottledRain"}],"event_choices":[{"cards_removed":["Slimebound:Icky"],"damage_healed":0,"gold_gain":0,"player_choice":"Removed","damage_taken":0,"max_hp_gain":0,"max_hp_loss":0,"event_name":"The Cursed Forest","floor":4,"gold_loss":0},{"cards_removed":["Slimebound:Icky"],"damage_healed":0,"gold_gain":0,"player_choice":"Removed","damage_taken":0,"max_hp_gain":0,"max_hp_loss":0,"event_name":"The Cursed Forest","floor":4,"gold_loss":0},{"damage_healed":0,"gold_gain":0,"player_choice":"Relic","damage_taken":0,"max_hp_gain":0,"max_hp_loss":0,"event_name":"Wheel of Change","floor":5,"gold_loss":0},{"damage_healed":0,"gold_gain":0,"player_choice":"Simplicity","damage_taken":0,"max_hp_gain":0,"max_hp_loss":8,"event_name":"betterThird:BetterWriting","floor":21,"gold_loss":0},{"cards_removed":["Normality"],"damage_healed":0,"gold_gain":0,"player_choice":"Removed","damage_taken":0,"max_hp_gain":0,"max_hp_loss":0,"event_name":"The Cursed Forest","floor":22,"gold_loss":0}],"is_beta":false,"boss_relics":[{"not_picked":["Fusion Hammer","hubris:BlackHole"],"picked":"Calling Bell"}],"items_purged_floors":[9],"is_endless":false,"potions_floor_spawned":[6,12,14,15,16,19,23,27],"killed_by":"downfall:Watcher","ascension_level":11}}