{"host":"5m2js577gj4e7pak","time":1609746892,"event":{"mods":["AchievementEnabler","BaseMod","Better Match","BetterRewards","Colored Map","Colored Powertips","Dio Mod","Ekko","Googly Eyes","Highlight Path","HololiveMod","Lobotomy","LobotomyExtend","Marisa????????","Minty Spire (QoL Compilation)","Quick Restart","Relic Filter","StSLib","The Animator","slay the spire mod where everything is the same but ironclad has a cowboy hat"],"gold_per_floor":[14,26,43,43,54,87,87,117,117,117,144,156,168,205,217,229,229],"floor_reached":16,"playtime":589,"items_purged":[],"score":144,"play_id":"ba373cac-e39c-48d5-8920-722b96ba4297","local_time":"20210104085452","is_ascension_mode":true,"campfire_choices":[{"data":"dioMod:BloodSuck","floor":7,"key":"SMITH"},{"data":"1","floor":13,"key":"LIFT"},{"data":"2","floor":15,"key":"LIFT"}],"circlet_count":0,"master_deck":["dioMod:Strike","dioMod:Strike","dioMod:Strike","Bite","dioMod:Defend","dioMod:Defend","dioMod:Defend","dioMod:Defend","dioMod:Pluck","dioMod:ComboFever","dioMod:BloodShield","dioMod:DaggerSpree","dioMod:VengefulMuda","dioMod:BloodSuck+1","dioMod:Freeze+1","dioMod:DominatingPresence+1","Regret","dioMod:StreetSign","dioMod:Freeze+1"],"relics":["dioMod:VampireBlood","LetterFromLob","Toxic Egg 2","Girya","Gambling Chip","MawBank","HornCleat"],"acts_visited":["Exordium"],"potions_floor_usage":[6,6,14],"damage_taken":[{"damage":6,"enemies":"Cultist","floor":1,"turns":3},{"damage":7,"enemies":"2 Louse","floor":2,"turns":4},{"damage":12,"enemies":"Jaw Worm","floor":3,"turns":5},{"damage":12,"enemies":"2 Fungi Beasts","floor":5,"turns":4},{"damage":43,"enemies":"Lagavulin","floor":6,"turns":8},{"damage":33,"enemies":"Gremlin Nob","floor":8,"turns":5},{"damage":5,"enemies":"Exordium Wildlife","floor":11,"turns":5},{"damage":40,"enemies":"Lagavulin","floor":14,"turns":5},{"damage":69,"enemies":"Hexaghost","floor":16,"turns":11}],"seed_played":"-4867709833981661435","potions_obtained":[{"floor":1,"key":"DuplicationPotion"},{"floor":5,"key":"Regen Potion"},{"floor":11,"key":"LiquidBronze"}],"is_trial":false,"path_per_floor":["M","M","M","?","M","E","R","E","T","?","M","$","R","E","R","B"],"character_chosen":"THE_DEFAULT","items_purchased":[],"campfire_rested":0,"item_purchase_floors":[],"current_hp_per_floor":[74,75,71,71,69,54,54,40,40,40,60,60,60,42,42,0,0],"gold":229,"neow_bonus":"THREE_RARE_CARDS","is_daily":false,"chose_seed":false,"campfire_upgraded":1,"win_rate":0.0,"timestamp":1609746892,"path_taken":["M","M","?","?","?","E","R","E","T","?","M","$","R","E","R","BOSS"],"items_purchased_type":[],"build_version":"2020-12-22","purchased_purges":0,"victory":false,"max_hp_per_floor":[75,75,75,75,75,75,75,75,75,75,75,75,75,75,75,75,75],"card_choices":[{"not_picked":["dioMod:Refresh","dioMod:RoadRoller"],"picked":"dioMod:Pluck","floor":0},{"not_picked":["dioMod:SadisticLaugh","dioMod:HeavyLifting"],"picked":"dioMod:ComboFever","floor":1},{"not_picked":["dioMod:VengefulMuda","dioMod:Muda"],"picked":"dioMod:BloodShield","floor":2},{"not_picked":["dioMod:Muda","dioMod:SadisticLaugh"],"picked":"dioMod:DaggerSpree","floor":3},{"not_picked":["dioMod:Muda","dioMod:BloodShield"],"picked":"dioMod:BloodSuck","floor":5},{"not_picked":["dioMod:Diversion","dioMod:DaggerToss"],"picked":"dioMod:Freeze+1","floor":6},{"not_picked":["dioMod:LaserVision","dioMod:BloodSuck"],"picked":"dioMod:DominatingPresence+1","floor":8},{"not_picked":["dioMod:VengefulMuda","dioMod:BloodSplash+1"],"picked":"dioMod:StreetSign","floor":11},{"not_picked":["dioMod:LaserVision","dioMod:PathToHeaven+1"],"picked":"dioMod:Freeze+1","floor":14}],"player_experience":72002,"relics_obtained":[{"floor":1,"key":"LetterFromLob"},{"floor":6,"key":"Toxic Egg 2"},{"floor":8,"key":"Girya"},{"floor":9,"key":"Gambling Chip"},{"floor":14,"key":"HornCleat"}],"event_choices":[{"damage_healed":0,"gold_gain":0,"cards_transformed":["dioMod:Strike"],"player_choice":"Transformed","damage_taken":0,"max_hp_gain":0,"max_hp_loss":0,"event_name":"Transmorgrifier","floor":4,"gold_loss":0,"cards_obtained":["dioMod:VengefulMuda"]},{"damage_healed":0,"gold_gain":0,"player_choice":"Box","damage_taken":0,"relics_obtained":["MawBank"],"max_hp_gain":0,"max_hp_loss":0,"event_name":"Big Fish","floor":10,"gold_loss":0,"cards_obtained":["Regret"]}],"is_beta":false,"boss_relics":[],"items_purged_floors":[],"is_endless":false,"potions_floor_spawned":[1,5,11],"killed_by":"Hexaghost","ascension_level":4}}