{"host":"4w8ocelhatf0iefc","time":1609731476,"event":{"mods":["AchievementEnabler","Act Like it!","Aspiration","BaseMod","Colored Map","Colored Powertips","Downfall","GifTheSpireLib","Hubris","Infinite Spire","Minty Spire (QoL Compilation)","Replay The Spire","StSLib"],"gold_per_floor":[99,115,135,151,167,198,198,198,228,228,244,244,270,286,298,393,493,493,512,522,588,588,588,588,371,385,385,411,411,427,446,456,557,557,482,492,274,293,306,319,319,319,331,364,382,416,430,443,458,553,553,553,563,578,578,591,563,563,626,653,653,653,653,653],"floor_reached":62,"playtime":4162,"items_purged":["Injury","champ:Strike","champ:Strike"],"score":1198,"play_id":"734ccc88-c670-4144-9cba-716526a87212","local_time":"20210104113756","is_ascension_mode":true,"campfire_choices":[{"data":"champ:TornadoPunch","floor":10.0,"key":"SMITH"},{"data":"champ:Lariat","floor":18.0,"key":"SMITH"},{"data":"champ:EnchantCrown","floor":23.0,"key":"SMITH"},{"data":"champ:BringItOn","floor":27.0,"key":"SMITH"},{"data":"champ:Strike","floor":35.0,"key":"PURGE"},{"floor":52,"key":"DIG"}],"circlet_count":1,"master_deck":["champ:Strike","champ:Defend","champ:Execute","champ:Taunt","champ:Backstep","champ:TornadoPunch+1","champ:PreciseThrust","champ:Lariat+1","champ:GladiatorsShout","champ:Encircle+1","champ:Control+1","Jack Of All Trades+1","champ:EnchantCrown+1","champ:BringItOn+1","champ:BladeFlurry+1","champ:ShieldThrow+1","champ:GladiatorsShout+1","champ:FlashCut+1","champ:StanceDance+1","champ:Devastate+1","champ:DeathBlow+1","champ:SkillfulDodge","champ:HoldFirm+1","champ:FlashCut+1","champ:GladiatorStyle","champ:PerfectForm+1","champ:FlashCut+1","champ:SwordSigil+1","champ:EnGarde+1","champ:RapidStrikes+1","champ:Aggression+1","champ:StrikeOfGenius","champ:ArenaPreparation+1","champ:SteelEdge+1","champ:FightOn"],"relics":["Sizzling Blood","infinitespire:Cubic Diamond","Nunchaku","TungstenRod","Molten Egg 2","Smiling Mask","Omamori","Replay:Wanted Poster","Potion Belt","champ:SignatureFinisher","champ:BerserkersGuideToSlaughter","Replay:Baseball","Ring of Chaos","downfall:HeartBlessingGreen","Guide Book","Garlic","aspiration:TomeofQuesting","Happy Flower","Replay:Drink Me","Replay:Arrowhead","Replay:Mystery Machine","Regal Pillow","champ:DefensiveTrainingManual","aspiration:SeaSaltIceCream","Circlet","hexamod:BolsterEngine","infinitespire:Cubic Diamond"],"acts_visited":["Exordium","TheCity","TheBeyond"],"potions_floor_usage":[62,62],"damage_taken":[{"damage":7.0,"enemies":"2 Louse","floor":2.0,"turns":5.0},{"damage":14.0,"enemies":"Jaw Worm","floor":3.0,"turns":6.0},{"damage":6.0,"enemies":"Cultist","floor":4.0,"turns":3.0},{"damage":20.0,"enemies":"3 Louse","floor":5.0,"turns":6.0},{"damage":27.0,"enemies":"Lagavulin","floor":6.0,"turns":8.0},{"damage":4.0,"enemies":"3 Sentries","floor":9.0,"turns":6.0},{"damage":8.0,"enemies":"Blue Slaver","floor":11.0,"turns":4.0},{"damage":5.0,"enemies":"Gremlin Nob","floor":13.0,"turns":4.0},{"damage":25.0,"enemies":"Exordium Wildlife","floor":14.0,"turns":4.0},{"damage":0.0,"enemies":"Lots of Slimes","floor":15.0,"turns":1.0},{"damage":7.0,"enemies":"downfall:Watcher","floor":16.0,"turns":4.0},{"damage":28.0,"enemies":"Chosen","floor":19.0,"turns":7.0},{"damage":12.0,"enemies":"Shell Parasite","floor":20.0,"turns":6.0},{"damage":6.0,"enemies":"downfall:FleeingMerchant","floor":25.0,"turns":4.0},{"damage":0.0,"enemies":"Snecko","floor":26.0,"turns":3.0},{"damage":45.0,"enemies":"Nightmare","floor":28.0,"turns":7.0},{"damage":3.0,"enemies":"Centurion and Healer","floor":30.0,"turns":6.0},{"damage":4.0,"enemies":"Cultist and Chosen","floor":31.0,"turns":4.0},{"damage":8.0,"enemies":"Chosen and Byrds","floor":32.0,"turns":5.0},{"damage":25.0,"enemies":"downfall:Defect","floor":33.0,"turns":11.0},{"damage":5.0,"enemies":"Orb Walker","floor":36.0,"turns":4.0},{"damage":4.0,"enemies":"downfall:FleeingMerchant","floor":37.0,"turns":4.0},{"damage":12.0,"enemies":"3 Darklings","floor":38.0,"turns":4.0},{"damage":11.0,"enemies":"Writhing Mass","floor":39.0,"turns":6.0},{"damage":17.0,"enemies":"4 Shapes","floor":40.0,"turns":3.0},{"damage":24.0,"enemies":"Spire Growth","floor":43.0,"turns":6.0},{"damage":30.0,"enemies":"Nemesis","floor":44.0,"turns":3.0},{"damage":39.0,"enemies":"Transient","floor":45.0,"turns":5.0},{"damage":19.0,"enemies":"Reptomancer","floor":46.0,"turns":6.0},{"damage":5.0,"enemies":"Maw","floor":47.0,"turns":6.0},{"damage":37.0,"enemies":"4 Shapes","floor":48.0,"turns":6.0},{"damage":18.0,"enemies":"Spire Growth","floor":49.0,"turns":3.0},{"damage":41.0,"enemies":"downfall:Silent","floor":50.0,"turns":9.0},{"damage":0,"enemies":"Jaw Worm","floor":53,"turns":2},{"damage":0,"enemies":"2 Louse","floor":54,"turns":2},{"damage":8,"enemies":"Small Slimes","floor":56,"turns":3},{"damage":6,"enemies":"downfall:FleeingMerchant","floor":57,"turns":3},{"damage":6,"enemies":"Lagavulin Event","floor":59,"turns":3},{"damage":31,"enemies":"3 Sentries","floor":60,"turns":2},{"damage":75,"enemies":"Nightmare","floor":62,"turns":4}],"seed_played":"-5726935247760822281","potions_obtained":[{"floor":3.0,"key":"SkillPotion"},{"floor":6.0,"key":"Energy Potion"},{"floor":11.0,"key":"Toxic Potion"},{"floor":14.0,"key":"PowerPotion"},{"floor":15.0,"key":"DistilledChaos"},{"floor":16.0,"key":"Explosive Potion"},{"floor":19.0,"key":"Block Potion"},{"floor":20.0,"key":"Block Potion"},{"floor":21.0,"key":"GamblersBrew"},{"floor":21.0,"key":"Doom Potion"},{"floor":22.0,"key":"CultistPotion"},{"floor":31.0,"key":"ColorlessPotion"},{"floor":32.0,"key":"Weak Potion"},{"floor":39.0,"key":"Fire Potion"},{"floor":40.0,"key":"champ:TechniquePotion"},{"floor":43.0,"key":"DistilledChaos"},{"floor":46.0,"key":"SkillPotion"},{"floor":48.0,"key":"champ:CounterPotion"},{"floor":50.0,"key":"Weak Potion"},{"floor":56,"key":"GamblersBrew"},{"floor":60,"key":"PowerPotion"}],"is_trial":false,"path_per_floor":["R_BF","M","M","M","M","E","T","?","E","R","M","?","E","M","M","B",null,"R","M","M","?","?","R","T","$","M","R","NM","?","M","M","M","B",null,"R_BF","M","$","M","M","M","T","?","M","E","M","E","M","M","M","B",null,"R_BF","M","M","?","M","$","T","?","E","?","NM"],"character_chosen":"THE_CHAMP","items_purchased":["champ:BerserkersGuideToSlaughter","Guide Book","Regal Pillow","champ:DefensiveTrainingManual"],"campfire_rested":0,"item_purchase_floors":[25,37,57,57],"current_hp_per_floor":[90,88,79,78,63,41,41,41,42,42,36,36,36,16,16,20,90,90,79,69,69,69,69,69,65,65,65,40,40,54,65,79,73,90,90,88,90,90,90,75,75,75,60,90,76,90,90,83,89,90,68,68,68,68,68,68,68,68,68,68,68,0,0,0],"gold":653,"neow_bonus":"RANDOM_COLORLESS","is_daily":false,"chose_seed":false,"campfire_upgraded":4,"win_rate":0.0,"timestamp":1609731476,"path_taken":["R_BF","M","?","M","M","E","T","?","E","R","M","?","E","M","M","BOSS","R","M","M","?","?","R","T","?","M","R","NM","?","?","M","M","BOSS","R_BF","M","$","M","M","M","T","?","M","E","?","E","?","M","M","BOSS","R_BF","M","M","?","M","$","T","?","E","?","NM"],"items_purchased_type":["Relic","Relic","Relic","Relic"],"build_version":"2020-12-22","purchased_purges":3,"victory":false,"max_hp_per_floor":[90,90,90,90,90,90,90,90,90,90,90,90,90,90,90,90,90,90,90,90,90,90,90,90,90,90,90,90,90,90,90,90,90,90,90,90,90,90,90,90,90,90,90,90,90,90,90,90,90,90,68,68,68,68,68,68,68,68,68,68,68,68,68,68],"card_choices":[{"not_picked":["PanicButton","Flash of Steel"],"picked":"expansioncontent:ManipulateTime","floor":0.0},{"not_picked":["champ:Circumvent","champ:ShieldSigil"],"picked":"champ:Backstep","floor":2.0},{"not_picked":["champ:HeartStrike","champ:Backstep"],"picked":"champ:TornadoPunch","floor":3.0},{"not_picked":["champ:ShieldWall","champ:FaceSlap"],"picked":"champ:PreciseThrust","floor":4.0},{"not_picked":["champ:Duel","champ:BerserkersShout"],"picked":"champ:Lariat","floor":5.0},{"not_picked":["champ:TornadoPunch","champ:BladeFlurry"],"picked":"champ:GladiatorsShout","floor":6.0},{"not_picked":["champ:AdrenalArmor","champ:BerserkerStyle"],"picked":"champ:Encircle+1","floor":9.0},{"not_picked":["champ:GladiatorStyle","champ:FalseCounter"],"picked":"champ:Control","floor":11.0},{"not_picked":["champ:EnGarde","champ:Backstep"],"picked":"champ:EnchantCrown","floor":13.0},{"not_picked":["champ:GladiatorsShout","champ:StanceDance"],"picked":"champ:BringItOn","floor":14.0},{"not_picked":["champ:EnragedBash+1","champ:Lariat"],"picked":"champ:BladeFlurry+1","floor":15.0},{"not_picked":["champ:MurderStrike+1","champ:HeavySlash+1"],"picked":"champ:ShieldThrow+1","floor":16.0},{"not_picked":["champ:DefensiveShout","champ:StanceDance"],"picked":"champ:GladiatorsShout+1","floor":19.0},{"not_picked":["champ:ShieldSigil","champ:IronFortress"],"picked":"champ:FlashCut+1","floor":20.0},{"not_picked":["champ:PerfectedStrike+1","champ:EndlessRage+1"],"picked":"champ:StanceDance+1","floor":21.0},{"not_picked":["champ:BerserkersShout","champ:BladeFlurry+1"],"picked":"champ:Devastate+1","floor":25.0},{"not_picked":["champ:TornadoPunch+1","champ:FightOn"],"picked":"champ:DeathBlow+1","floor":26.0},{"not_picked":["champ:BringItOn","champ:HeartStrike+1"],"picked":"champ:SkillfulDodge","floor":28.0},{"not_picked":["champ:AdrenalArmor","champ:StanceDance"],"picked":"champ:HoldFirm","floor":30.0},{"not_picked":["champ:FaceSlap+1","champ:AdrenalArmor"],"picked":"champ:FlashCut+1","floor":31.0},{"not_picked":["champ:Circumvent","champ:PerfectedStrike+1"],"picked":"champ:GladiatorStyle","floor":32.0},{"not_picked":["champ:EnchantShield","champ:DancingMaster"],"picked":"champ:PerfectForm","floor":33.0},{"not_picked":["champ:BringItOn","champ:FanOfKnives+1","champ:HeartStrike+1"],"picked":"SKIP","floor":36.0},{"not_picked":["champ:Devastate+1","champ:BladeFlurry+1"],"picked":"champ:FlashCut+1","floor":37.0},{"not_picked":["champ:FocusedGladiator","champ:BerserkersShout","champ:AdrenalArmor+1"],"picked":"SKIP","floor":38.0},{"not_picked":["champ:BladeFlurry+1","champ:Balance"],"picked":"champ:SwordSigil","floor":39.0},{"not_picked":["champ:ShieldWall","champ:Haymaker+1"],"picked":"champ:EnGarde+1","floor":40.0},{"not_picked":["champ:FanOfKnives+1","champ:StanceDance"],"picked":"champ:RapidStrikes+1","floor":43.0},{"not_picked":["champ:BerserkersShout+1","champ:BladeFlurry+1"],"picked":"champ:Aggression+1","floor":44.0},{"not_picked":["champ:FanOfKnives+1","champ:StanceDance","champ:ShieldThrow+1"],"picked":"SKIP","floor":45.0},{"not_picked":["champ:BringItOn","champ:Balance+1"],"picked":"champ:StrikeOfGenius","floor":46.0},{"not_picked":["champ:ShieldSigil","champ:GutPunch+1","champ:Encircle+1"],"picked":"SKIP","floor":47.0},{"not_picked":["champ:RisingSlash+1","champ:BladeFlurry+1"],"picked":"champ:ArenaPreparation+1","floor":48.0},{"not_picked":["champ:BringItOn+1","champ:Riposte","champ:EnragedBash+1"],"picked":"SKIP","floor":49.0},{"not_picked":["champ:PerfectForm","champ:EnchantCrown"],"picked":"champ:SteelEdge+1","floor":50.0},{"not_picked":["champ:DefensiveShout","champ:Riposte","champ:Backstep"],"picked":"SKIP","floor":53},{"not_picked":["champ:ShieldSigil","champ:FocusedBerserking","champ:GladiatorStyle"],"picked":"SKIP","floor":54},{"not_picked":["champ:Shatter+1","champ:PerfectedStrike+1","champ:TornadoPunch+1"],"picked":"SKIP","floor":56},{"not_picked":["champ:AdrenalArmor","champ:PerfectedStrike+1","champ:RageSigil"],"picked":"SKIP","floor":57},{"not_picked":["champ:IronFortress","champ:Balance"],"picked":"champ:FightOn","floor":60}],"player_experience":511169,"relics_obtained":[{"floor":6.0,"key":"Nunchaku"},{"floor":7.0,"key":"TungstenRod"},{"floor":9.0,"key":"Smiling Mask"},{"floor":13.0,"key":"Omamori"},{"floor":21.0,"key":"Potion Belt"},{"floor":24.0,"key":"champ:SignatureFinisher"},{"floor":28.0,"key":"Replay:Baseball"},{"floor":41.0,"key":"Garlic"},{"floor":44.0,"key":"aspiration:TomeofQuesting"},{"floor":46.0,"key":"Happy Flower"},{"floor":52,"key":"Replay:Arrowhead"},{"floor":55,"key":"Replay:Mystery Machine"},{"floor":58,"key":"aspiration:SeaSaltIceCream"},{"floor":59,"key":"hexamod:BolsterEngine"}],"event_choices":[{"damage_healed":0.0,"max_hp_gain":0.0,"max_hp_loss":0.0,"gold_gain":0.0,"event_name":"Upgrade Shrine","player_choice":"Upgraded","floor":29.0,"gold_loss":0.0,"damage_taken":0.0,"cards_upgraded":["champ:Control"]},{"damage_healed":0.0,"max_hp_gain":0.0,"max_hp_loss":0.0,"gold_gain":0.0,"event_name":"Accursed Blacksmith","player_choice":"Forge","floor":42.0,"gold_loss":0.0,"damage_taken":0.0,"cards_upgraded":["champ:SwordSigil"]}],"is_beta":false,"boss_relics":[{"not_picked":["hubris:RunicObelisk","aspiration:FutureDiary"],"picked":"Replay:Wanted Poster"},{"not_picked":["Coffee Dripper","Pandora\u0027s Box"],"picked":"Ring of Chaos"},{"not_picked":["Runic Pyramid","SacredBark"],"picked":"Replay:Drink Me"}],"items_purged_floors":[25,37,57],"is_endless":true,"potions_floor_spawned":[3,6,11,14,15,16,19,20,31,32,39,40,43,46,48,50,56,60],"killed_by":"Nightmare","ascension_level":3}}