{"host":"7t8rqoeeopyy0nh0","time":1609752536,"event":{"mods":["AchievementEnabler","BaseMod","Better Third Choice","BetterRewards","Colored Map","Colored Powertips","Conspire","Downfall","Hubris","Infinite Spire","Minty Spire (QoL Compilation)","Permanent Neow","Quick Restart","Rare Cards Sparkle","Replay The Spire","StSLib","The Jungle","The Servant 0.9.4"],"gold_per_floor":[118,26,46,46,63,63,93,111,134,68,68,84,34,47,47,47,47],"floor_reached":16,"playtime":381,"items_purged":[],"score":199,"play_id":"2d91f6e0-8ec1-4b23-b980-573175536e73","local_time":"20210104042856","is_ascension_mode":true,"campfire_choices":[{"data":"Metallicize","floor":6,"key":"SMITH"},{"floor":15,"key":"REST"}],"circlet_count":0,"master_deck":["AscendersBane","Strike_R+1","Strike_R","Strike_R","Strike_R","Strike_R","Defend_R","Defend_R","Defend_R","Defend_R","Bash+1","Metallicize+1","Armaments+1","Twin Strike","Cleave","ReplayTheSpireMod:Stacked","ReplayTheSpireMod:IOU","Exhume","conspire:SpireCoStock","Iron Wave"],"relics":["Burning Blood","Peace Pipe","Bag of Preparation","Replay:Wax Seal","Gremlin Food"],"acts_visited":["Exordium"],"potions_floor_usage":[7,14],"damage_taken":[{"damage":16,"enemies":"Jaw Worm","floor":1,"turns":5},{"damage":5,"enemies":"2 Louse","floor":3,"turns":3},{"damage":5,"enemies":"Small Slimes","floor":5,"turns":3},{"damage":26,"enemies":"Gremlin Nob","floor":7,"turns":4},{"damage":4,"enemies":"2 Fungi Beasts","floor":8,"turns":4},{"damage":12,"enemies":"Red Slaver","floor":12,"turns":5},{"damage":3,"enemies":"Blue Slaver","floor":14,"turns":4},{"damage":45,"enemies":"Slime Boss","floor":16,"turns":9}],"seed_played":"2378876552830590326","potions_obtained":[{"floor":3,"key":"champ:CounterPotion"},{"floor":12,"key":"Explosive Potion"}],"is_trial":false,"path_per_floor":["M","$","M","?","M","R","E","M","T","$","?","M","?","M","R","B"],"character_chosen":"IRONCLAD","items_purchased":["Armaments+1","Twin Strike","Gremlin Food"],"campfire_rested":1,"item_purchase_floors":[2,2,10],"current_hp_per_floor":[40,40,41,41,42,42,22,24,24,24,24,18,18,21,43,0,0],"gold":47,"neow_bonus":"ONE_RARE_RELIC","is_daily":false,"chose_seed":false,"campfire_upgraded":1,"win_rate":0.0,"timestamp":1609752536,"path_taken":["M","$","M","?","M","R","E","M","T","$","?","M","?","M","R","BOSS"],"items_purchased_type":["Card","Card","Relic"],"build_version":"2020-12-22","purchased_purges":0,"victory":false,"max_hp_per_floor":[75,75,75,75,75,75,75,75,75,75,75,75,75,75,75,75,75],"card_choices":[{"not_picked":["Clash","Body Slam"],"picked":"Metallicize","floor":1},{"not_picked":["Havoc","Abandon"],"picked":"Cleave","floor":3},{"not_picked":["Flex","Sever Soul","Body Slam"],"picked":"SKIP","floor":5},{"not_picked":["ReplayTheSpireMod:LeadingStrike","Combust"],"picked":"ReplayTheSpireMod:Stacked","floor":7},{"not_picked":["Clash","Heavy Blade","Perfected Strike"],"picked":"SKIP","floor":8},{"not_picked":["Dropkick","hubris:SharpeningStone"],"picked":"Exhume","floor":12},{"not_picked":["Uppercut","hubris:ReadiedAction"],"picked":"Iron Wave","floor":14}],"player_experience":386440,"relics_obtained":[{"floor":7,"key":"Bag of Preparation"},{"floor":9,"key":"Replay:Wax Seal"}],"event_choices":[{"damage_healed":0,"gold_gain":0,"player_choice":"Invest 1","damage_taken":0,"max_hp_gain":0,"max_hp_loss":0,"event_name":"conspire:Investor","floor":13,"gold_loss":0}],"is_beta":false,"boss_relics":[],"items_purged_floors":[],"is_endless":false,"potions_floor_spawned":[3,12],"killed_by":"Slime Boss","ascension_level":19}}