{"host":"yvlk1m4foro8gl4v","time":1609719849,"event":{"mods":["AchievementEnabler","Act Like it!","BaseMod","Minty Spire (QoL Compilation)","Relic Stats","StSLib","The Servant 0.9.4","Uncapped"],"gold_per_floor":[110,35,35,49,67,67,67,67,94,119,74,74,92,103,103,103,103],"floor_reached":16,"playtime":615,"items_purged":["Strike_R"],"score":145,"play_id":"4aef4946-51df-472d-88aa-7cdfaf3fe5ee","local_time":"20210104002409","is_ascension_mode":true,"campfire_choices":[{"data":"Searing Blow","floor":6,"key":"SMITH"},{"floor":8,"key":"REST"},{"floor":12,"key":"REST"},{"data":"Armaments","floor":15,"key":"SMITH"}],"circlet_count":0,"master_deck":["Strike_R","Strike_R","Strike_R","Defend_R","Defend_R","Defend_R","Bash","Searing Blow+1","Metallicize+1","Entrench+1","True Grit","Armaments+1","Shockwave"],"relics":["Empty Cage","GremlinMask","Centennial Puzzle","Matryoshka"],"acts_visited":["Exordium"],"potions_floor_usage":[16],"damage_taken":[{"damage":19.0,"enemies":"Jaw Worm","floor":1.0,"turns":3.0},{"damage":6,"enemies":"Cultist","floor":4,"turns":4},{"damage":18,"enemies":"Small Slimes","floor":5,"turns":5},{"damage":28,"enemies":"Gremlin Nob","floor":10,"turns":5},{"damage":5,"enemies":"3 Louse","floor":13,"turns":9},{"damage":11,"enemies":"2 Fungi Beasts","floor":14,"turns":5},{"damage":14,"enemies":"Slime Boss","floor":16,"turns":6}],"seed_played":"315298671593156152","potions_obtained":[{"floor":5,"key":"DistilledChaos"},{"floor":10,"key":"SmokeBomb"}],"is_trial":false,"path_per_floor":["M","$","?","M","M","R","?","R","T","E","$","R","M","M","R","B"],"character_chosen":"IRONCLAD","items_purchased":["Armaments"],"campfire_rested":2,"item_purchase_floors":[11],"current_hp_per_floor":[53,53,53,47,29,29,13,37,37,9,9,33,28,17,17,3,3],"gold":103,"neow_bonus":"BOSS_RELIC","is_daily":false,"chose_seed":false,"campfire_upgraded":2,"win_rate":0.0,"timestamp":1609719849,"path_taken":["M","$","?","M","?","R","?","R","T","E","?","R","M","M","R","BOSS"],"items_purchased_type":["Card"],"build_version":"2020-12-22","purchased_purges":1,"victory":false,"max_hp_per_floor":[80,80,80,80,80,80,80,80,80,80,80,80,80,80,80,80,80],"relic_stats":{"Centennial Puzzle":[12],"counters":[7,37],"obtain_stats":[{"Centennial Puzzle":9,"Matryoshka":10,"GremlinMask":3,"Empty Cage":0,"Burning Blood":0},{"Centennial Puzzle":3,"Matryoshka":4,"GremlinMask":1,"Empty Cage":0,"Burning Blood":0},{"Centennial Puzzle":12,"Matryoshka":17,"GremlinMask":3,"Empty Cage":0,"Burning Blood":0}]},"card_choices":[{"not_picked":["Twin Strike","Headbutt"],"picked":"Searing Blow","floor":1.0},{"not_picked":["Pommel Strike","Combust"],"picked":"Metallicize","floor":4},{"not_picked":["Shrug It Off","Seeing Red"],"picked":"Entrench","floor":5},{"not_picked":["Sever Soul","Exhume"],"picked":"True Grit","floor":10},{"not_picked":["Pommel Strike","Anger"],"picked":"Shockwave","floor":13},{"not_picked":["Clothesline","Cleave","Sever Soul"],"picked":"SKIP","floor":14}],"player_experience":715810,"relics_obtained":[{"floor":9,"key":"Centennial Puzzle"},{"floor":10,"key":"Matryoshka"}],"event_choices":[{"damage_healed":0.0,"max_hp_gain":0.0,"max_hp_loss":0.0,"gold_gain":0.0,"event_name":"FaceTrader","player_choice":"Trade","floor":3.0,"gold_loss":0.0,"damage_taken":0.0,"relics_obtained":["GremlinMask"]},{"damage_healed":0,"gold_gain":0,"player_choice":"Entered Light","damage_taken":16,"max_hp_gain":0,"max_hp_loss":0,"event_name":"Shining Light","floor":7,"gold_loss":0,"cards_upgraded":["Entrench","Metallicize"]}],"is_beta":false,"boss_relics":[],"items_purged_floors":[2],"is_endless":false,"potions_floor_spawned":[5,10],"killed_by":"Slime Boss","ascension_level":9}}