{"host":"o4pit0n7y0vm2e4t","time":1609787957,"event":{"mods":["Aspiration","BaseMod","Better Altar","Better Match","Better Note","Better Sensory Stone","Better Skull","Better Third Choice","Colored Map","Conspire","Downfall","Friendly Minions","Googly Eyes","Halation","Hermit","HexUI Lib","Hubris","Minty Spire (QoL Compilation)","RatMod","Replay The Spire","Spikes Relics","StSLib","The Hierophant","The Jungle","The Necromancer"],"gold_per_floor":[113,133,144,144,144,183,183,153,153,202,215,249,249,289,289,412,412,425,425,425,439,324,324,25,56,56,56,56,72,72,85,85,214,214,239,258,258,33,33,33,58,79,102,138,48,83,109,138,138,153],"floor_reached":51,"playtime":5019,"items_purged":["Strike_W","Defend_W"],"score":863,"play_id":"57af3efd-afdd-45ed-a0c3-38d18eadac3c","local_time":"20210104141917","is_ascension_mode":true,"campfire_choices":[{"data":"Life_Drain","floor":7.0,"key":"SMITH"},{"data":"Regret","floor":15.0,"key":"PURGE"},{"data":"Requiem","floor":23.0,"key":"SMITH"},{"data":"Slay_Living","floor":28.0,"key":"SMITH"},{"floor":32.0,"key":"REST"},{"data":"Uncharnel","floor":40.0,"key":"SMITH"},{"data":"Summon_Undead","floor":49,"key":"SMITH"}],"circlet_count":0,"master_deck":["Strike_W","Strike_W","Defend_W+1","Defend_W+1","Defend_W","Negative_Energy_Arrows","Bone_Wall","Life_Drain+1","Exploit","Spectral_Armor","Whirlwind_of_Bones","Negative_Energy_Sphere","Bone_Armor","Negative_Energy_Shield","Summon_Undead+1","Uncharnel+1","Requiem+1","Siphon_Strength","Negative_Energy_Mist+1","Bone_Shift","Slay_Living+1","Grasp_Heart","Bone_Shift+1","hubris:EnhanceAbility","expansioncontent:DefensiveStance","Bone_Armory","Life_Tap","Summon_Death_Knight"],"relics":["Vampire_Amulet","Replay:Kaleidoscope","Golden Idol","Replay:Bottled Steam","conspire:DecoderRing","aspiration:AnachronicSnailShell","aspiration:ChemicalBlood","Matryoshka","ReplayTheSpireMod:Lightbulb","hubris:ScarierMask","halation:PinkSoulGem","Tiny Chest","Toy Ornithopter","halation:BottledLove","Replay:Mystery Machine","halation:BlackBeret","Gremlin Food","conspire:DeflatedDodgeball","aspiration:SecretTechniqueScroll","rat:SoulRing","Question Card","Anchor","halation:LettersToHer","halation:Toothbrush","halation:IllGainedPizza"],"acts_visited":["Exordium","TheCity","TheBeyond"],"potions_floor_usage":[44,44,44,44,46,48,48,50,50,50,50,50,50,50],"damage_taken":[{"damage":0.0,"enemies":"2 Louse","floor":1.0,"turns":3.0},{"damage":3.0,"enemies":"conspire:RoseBush","floor":2.0,"turns":5.0},{"damage":6.0,"enemies":"Small Slimes","floor":3.0,"turns":5.0},{"damage":35.0,"enemies":"3 Sentries","floor":6.0,"turns":13.0},{"damage":7.0,"enemies":"Looter","floor":8.0,"turns":4.0},{"damage":28.0,"enemies":"conspire:MimicChest","floor":10.0,"turns":10.0},{"damage":5.0,"enemies":"Exordium Wildlife","floor":11.0,"turns":3.0},{"damage":7.0,"enemies":"Lagavulin","floor":12.0,"turns":5.0},{"damage":12.0,"enemies":"Gremlin Nob","floor":14.0,"turns":4.0},{"damage":20.0,"enemies":"Fading Forest","floor":16.0,"turns":11.0},{"damage":13.0,"enemies":"Shell Parasite","floor":18.0,"turns":9.0},{"damage":15.0,"enemies":"Spheric Guardian","floor":21.0,"turns":6.0},{"damage":16.0,"enemies":"Gremlin Leader","floor":25.0,"turns":7.0},{"damage":19.0,"enemies":"Centurion and Healer","floor":29.0,"turns":5.0},{"damage":10.0,"enemies":"Snake Plant","floor":31.0,"turns":5.0},{"damage":17.0,"enemies":"Champ","floor":33.0,"turns":10.0},{"damage":15.0,"enemies":"3 Shapes","floor":35.0,"turns":6.0},{"damage":8.0,"enemies":"3 Darklings","floor":36.0,"turns":5.0},{"damage":7.0,"enemies":"Maw","floor":42.0,"turns":8.0},{"damage":18,"enemies":"R_Hoarder","floor":44,"turns":9},{"damage":24,"enemies":"Giant Head","floor":46,"turns":7},{"damage":8,"enemies":"Writhing Mass","floor":47,"turns":7},{"damage":4,"enemies":"4 Shapes","floor":48,"turns":7},{"damage":86,"enemies":"conspire:OrnateMirror","floor":50,"turns":5}],"seed_played":"-6718761737994659068","potions_obtained":[{"floor":2.0,"key":"Energy Potion"},{"floor":10.0,"key":"Slimebound:ThreeZeroPotion"},{"floor":11.0,"key":"Explosive Potion"},{"floor":14.0,"key":"Milkshake"},{"floor":18.0,"key":"champ:CounterPotion"},{"floor":21.0,"key":"LiquidMemories"},{"floor":25.0,"key":"PowerPotion"},{"floor":29.0,"key":"Adrenaline Potion"},{"floor":29.0,"key":"Milkshake"},{"floor":36.0,"key":"PowerPotion"},{"floor":44,"key":"Venom Potion"},{"floor":44,"key":"Milkshake"},{"floor":46,"key":"ColorlessPotion"},{"floor":48,"key":"Adrenaline Potion"},{"floor":50,"key":"Energy Potion"}],"is_trial":false,"path_per_floor":["M","M","M","?","?","E","R","M","T","?","M","E","?","E","R_BF","B",null,"M","?","?","M","$","R","$","E","T","?","R","M","T","M","R","B",null,"M","M","?","$","T","R","T","M","T","E","?","E","M","M","R","B",null],"character_chosen":"NECROMANCER","items_purchased":["Negative_Energy_Mist+1","Toy Ornithopter","Bone_Shift","rat:SoulRing","Bone_Armory"],"campfire_rested":1,"item_purchase_floors":[22,24,24,38,38],"current_hp_per_floor":[68,67,68,68,51,34,34,37,37,21,26,27,27,23,23,65,68,62,62,62,55,55,55,55,63,63,63,63,52,52,55,68,68,68,67,61,61,61,61,61,61,68,68,68,71,62,71,71,71,35],"gold":153,"neow_bonus":"ONE_RARE_RELIC","is_daily":false,"chose_seed":false,"campfire_upgraded":5,"win_rate":0.0,"timestamp":1609787957,"path_taken":["M","M","M","?","?","E","R","M","T","?","M","E","?","E","R_BF","BOSS","M","?","?","?","$","R","?","E","T","?","R","M","?","M","R","BOSS","M","?","?","$","?","R","?","M","T","E","?","E","M","M","R","BOSS"],"items_purchased_type":["Card","Relic","Card","Relic","Card"],"build_version":"2020-12-22","purchased_purges":2,"victory":true,"max_hp_per_floor":[68,68,68,68,68,68,68,68,68,68,68,68,68,68,68,68,68,68,68,68,68,68,68,68,68,68,68,68,68,68,68,68,68,68,68,68,68,68,68,68,68,68,68,68,71,71,71,71,71,71],"card_choices":[{"not_picked":["Blood_Curse","Chill_Blood"],"picked":"Life_Drain","floor":1.0},{"not_picked":["Toxic_Smoke_Screen","Bone_Shift"],"picked":"Exploit","floor":2.0},{"not_picked":["Consume_Illness","Uncharnel"],"picked":"Spectral_Armor","floor":3.0},{"not_picked":["Blood_for_Blood","Death_Coil"],"picked":"Whirlwind_of_Bones","floor":6.0},{"not_picked":["Finger_Of_Death","Hellfire"],"picked":"Negative_Energy_Sphere","floor":8.0},{"not_picked":["Bone_Bullets","Blood_Whip"],"picked":"Bone_Armor","floor":10.0},{"not_picked":["Negative_Energy_Mist","Consume_Illness"],"picked":"Negative_Energy_Shield","floor":11.0},{"not_picked":["Bone_Bullets","Epidemic"],"picked":"Summon_Undead","floor":12.0},{"not_picked":["Consume_Illness","Death_Coil"],"picked":"Uncharnel","floor":14.0},{"not_picked":["Skeleton_Dragon","Detonate_Bones"],"picked":"Requiem","floor":16.0},{"not_picked":["Whirlwind_of_Bones","Blood_for_Blood","Bones_to_Steel"],"picked":"SKIP","floor":18.0},{"not_picked":["Pandemic","Finger_Of_Death"],"picked":"Siphon_Strength","floor":21.0},{"not_picked":["Chill_Blood","Life_Tap"],"picked":"Slay_Living","floor":25.0},{"not_picked":["Flesh_Made_Foul","Bone_Armor","Bone_Spikes+1"],"picked":"SKIP","floor":29.0},{"not_picked":["Consume_Illness","Death_March_Dance+1","Epidemic+1"],"picked":"SKIP","floor":31.0},{"not_picked":["Blood_Wake","Blood_Magic"],"picked":"Grasp_Heart","floor":33.0},{"not_picked":["Finger_Of_Death","Death_March_Dance+1"],"picked":"Bone_Shift+1","floor":35.0},{"not_picked":["Consume_Illness","Negative_Energy_Shield+1","Negative_Energy_Sphere+1"],"picked":"SKIP","floor":36.0},{"not_picked":["Replay:SS_fish_2","Flash of Steel"],"picked":"hubris:EnhanceAbility","floor":37.0},{"not_picked":["Master of Strategy","Sadistic Nature"],"picked":"expansioncontent:DefensiveStance","floor":37.0},{"not_picked":["Vampiric_Strike+1","Death_March_Dance+1","Blood_Whip","Chill_Blood"],"picked":"SKIP","floor":42.0},{"not_picked":["Necrotic_Claws","Necromantic_Selection+1","Shade_Step"],"picked":"Life_Tap","floor":44},{"not_picked":["Necromantic_Selection+1","Uncharnel","Finger_Of_Death"],"picked":"Summon_Death_Knight","floor":46},{"not_picked":["Bone_Spikes+1","Flesh_Made_Foul+1","Blood_Curse+1","Life_Drain+1"],"picked":"SKIP","floor":47},{"not_picked":["Negative_Energy_Sphere+1","Acid_Javelin","Uncharnel","Blood_Curse+1"],"picked":"SKIP","floor":48}],"player_experience":228851,"relics_obtained":[{"floor":6.0,"key":"Replay:Bottled Steam"},{"floor":9.0,"key":"conspire:DecoderRing"},{"floor":10.0,"key":"aspiration:AnachronicSnailShell"},{"floor":12.0,"key":"aspiration:ChemicalBlood"},{"floor":14.0,"key":"ReplayTheSpireMod:Lightbulb"},{"floor":25.0,"key":"halation:BottledLove"},{"floor":26.0,"key":"Replay:Mystery Machine"},{"floor":26.0,"key":"halation:BlackBeret"},{"floor":30.0,"key":"Gremlin Food"},{"floor":30.0,"key":"conspire:DeflatedDodgeball"},{"floor":39.0,"key":"Question Card"},{"floor":41.0,"key":"Anchor"},{"floor":43.0,"key":"halation:LettersToHer"},{"floor":44,"key":"halation:Toothbrush"},{"floor":46,"key":"halation:IllGainedPizza"}],"event_choices":[{"damage_healed":0.0,"max_hp_gain":0.0,"max_hp_loss":0.0,"gold_gain":0.0,"event_name":"conspire:Investor","player_choice":"Leave","floor":4.0,"gold_loss":0.0,"damage_taken":0.0},{"damage_healed":0.0,"max_hp_gain":0.0,"max_hp_loss":0.0,"gold_gain":0.0,"event_name":"Golden Idol","player_choice":"Take Damage","floor":5.0,"gold_loss":0.0,"damage_taken":17.0,"relics_obtained":["Golden Idol"]},{"damage_healed":0.0,"max_hp_gain":0.0,"max_hp_loss":0.0,"gold_gain":0.0,"event_name":"Big Fish","player_choice":"Box","floor":13.0,"gold_loss":0.0,"damage_taken":0.0,"relics_obtained":["Matryoshka"],"cards_obtained":["Regret"]},{"damage_healed":0.0,"max_hp_gain":0.0,"max_hp_loss":0.0,"gold_gain":0.0,"event_name":"The Mausoleum","player_choice":"Opened","floor":20.0,"gold_loss":0.0,"damage_taken":0.0,"relics_obtained":["Tiny Chest"]},{"damage_healed":0.0,"max_hp_gain":0.0,"max_hp_loss":0.0,"gold_gain":0.0,"event_name":"betterThird:BetterPortal","player_choice":"Random: Blue","floor":37.0,"gold_loss":0.0,"damage_taken":0.0},{"damage_healed":0.0,"max_hp_gain":0.0,"max_hp_loss":0.0,"gold_gain":3.0,"event_name":"betterStone:BetterStone","player_choice":"1","floor":37.0,"gold_loss":0.0,"damage_taken":0.0},{"cards_removed":["Strike_W"],"damage_healed":0,"gold_gain":0,"player_choice":"Upgrade and Remove","damage_taken":0,"max_hp_gain":0,"max_hp_loss":0,"event_name":"Designer","floor":45,"gold_loss":90,"cards_upgraded":["Defend_W"]}],"is_beta":false,"boss_relics":[{"not_picked":["Tiny House","Ring of Chaos"],"picked":"hubris:ScarierMask"},{"not_picked":["Astrolabe","aspiration:RunicSpoon"],"picked":"aspiration:SecretTechniqueScroll"}],"items_purged_floors":[22,24],"is_endless":false,"potions_floor_spawned":[2,10,11,14,18,21,29,36,44,48],"ascension_level":2}}