{"host":"k85tjwrh7mjrrc9a","time":1609795214,"event":{"mods":["AchievementEnabler","BaseMod","Colored Powertips","Highlight Path","Minty Spire (QoL Compilation)","Rare Cards Sparkle","StSLib"],"gold_per_floor":[212,231,231,231,244,244,269,269,269,67,83,99,113,128,128,230,230,249,266,266,266],"floor_reached":20,"playtime":1084,"items_purged":[],"score":240,"play_id":"a8e61b69-a39b-419b-b47b-1eeeecb26a75","local_time":"20210104162014","is_ascension_mode":true,"campfire_choices":[{"data":"Armaments","floor":6,"key":"SMITH"},{"floor":8,"key":"REST"},{"data":"Armaments","floor":15,"key":"SMITH"}],"circlet_count":0,"master_deck":["Strike_R","Strike_R","Strike_R","Strike_R","Strike_R","Defend_R+1","Defend_R","Defend_R+1","Defend_R","Bash","Armaments+1","Iron Wave","Heavy Blade","Armaments+1","Battle Trance+1","Evolve","Inflame","Pommel Strike","Barricade","Headbutt+1"],"relics":["Burning Blood","The Courier","Omamori","War Paint","Toxic Egg 2","Fusion Hammer"],"acts_visited":["Exordium","TheCity"],"potions_floor_usage":[16,20],"damage_taken":[{"damage":15,"enemies":"2 Louse","floor":1,"turns":3},{"damage":7,"enemies":"Small Slimes","floor":2,"turns":4},{"damage":1,"enemies":"Cultist","floor":5,"turns":3},{"damage":36,"enemies":"3 Sentries","floor":7,"turns":9},{"damage":20,"enemies":"Large Slime","floor":11,"turns":9},{"damage":1,"enemies":"Exordium Wildlife","floor":12,"turns":3},{"damage":0,"enemies":"3 Louse","floor":13,"turns":4},{"damage":6,"enemies":"2 Fungi Beasts","floor":14,"turns":4},{"damage":51,"enemies":"The Guardian","floor":16,"turns":14},{"damage":39,"enemies":"2 Thieves","floor":18,"turns":5},{"damage":14,"enemies":"Shell Parasite","floor":19,"turns":8},{"damage":39,"enemies":"Masked Bandits","floor":20,"turns":3}],"seed_played":"1526583122661691043","potions_obtained":[{"floor":2,"key":"Ancient Potion"},{"floor":5,"key":"Fruit Juice"},{"floor":11,"key":"BlessingOfTheForge"},{"floor":18,"key":"Dexterity Potion"},{"floor":19,"key":"Swift Potion"}],"is_trial":false,"path_per_floor":["M","M","?","?","M","R","E","R","T","$","M","M","M","M","R","B",null,"M","M","?"],"character_chosen":"IRONCLAD","items_purchased":["Toxic Egg 2"],"campfire_rested":1,"item_purchase_floors":[10],"current_hp_per_floor":[63,62,62,62,67,67,37,61,61,61,47,52,58,58,58,18,68,35,27,0,0],"gold":266,"neow_bonus":"HUNDRED_GOLD","is_daily":false,"chose_seed":false,"campfire_upgraded":2,"win_rate":0.0,"timestamp":1609795214,"path_taken":["M","M","?","?","M","R","E","R","T","$","?","M","M","M","R","BOSS","M","M","?"],"items_purchased_type":["Relic"],"build_version":"2020-12-22","purchased_purges":0,"victory":false,"max_hp_per_floor":[80,80,80,80,80,80,80,80,80,80,80,80,80,80,80,85,85,85,85,85,85],"card_choices":[{"not_picked":["Havoc","Dropkick"],"picked":"Armaments","floor":1},{"not_picked":["Armaments","Hemokinesis"],"picked":"Iron Wave","floor":2},{"not_picked":["Fire Breathing","Armaments"],"picked":"Heavy Blade","floor":5},{"not_picked":["Searing Blow","Feel No Pain"],"picked":"Armaments","floor":7},{"not_picked":["Wild Strike","Pommel Strike"],"picked":"Battle Trance+1","floor":11},{"not_picked":["Immolate","Havoc+1"],"picked":"Evolve","floor":12},{"not_picked":["Flex+1","Warcry+1"],"picked":"Inflame","floor":13},{"not_picked":["Shrug It Off+1","Perfected Strike"],"picked":"Pommel Strike","floor":14},{"not_picked":["Impervious+1","Feed"],"picked":"Barricade","floor":16},{"not_picked":["Clash","Sword Boomerang"],"picked":"Headbutt+1","floor":18},{"not_picked":["Wild Strike+1","Headbutt","Sword Boomerang"],"picked":"SKIP","floor":19}],"player_experience":143355,"relics_obtained":[{"floor":7,"key":"Omamori"},{"floor":9,"key":"War Paint"}],"event_choices":[{"damage_healed":0,"gold_gain":0,"player_choice":"Box","damage_taken":0,"relics_obtained":["The Courier"],"max_hp_gain":0,"max_hp_loss":0,"event_name":"Big Fish","floor":3,"gold_loss":0,"cards_obtained":["Regret"]},{"cards_removed":["Regret"],"damage_healed":0,"gold_gain":0,"player_choice":"Removed Curses","damage_taken":0,"max_hp_gain":0,"max_hp_loss":0,"event_name":"Fountain of Cleansing","floor":4,"gold_loss":0},{"damage_healed":0,"gold_gain":0,"player_choice":"Fought Bandits","damage_taken":0,"max_hp_gain":0,"max_hp_loss":0,"event_name":"Masked Bandits","floor":20,"gold_loss":0}],"is_beta":false,"boss_relics":[{"not_picked":["Coffee Dripper","Pandora\u0027s Box"],"picked":"Fusion Hammer"}],"items_purged_floors":[],"is_endless":false,"potions_floor_spawned":[2,5,11,13,18,19],"killed_by":"Masked Bandits","ascension_level":7}}