{"host":"vlqejv0notyktumz","time":1609786870,"event":{"mods":["AchievementEnabler","BaseMod","Googly Eyes","Minty Spire (QoL Compilation)"],"gold_per_floor":[118,118,43,58,72,72,99,117,187,12,25,57,57,57,57,57,57],"floor_reached":16,"playtime":376,"items_purged":["Defend_B","Strike_B"],"score":143,"play_id":"6ade9a58-6bc7-4b06-aa62-ba2f2687cd6b","local_time":"20210104130110","is_ascension_mode":true,"campfire_choices":[{"data":"Redo","floor":6,"key":"SMITH"},{"data":"Conserve Battery","floor":15,"key":"SMITH"}],"circlet_count":0,"master_deck":["Strike_B","Strike_B","Strike_B","Defend_B","Defend_B","Defend_B","Zap","Dualcast","Redo+1","Stack","FTL","Ball Lightning","Conserve Battery+1","Defragment","Glacier"],"relics":["Cracked Core","NeowsBlessing","FaceOfCleric","Ginger","Question Card","Omamori","Matryoshka"],"acts_visited":["Exordium"],"potions_floor_usage":[7,7,12],"damage_taken":[{"damage":0,"enemies":"Small Slimes","floor":1,"turns":1},{"damage":0,"enemies":"Cultist","floor":4,"turns":1},{"damage":0,"enemies":"Jaw Worm","floor":5,"turns":1},{"damage":8,"enemies":"Gremlin Nob","floor":7,"turns":3},{"damage":18,"enemies":"Large Slime","floor":8,"turns":5},{"damage":11,"enemies":"Exordium Thugs","floor":11,"turns":4},{"damage":8,"enemies":"3 Sentries","floor":12,"turns":7},{"damage":51,"enemies":"Hexaghost","floor":16,"turns":14}],"seed_played":"756339905263793017","potions_obtained":[{"floor":4,"key":"PowerPotion"},{"floor":5,"key":"Strength Potion"},{"floor":8,"key":"BlessingOfTheForge"}],"is_trial":false,"path_per_floor":["M","?","$","M","M","R","E","M","T","$","M","E","?","T","R","B"],"character_chosen":"DEFECT","items_purchased":["Defragment"],"campfire_rested":0,"item_purchase_floors":[10],"current_hp_per_floor":[68,68,68,69,70,70,63,46,46,46,36,29,49,49,49,0,0],"gold":57,"neow_bonus":"THREE_ENEMY_KILL","is_daily":false,"chose_seed":false,"campfire_upgraded":2,"win_rate":0.0,"timestamp":1609786870,"path_taken":["M","?","?","M","?","R","E","M","T","$","M","E","?","?","R","BOSS"],"items_purchased_type":["Card"],"build_version":"2020-12-22","purchased_purges":2,"victory":false,"max_hp_per_floor":[75,75,75,76,77,77,78,79,79,79,80,81,81,81,81,81,81],"card_choices":[{"not_picked":["Cold Snap","Undo"],"picked":"Redo","floor":1},{"not_picked":["Self Repair","Aggregate"],"picked":"Stack","floor":4},{"not_picked":["Turbo","Skim"],"picked":"FTL","floor":5},{"not_picked":["Rip and Tear","Skim"],"picked":"Ball Lightning","floor":7},{"not_picked":["Barrage","Gash"],"picked":"Conserve Battery","floor":8},{"not_picked":["Rebound","Sweeping Beam","Streamline"],"picked":"Glacier","floor":11},{"not_picked":["Recycle","Biased Cognition","Streamline","Gash"],"picked":"SKIP","floor":12}],"player_experience":287490,"relics_obtained":[{"floor":7,"key":"Ginger"},{"floor":9,"key":"Question Card"},{"floor":12,"key":"Omamori"},{"floor":14,"key":"Matryoshka"}],"event_choices":[{"damage_healed":0,"gold_gain":0,"player_choice":"Trade","damage_taken":0,"relics_obtained":["FaceOfCleric"],"max_hp_gain":0,"max_hp_loss":0,"event_name":"FaceTrader","floor":2,"gold_loss":0},{"damage_healed":20,"gold_gain":0,"player_choice":"Healed and dodged fight","damage_taken":0,"max_hp_gain":0,"max_hp_loss":0,"event_name":"Mushrooms","floor":13,"gold_loss":0,"cards_obtained":["Parasite"]}],"is_beta":false,"boss_relics":[],"items_purged_floors":[3,10],"is_endless":false,"potions_floor_spawned":[4,5,8],"killed_by":"Hexaghost","ascension_level":6}}