{"host":"5jzx1090woovszu4","time":1609802760,"event":{"mods":["Arknights The Spire","BaseMod","Minty Spire (QoL Compilation)","Spicy Shops","StSLib","The Bug Knight"],"gold_per_floor":[112,123,48,48,48,83,83,109,134,152,166,186,261,277,277,277,277],"floor_reached":16,"playtime":1186,"items_purged":[],"score":110,"play_id":"aa1e05b6-c085-49ee-b4d0-d35f65076f7f","local_time":"20210105002600","is_ascension_mode":false,"campfire_choices":[{"data":"HollowMod:CrystalDash","floor":7,"key":"SMITH"},{"floor":15,"key":"REST"}],"circlet_count":0,"master_deck":["HollowMod:NailStrikeStart","HollowMod:NailStrikeStart","HollowMod:NailStrikeStart","HollowMod:NailStrikeStart","HollowMod:QuickDashStart","HollowMod:QuickDashStart","HollowMod:QuickDashStart","HollowMod:QuickDashStart","HollowMod:FocusHealStart","HollowMod:PogoStrike","HollowMod:LuriensSpire","HollowMod:NewGlowingWomb","HollowMod:CrystalDash+1","HollowMod:AbyssShriek","HollowMod:InfectedAttack","HollowMod:DashSlash","HollowMod:VengefulVoid"],"relics":["HollowMod:VesselMask","Akabeko","Mummified Hand","Juzu Bracelet","Odd Mushroom"],"acts_visited":["Exordium"],"potions_floor_usage":[6,8,16,16],"damage_taken":[{"damage":0,"enemies":"Small Slimes","floor":1,"turns":3},{"damage":1,"enemies":"2 Louse","floor":2,"turns":3},{"damage":28,"enemies":"3 Sentries","floor":6,"turns":12},{"damage":23,"enemies":"Gremlin Nob","floor":8,"turns":5},{"damage":1,"enemies":"Jaw Worm","floor":10,"turns":3},{"damage":16,"enemies":"Gremlin Gang","floor":11,"turns":5},{"damage":17,"enemies":"The Mushroom Lair","floor":12,"turns":2},{"damage":3,"enemies":"Exordium Thugs","floor":14,"turns":3},{"damage":34,"enemies":"HollowMod:FalseKnight","floor":16,"turns":10}],"seed_played":"5329748764129472353","potions_obtained":[{"floor":2,"key":"BlessingOfTheForge"},{"floor":6,"key":"PowerPotion"},{"floor":10,"key":"Weak Potion"},{"floor":14,"key":"Fire Potion"}],"is_trial":false,"path_per_floor":["M","M","?","$","?","E","R","E","T","M","M","?","?","M","R","B"],"character_chosen":"THE_BUGKNIGHT","items_purchased":[],"campfire_rested":1,"item_purchase_floors":[],"current_hp_per_floor":[82,81,86,86,86,70,70,47,47,52,36,19,8,5,31,0,0],"gold":277,"neow_bonus":"TEN_PERCENT_HP_BONUS","is_daily":false,"chose_seed":false,"campfire_upgraded":1,"win_rate":0.0,"timestamp":1609802760,"path_taken":["M","M","?","$","?","E","R","E","T","M","M","?","?","M","R","BOSS"],"items_purchased_type":[],"build_version":"2020-12-22","purchased_purges":0,"victory":false,"max_hp_per_floor":[82,82,87,87,87,87,87,87,87,87,87,87,87,87,87,87,87],"card_choices":[{"not_picked":["HollowMod:InfectedCysts","HollowMod:SoulEater"],"picked":"HollowMod:LuriensSpire","floor":1},{"not_picked":["HollowMod:HeavyBlow","HollowMod:InfectedAttack"],"picked":"HollowMod:NewGlowingWomb","floor":2},{"not_picked":["HollowMod:AbyssShriek","HollowMod:InfectedAttack"],"picked":"HollowMod:CrystalDash","floor":6},{"not_picked":["HollowMod:ShadowDash","HollowMod:VengefulVoid"],"picked":"HollowMod:AbyssShriek","floor":8},{"not_picked":["HollowMod:CloakDash","HollowMod:SoulStrike"],"picked":"HollowMod:InfectedAttack","floor":10},{"not_picked":["HollowMod:SoulStrike","HollowMod:NewJinnsSoul","HollowMod:CycloneSlash"],"picked":"SKIP","floor":11},{"not_picked":["HollowMod:LordofShades","HollowMod:GrimmsGift"],"picked":"HollowMod:DashSlash","floor":12},{"not_picked":["HollowMod:NewLittleFool","HollowMod:CrystalDash"],"picked":"HollowMod:VengefulVoid","floor":14}],"player_experience":624052,"relics_obtained":[{"floor":6,"key":"Akabeko"},{"floor":8,"key":"Mummified Hand"},{"floor":9,"key":"Juzu Bracelet"},{"floor":12,"key":"Odd Mushroom"}],"event_choices":[{"damage_healed":0,"gold_gain":0,"player_choice":"Ignored","damage_taken":0,"max_hp_gain":0,"max_hp_loss":0,"event_name":"Liars Game","floor":5,"gold_loss":0},{"damage_healed":0,"gold_gain":0,"player_choice":"Fought Mushrooms","damage_taken":0,"max_hp_gain":0,"max_hp_loss":0,"event_name":"Mushrooms","floor":12,"gold_loss":0},{"damage_healed":0,"gold_gain":75,"player_choice":"Gather Gold","damage_taken":11,"max_hp_gain":0,"max_hp_loss":0,"event_name":"World of Goop","floor":13,"gold_loss":0}],"is_beta":false,"boss_relics":[],"items_purged_floors":[],"is_endless":false,"potions_floor_spawned":[2,6,10,14],"killed_by":"HollowMod:FalseKnight","ascension_level":0}}