{"host":"nox","time":1609747458,"event":{"mods":["Act Like it!","Aspiration","BaseMod","Better Altar","Better Match","Better Note","Better Sensory Stone","Better Skull","Better Third Choice","BetterRewards","Colored Powertips","Conspire","Energized Spire","GifTheSpireLib","Hubris","Infinite Spire","Minty Spire (QoL Compilation)","Pale of the Ancients","Quick Restart","Rare Cards Sparkle","Replay The Spire","Shop Mod","Spikes Relics","StSLib","Stuff the Spire","SuperFastMode","The Alterego","vexMod"],"gold_per_floor":[110,110,123,198,211,246,246,266,266,295,313,313,345,361,361,461,461,477,437,449,466,466,466,495,507,531,531,556,575,575,575,575,671,671,735,735,425,350,96,119,155,155,155,181,213,240,310,350,350,350,350,350,61,61,61],"floor_reached":54,"playtime":1419,"items_purged":[],"score":1423,"play_id":"34331161-d5af-4289-a206-b969d6434dde","local_time":"20210104150418","is_ascension_mode":true,"campfire_choices":[{"floor":7.0,"key":"REST"},{"floor":12.0,"key":"REST"},{"floor":15.0,"key":"RECALL"},{"data":"Barrage","floor":23.0,"key":"SMITH"},{"data":"hubris:PowerSurge","floor":27.0,"key":"SMITH"},{"floor":32.0,"key":"DIG"},{"data":"ReplayTheSpireMod:Omega Cannon","floor":42.0,"key":"SMITH"},{"floor":49.0,"key":"REST"},{"data":"Capacitor","floor":52.0,"key":"SMITH"}],"circlet_count":0,"master_deck":["AscendersBane","Strike_B","Strike_B","Strike_B","Strike_B","Defend_B","Defend_B","Defend_B","Defend_B","Zap+1","Dualcast","Cold Snap","Barrage+1","Barrage+1","Melter","Time Bomb","Cold Snap","Ball Lightning","Rebound","Cold Snap","ReplayTheSpireMod:Omega Cannon+1","Ball Lightning+1","hubris:PowerSurge+1","Barrage+1","ReplayTheSpireMod:Omega Cannon+1","Hologram","Echo Form","Barrage+1","Conserve Battery","Capacitor+1","Blizzard","Blizzard"],"relics":["Cracked Core","ReplayTheSpireMod:Lightbulb","aspiration:HummingbirdHeart","hubris:Spice","Replay:Rubber Ducky","vexMod:PaidLearning","Regal Pillow","Replay:Bronze Core","infinitespire:EvilPickle","Lantern","aspiration:Lifesprig","StuffTheSpire:PointBlank","Strawberry","Oddly Smooth Stone","Kunai"],"acts_visited":["Exordium","TheCity","TheBeyond","TheEnding"],"potions_floor_usage":[],"damage_taken":[{"damage":8.0,"enemies":"Jaw Worm","floor":1.0,"turns":5.0},{"damage":2.0,"enemies":"conspire:RoseBush","floor":3.0,"turns":3.0},{"damage":9.0,"enemies":"2 Louse","floor":5.0,"turns":3.0},{"damage":22.0,"enemies":"Lagavulin","floor":6.0,"turns":7.0},{"damage":11.0,"enemies":"Red Slaver","floor":8.0,"turns":3.0},{"damage":13.0,"enemies":"3 Sentries","floor":10.0,"turns":7.0},{"damage":9.0,"enemies":"Exordium Wildlife","floor":11.0,"turns":4.0},{"damage":20.0,"enemies":"Replay:BlueRogue","floor":13.0,"turns":6.0},{"damage":5.0,"enemies":"Blue Slaver","floor":14.0,"turns":3.0},{"damage":7.0,"enemies":"Hexaghost","floor":16.0,"turns":8.0},{"damage":0.0,"enemies":"conspire:FuzzyDice","floor":18.0,"turns":4.0},{"damage":3.0,"enemies":"3 Byrds","floor":20.0,"turns":4.0},{"damage":8.0,"enemies":"Centurion and Healer","floor":21.0,"turns":3.0},{"damage":0.0,"enemies":"Gremlin Leader","floor":24.0,"turns":2.0},{"damage":5.0,"enemies":"Sentry and Sphere","floor":25.0,"turns":3.0},{"damage":6.0,"enemies":"Cultist and Chosen","floor":29.0,"turns":3.0},{"damage":38.0,"enemies":"Pondfish","floor":33.0,"turns":4.0},{"damage":0.0,"enemies":"3 Darklings","floor":35.0,"turns":1.0},{"damage":0.0,"enemies":"Orb Walker","floor":40.0,"turns":2.0},{"damage":16.0,"enemies":"Giant Head","floor":41.0,"turns":5.0},{"damage":5.0,"enemies":"Maw","floor":44.0,"turns":4.0},{"damage":11.0,"enemies":"Sphere and 2 Shapes","floor":45.0,"turns":1.0},{"damage":32.0,"enemies":"4 Shapes","floor":48.0,"turns":1.0},{"damage":18.0,"enemies":"hubris:GrandSnecko","floor":50.0,"turns":6.0},{"damage":64,"enemies":"Shield and Spear","floor":54,"turns":3}],"seed_played":"-1710143175802191855","potions_obtained":[{"floor":3.0,"key":"BlessingOfTheForge"},{"floor":8.0,"key":"Dexterity Potion"},{"floor":10.0,"key":"Cursed Concoction"},{"floor":11.0,"key":"Adrenaline Potion"},{"floor":14.0,"key":"FocusPotion"},{"floor":21.0,"key":"FearPotion"},{"floor":24.0,"key":"FairyPotion"},{"floor":35.0,"key":"Ancient Potion"},{"floor":44.0,"key":"Fire Potion"}],"is_trial":false,"path_per_floor":["M","?","M","?","M","E","R","M","T","E","M","R","E","M","R","B",null,"M","?","M","M","?","R","E","M","T","R","T","M","?","AVR","R","B",null,"M","?","$","?","$","M","E","R","T","M","M","T","?","M","R","B",null,"R","$","E"],"character_chosen":"DEFECT","items_purchased":["Lantern","aspiration:Lifesprig","StuffTheSpire:PointBlank","Blizzard","Kunai"],"campfire_rested":3,"item_purchase_floors":[37,37,39,53,53],"current_hp_per_floor":[67,75,73,62,53,31,55,44,44,37,28,54,42,37,37,30,88,88,88,85,77,77,77,77,72,72,72,72,66,66,66,66,28,55,55,55,55,55,55,55,39,39,39,34,23,30,19,2,28,10,32,32,32,0,0],"gold":61,"neow_bonus":"TEN_PERCENT_HP_BONUS","is_daily":false,"chose_seed":false,"campfire_upgraded":4,"win_rate":0.0,"timestamp":1609747458,"path_taken":["M","?","M","?","M","E","R","M","T","E","M","R","E","M","R","BOSS","M","?","?","M","?","R","E","M","T","R","?","M","?","AVR","R","BOSS","M","?","$","?","$","M","E","R","T","?","M","?","?","M","R","BOSS","R","$","E"],"items_purchased_type":["Relic","Relic","Relic","Card","Relic"],"build_version":"2020-11-17","purchased_purges":0,"victory":false,"max_hp_per_floor":[82,82,82,82,82,82,82,82,82,88,88,88,96,96,96,96,104,104,104,104,104,104,104,104,96,96,96,88,80,80,72,72,64,64,64,64,64,64,64,64,48,48,40,40,40,47,47,39,39,39,39,39,39,39,39],"card_choices":[{"not_picked":["Streamline","BasicCrystalCard"],"picked":"Cold Snap","floor":1.0},{"not_picked":["Leap","RefreshScreen"],"picked":"Barrage","floor":3.0},{"not_picked":["Panic Button","Compile Driver"],"picked":"Barrage","floor":5.0},{"not_picked":["Gash","ReplayGash"],"picked":"Melter","floor":6.0},{"not_picked":["Chaos","Go for the Eyes"],"picked":"Time Bomb","floor":8.0},{"not_picked":["All For One","StuffTheSpire:LoadUp"],"picked":"Cold Snap","floor":10.0},{"not_picked":["StuffTheSpire:Plugnplay","StuffTheSpire:GlassShard"],"picked":"Ball Lightning","floor":11.0},{"not_picked":["Reinforced Body","Turbo"],"picked":"Rebound","floor":13.0},{"not_picked":["Core Surge","Hologram"],"picked":"Cold Snap","floor":14.0},{"not_picked":["StuffTheSpire:EventHorizon","Buffer"],"picked":"ReplayTheSpireMod:Omega Cannon","floor":16.0},{"not_picked":["Compile Driver","RefreshScreen+1"],"picked":"Ball Lightning+1","floor":18.0},{"not_picked":["Go for the Eyes","Glacier+1"],"picked":"hubris:PowerSurge","floor":20.0},{"not_picked":["Loop","StuffTheSpire:Rend"],"picked":"Barrage","floor":21.0},{"not_picked":["StuffTheSpire:LoadUp","Glacier+1"],"picked":"ReplayTheSpireMod:Omega Cannon","floor":24.0},{"not_picked":["hubris:SpiceAddiction","Conserve Battery"],"picked":"hubris:SpiceAddiction","floor":25.0},{"not_picked":["BasicCrystalCard","Steam+1"],"picked":"hubris:SpiceAddiction","floor":29.0},{"not_picked":["hubris:DoWhile","Fission"],"picked":"hubris:SpiceAddiction","floor":33.0},{"not_picked":["Turbo","Fusion","BasicCrystalCard+1"],"picked":"SKIP","floor":35.0},{"not_picked":["Streamline+1","Gash"],"picked":"Hologram","floor":40.0},{"not_picked":["StuffTheSpire:LoadUp","Stack"],"picked":"hubris:SpiceAddiction","floor":41.0},{"not_picked":["Steam+1","hubris:SpiceAddiction"],"picked":"Echo Form","floor":44.0},{"not_picked":["Leap","Hologram"],"picked":"Barrage+1","floor":45.0},{"not_picked":["hubris:SpiceAddiction","Beam Cell"],"picked":"Conserve Battery","floor":47.0},{"not_picked":["hubris:SpiceAddiction","White Noise"],"picked":"Capacitor","floor":47.0},{"not_picked":["StuffTheSpire:Synthwave+1","Crystallizer"],"picked":"hubris:SpiceAddiction","floor":48.0}],"player_experience":304477,"relics_obtained":[{"floor":6.0,"key":"ReplayTheSpireMod:Lightbulb"},{"floor":9.0,"key":"aspiration:HummingbirdHeart"},{"floor":10.0,"key":"vexMod:BerryBomb"},{"floor":13.0,"key":"hubris:Spice"},{"floor":24.0,"key":"Replay:Rubber Ducky"},{"floor":28.0,"key":"hubris:Spice"},{"floor":32.0,"key":"Regal Pillow"},{"floor":41.0,"key":"hubris:Spice"},{"floor":43.0,"key":"hubris:Spice"},{"floor":46.0,"key":"Strawberry"},{"floor":47.0,"key":"Oddly Smooth Stone"}],"event_choices":[{"damage_healed":0.0,"max_hp_gain":0.0,"max_hp_loss":0.0,"gold_gain":75.0,"event_name":"betterThird:BetterGoop","player_choice":"Gold","floor":4.0,"gold_loss":0.0,"damage_taken":11.0},{"damage_healed":0.0,"max_hp_gain":0.0,"max_hp_loss":0.0,"gold_gain":0.0,"event_name":"Designer","player_choice":"Upgraded Two","floor":19.0,"gold_loss":40.0,"damage_taken":0.0,"cards_upgraded":["Barrage","ReplayTheSpireMod:Omega Cannon"]},{"damage_healed":0.0,"max_hp_gain":0.0,"max_hp_loss":0.0,"gold_gain":0.0,"event_name":"Ghosts","player_choice":"Ignored","floor":30.0,"gold_loss":0.0,"damage_taken":0.0},{"damage_healed":0.0,"max_hp_gain":0.0,"max_hp_loss":0.0,"gold_gain":0.0,"event_name":"betterMatch:BetterMatch","player_choice":"3","floor":38.0,"gold_loss":0.0,"damage_taken":0.0,"cards_obtained":[]}],"is_beta":true,"boss_relics":[{"not_picked":["ChewingGum","aspiration:RitualDagger"],"picked":"hubris:Spice"},{"not_picked":["aspiration:WatcherSkillbook","hubris:Spice"],"picked":"Replay:Bronze Core"}],"items_purged_floors":[],"is_endless":false,"potions_floor_spawned":[3,8,10,11,14,21,24,29,35,44,45],"killed_by":"Shield and Spear","ascension_level":10}}