{"host":"pe2q1tocp309rrg9","time":1609735712,"event":{"mods":["2.2 Compatiblity","BaseMod","BetterRewards","Downfall","Ekko","Gremlin Mod","Hermit","Jorbs\u0027s Wanderer Trilogy","Minty Spire (QoL Compilation)","Quick Restart","Rare Cards Sparkle","Replay The Spire","StSLib","The Blue Laboratory","The Construct","The Hierophant","Uncapped"],"gold_per_floor":[111,131,150,150,150,150,166,166,193,193,207,264,291,311,311,413,413,432,68,68,84,84,84,118,118,118,144,144,164,46,66,66,66,66],"floor_reached":33,"playtime":742,"items_purged":[],"score":299,"play_id":"ee66bde0-42f9-401a-a815-e83df2c25951","local_time":"20210103224832","is_ascension_mode":true,"campfire_choices":[{"data":"Double Tap","floor":6.0,"key":"SMITH"},{"data":"ReplayTheSpireMod:Muscle Training","floor":8.0,"key":"SMITH"},{"data":"Run Through","floor":10.0,"key":"SMITH"},{"floor":15.0,"key":"REST"},{"floor":23.0,"key":"REST"},{"floor":25.0,"key":"REST"},{"floor":32,"key":"REST"}],"circlet_count":0,"master_deck":["Strike_R","Strike_R","Strike_R","Strike_R","Strike_R","Defend_R","Defend_R","Defend_R","Defend_R","Bash+1","Disarm","Run Through+1","Double Tap+1","ReplayTheSpireMod:Muscle Training+1","Pummel","Run Through","Spot Weakness","Offering","Spot Weakness+1","Combust+1","Infernal Blade+1","Rupture+1","Combust","Replay:Undeath\u0027s Touch","Armaments","Warcry","True Grit","Anger"],"relics":["Burning Blood","Tiny Chest","Pen Nib","Electric Blood","Anchor","Bag of Marbles","Toy Ornithopter","Replay:Accelerometer","ReplayFunnel","The Courier"],"acts_visited":["Exordium","TheCity"],"potions_floor_usage":[33,33,33],"damage_taken":[{"damage":7.0,"enemies":"2 Louse","floor":1.0,"turns":3.0},{"damage":11.0,"enemies":"Jaw Worm","floor":2.0,"turns":4.0},{"damage":0.0,"enemies":"Cultist","floor":3.0,"turns":4.0},{"damage":0.0,"enemies":"Large Slime","floor":7.0,"turns":5.0},{"damage":0.0,"enemies":"2 Fungi Beasts","floor":11.0,"turns":2.0},{"damage":33.0,"enemies":"Lagavulin","floor":13.0,"turns":5.0},{"damage":14.0,"enemies":"Looter","floor":14.0,"turns":3.0},{"damage":64.0,"enemies":"Slime Boss","floor":16.0,"turns":11.0},{"damage":26.0,"enemies":"Shell Parasite","floor":18.0,"turns":3.0},{"damage":5.0,"enemies":"Chosen","floor":21.0,"turns":3.0},{"damage":31.0,"enemies":"Gremlin Leader","floor":24.0,"turns":5.0},{"damage":44.0,"enemies":"Slavers","floor":27.0,"turns":4.0},{"damage":17.0,"enemies":"Centurion and Healer","floor":29.0,"turns":4.0},{"damage":11,"enemies":"Cultist and Chosen","floor":31,"turns":4},{"damage":64,"enemies":"Collector","floor":33,"turns":7}],"seed_played":"-2288356653199950979","potions_obtained":[{"floor":1.0,"key":"blueLaboratory:LimitlessPotion"},{"floor":2.0,"key":"blueLaboratory:NullPotion"},{"floor":13.0,"key":"SneckoOil"},{"floor":18.0,"key":"Block Potion"},{"floor":27.0,"key":"Cursed Concoction"},{"floor":29.0,"key":"blueLaboratory:IronCompound"}],"is_trial":false,"path_per_floor":["M","M","M","?","?","R","M","R","T","R","M","?","E","M","R","B",null,"M","$","?","M","?","R","E","R","T","E","T","M","$","M","R","B"],"character_chosen":"IRONCLAD","items_purchased":["Combust+1","Anchor","Bag of Marbles","Armaments","Warcry","True Grit"],"campfire_rested":4,"item_purchase_floors":[19,19,19,30,30,30],"current_hp_per_floor":[79,74,80,80,80,80,80,80,80,80,80,80,53,45,69,11,80,60,60,60,61,61,80,55,79,79,41,41,30,30,25,49,0,0],"gold":66,"neow_bonus":"RANDOM_EVENT","is_daily":false,"chose_seed":false,"campfire_upgraded":3,"win_rate":0.0,"timestamp":1609735712,"path_taken":["M","M","M","?","?","R","?","R","T","R","M","?","E","M","R","BOSS","M","$","?","M","?","R","E","R","T","E","?","?","$","M","R","BOSS"],"items_purchased_type":["Card","Relic","Relic","Card","Card","Card"],"build_version":"2020-12-22","purchased_purges":0,"victory":false,"max_hp_per_floor":[80,80,80,80,80,80,80,80,80,80,80,80,80,80,80,80,80,80,80,80,80,80,80,80,80,80,80,80,80,80,80,80,80,80],"card_choices":[{"not_picked":["Uppercut","Clothesline"],"picked":"Disarm","floor":1.0},{"not_picked":["Life Link","Perfected Strike"],"picked":"Run Through","floor":2.0},{"not_picked":["Infernal Blade","Heavy Blade"],"picked":"Double Tap","floor":3.0},{"not_picked":["Perfected Strike","Iron Wave"],"picked":"ReplayTheSpireMod:Muscle Training","floor":7.0},{"not_picked":["Feel No Pain","Abandon"],"picked":"Pummel","floor":11.0},{"not_picked":["ReplayTheSpireMod:Strike From Hell","Fire Breathing"],"picked":"Run Through","floor":13.0},{"not_picked":["Armaments","Shrug It Off"],"picked":"Spot Weakness","floor":14.0},{"not_picked":["Exhume","Corruption"],"picked":"Offering","floor":16.0},{"not_picked":["Uppercut","Warcry+1"],"picked":"Spot Weakness+1","floor":18.0},{"not_picked":["Clash","ReplayReversal+1"],"picked":"Infernal Blade+1","floor":21.0},{"not_picked":["Armaments+1","ReplayReversal"],"picked":"Rupture+1","floor":24.0},{"not_picked":["Power Through","Berserk"],"picked":"Combust","floor":27.0},{"not_picked":["Warcry","ReplayTheSpireMod:Corrosion Curse"],"picked":"Replay:Undeath\u0027s Touch","floor":29.0},{"not_picked":["Shockwave","Fire Breathing"],"picked":"Anger","floor":31}],"player_experience":689804,"relics_obtained":[{"floor":9.0,"key":"Tiny Chest"},{"floor":13.0,"key":"Pen Nib"},{"floor":24.0,"key":"Toy Ornithopter"},{"floor":26.0,"key":"Replay:Accelerometer"},{"floor":27.0,"key":"ReplayFunnel"},{"floor":28.0,"key":"The Courier"}],"event_choices":[{"damage_healed":0.0,"max_hp_gain":0.0,"max_hp_loss":0.0,"gold_gain":0.0,"event_name":"Transmorgrifier","player_choice":"Ignored","floor":5.0,"gold_loss":0.0,"damage_taken":0.0},{"damage_healed":0.0,"max_hp_gain":0.0,"max_hp_loss":0.0,"gold_gain":57.0,"event_name":"Golden Wing","player_choice":"Gained Gold","floor":12.0,"gold_loss":0.0,"damage_taken":0.0},{"damage_healed":0.0,"max_hp_gain":0.0,"max_hp_loss":0.0,"gold_gain":0.0,"event_name":"Cursed Tome","player_choice":"Ignored","floor":20.0,"gold_loss":0.0,"damage_taken":0.0}],"is_beta":false,"boss_relics":[{"not_picked":["Coffee Dripper","Astrolabe"],"picked":"Electric Blood"}],"items_purged_floors":[],"is_endless":false,"potions_floor_spawned":[1,2,13,18,27,29],"killed_by":"Collector","ascension_level":1}}