{"host":"x2ek6o6i0zlpy2ld","time":1609793628,"event":{"mods":["AchievementEnabler","BaseMod","Downfall","Minty Spire (QoL Compilation)","Quick Restart","StSLib"],"gold_per_floor":[99,116,126,140,140,125,198,218,229,229,229,229],"floor_reached":10,"playtime":667,"items_purged":[],"score":60,"play_id":"bdef36e4-208c-47c5-a911-720742192d11","local_time":"20210104145348","is_ascension_mode":false,"campfire_choices":[{"floor":1.0,"key":"RECALL"}],"circlet_count":0,"master_deck":["Guardian:Strike_Guardian","Guardian:Strike_Guardian","Guardian:Strike_Guardian","Guardian:Strike_Guardian","Guardian:Defend_Guardian","Guardian:Defend_Guardian","Guardian:Defend_Guardian","Guardian:Defend_Guardian","Guardian:CurlUp","Guardian:TwinSlam","Guardian:CrystalBeam","Guardian:Gem_Lightblue","Guardian:FloatingOrbs","Guardian:PrismaticBarrier","Guardian:Gem_Red","Guardian:Gem_Purple"],"relics":["Guardian:ModeShifter"],"acts_visited":["Exordium"],"potions_floor_usage":[10,10],"damage_taken":[{"damage":1.0,"enemies":"Cultist","floor":2.0,"turns":3.0},{"damage":1.0,"enemies":"2 Louse","floor":3.0,"turns":2.0},{"damage":9.0,"enemies":"Jaw Worm","floor":4.0,"turns":6.0},{"damage":0.0,"enemies":"downfall:FleeingMerchant","floor":6.0,"turns":4.0},{"damage":12.0,"enemies":"Lots of Slimes","floor":8.0,"turns":5.0},{"damage":16.0,"enemies":"Exordium Thugs","floor":9.0,"turns":6.0},{"damage":67,"enemies":"Lagavulin","floor":10,"turns":16}],"seed_played":"5888345022904184469","potions_obtained":[{"floor":3.0,"key":"Guardian:DefensiveModePotion"},{"floor":5.0,"key":"Regen Potion"},{"floor":5.0,"key":"Guardian:AcceleratePotion"}],"is_trial":false,"path_per_floor":["R","M","M","M","?","$","T","M","M","E"],"character_chosen":"GUARDIAN","items_purchased":[],"campfire_rested":0,"item_purchase_floors":[],"current_hp_per_floor":[88,87,86,77,77,77,77,65,49,0,0,0],"gold":229,"neow_bonus":"TEN_PERCENT_HP_BONUS","is_daily":false,"chose_seed":false,"campfire_upgraded":0,"win_rate":0.0,"timestamp":1609793628,"path_taken":["R","M","M","M","?","?","T","M","M","E"],"items_purchased_type":[],"build_version":"2020-12-22","purchased_purges":0,"victory":false,"max_hp_per_floor":[88,88,88,88,88,88,88,88,88,88,88,88],"card_choices":[{"not_picked":["Guardian:Gem_Blue","Guardian:ChargeCore"],"picked":"Guardian:CrystalBeam","floor":2.0},{"not_picked":["Guardian:ShieldSpikes","Guardian:Recover"],"picked":"Guardian:Gem_Lightblue","floor":3.0},{"not_picked":["Guardian:Planning","Guardian:Gem_Red"],"picked":"Guardian:FloatingOrbs","floor":4.0},{"not_picked":["Guardian:TemporalShield","Guardian:Gem_Green"],"picked":"Guardian:PrismaticBarrier","floor":6.0},{"not_picked":["Guardian:Reroute","Guardian:ShieldCharger"],"picked":"Guardian:Gem_Red","floor":8.0},{"not_picked":["Guardian:Gem_Fragmented","Guardian:TemporalShield"],"picked":"Guardian:Gem_Purple","floor":9.0}],"player_experience":309534,"relics_obtained":[],"event_choices":[{"damage_healed":0.0,"max_hp_gain":0.0,"max_hp_loss":0.0,"gold_gain":0.0,"event_name":"Lab","player_choice":"Got Potions","floor":5.0,"gold_loss":0.0,"damage_taken":0.0}],"is_beta":false,"boss_relics":[],"items_purged_floors":[],"is_endless":false,"potions_floor_spawned":[3,8],"killed_by":"Lagavulin","ascension_level":0}}