{"host":"a1eatafr7pisesky","time":1609735465,"event":{"mods":["BaseMod","Colored Map","DeckTracker","Highlight Path","Keyboard Shortcuts","Minty Spire (QoL Compilation)","Permanent Neow","Random Character Button","StSLib","SuperFastMode","everything is the same but u backflip on backflip"],"gold_per_floor":[109,124,74,91,111,111,125,125,125,151,163,163,183,25,25,122,122,135,135,60,73,73,73],"floor_reached":22,"playtime":733,"items_purged":["Strike_B"],"score":321,"play_id":"119b0d9d-4776-4a34-bc24-89411d8f4615","local_time":"20210104134425","is_ascension_mode":true,"campfire_choices":[{"floor":6.0,"key":"REST"},{"data":"Dualcast","floor":8.0,"key":"SMITH"},{"floor":12.0,"key":"REST"},{"floor":15.0,"key":"REST"}],"circlet_count":0,"master_deck":["Strike_B","Defend_B","Defend_B","Defend_B","Zap","Dualcast+1","Aggregate","Streamline","Sweeping Beam","FTL","Undo","Capacitor","Barrage","Ball Lightning","Electrodynamics","Amplify","Cold Snap","Conserve Battery"],"relics":["Cracked Core","Darkstone Periapt","Omamori","SacredBark"],"acts_visited":["Exordium","TheCity"],"potions_floor_usage":[21,21,22],"damage_taken":[{"damage":6.0,"enemies":"Small Slimes","floor":1.0,"turns":3.0},{"damage":12.0,"enemies":"Jaw Worm","floor":2.0,"turns":2.0},{"damage":11.0,"enemies":"2 Louse","floor":4.0,"turns":3.0},{"damage":1.0,"enemies":"2 Fungi Beasts","floor":5.0,"turns":2.0},{"damage":13.0,"enemies":"Large Slime","floor":7.0,"turns":5.0},{"damage":20.0,"enemies":"3 Sentries","floor":10.0,"turns":6.0},{"damage":11.0,"enemies":"Blue Slaver","floor":11.0,"turns":3.0},{"damage":10.0,"enemies":"Gremlin Gang","floor":13.0,"turns":4.0},{"damage":0.0,"enemies":"Slime Boss","floor":16.0,"turns":6.0},{"damage":45.0,"enemies":"Shell Parasite","floor":18.0,"turns":5.0},{"damage":0,"enemies":"Spheric Guardian","floor":21,"turns":3},{"damage":9,"enemies":"Snake Plant","floor":22,"turns":4}],"seed_played":"4632905226375936784","potions_obtained":[{"floor":2.0,"key":"GamblersBrew"},{"floor":4.0,"key":"PowerPotion"},{"floor":10.0,"key":"SpeedPotion"}],"is_trial":false,"path_per_floor":["M","M","?","M","M","R","M","R","T","E","M","R","M","$","R","B",null,"M","?","$","M","M"],"character_chosen":"DEFECT","items_purchased":["Electrodynamics"],"campfire_rested":3,"item_purchase_floors":[14],"current_hp_per_floor":[62,50,50,39,38,58,45,45,45,25,14,34,24,24,44,44,62,17,5,5,5,0,0],"gold":73,"neow_bonus":"TRANSFORM_TWO_CARDS","is_daily":false,"chose_seed":false,"campfire_upgraded":1,"win_rate":0.0,"timestamp":1609735465,"path_taken":["M","M","?","M","M","R","M","R","T","E","M","R","M","$","R","BOSS","M","?","$","M","M"],"items_purchased_type":["Card"],"build_version":"2020-12-22","purchased_purges":1,"victory":false,"max_hp_per_floor":[68,68,68,68,68,68,68,68,68,68,68,68,68,68,68,68,68,68,73,73,73,73,73],"card_choices":[{"not_picked":["Turbo","BootSequence"],"picked":"Sweeping Beam","floor":1.0},{"not_picked":["Scrape","Stack","Rebound"],"picked":"SKIP","floor":2.0},{"not_picked":["Conserve Battery","Rebound"],"picked":"FTL","floor":4.0},{"not_picked":["Darkness","Hologram"],"picked":"Undo","floor":5.0},{"not_picked":["Compile Driver","Redo","Beam Cell"],"picked":"SKIP","floor":7.0},{"not_picked":["Biased Cognition","Ball Lightning"],"picked":"Capacitor","floor":10.0},{"not_picked":["Streamline","Sweeping Beam"],"picked":"Barrage","floor":11.0},{"not_picked":["Leap","Cold Snap"],"picked":"Ball Lightning","floor":13.0},{"not_picked":["Multi-Cast","Hyperbeam"],"picked":"Amplify","floor":16.0},{"not_picked":["Conserve Battery","Gash+1"],"picked":"Cold Snap","floor":18.0},{"not_picked":["Reprogram","Aggregate"],"picked":"Conserve Battery","floor":21}],"player_experience":283499,"relics_obtained":[{"floor":9.0,"key":"Darkstone Periapt"},{"floor":10.0,"key":"Omamori"}],"event_choices":[{"cards_removed":["Strike_B"],"damage_healed":0.0,"max_hp_gain":0.0,"max_hp_loss":0.0,"gold_gain":0.0,"event_name":"The Cleric","player_choice":"Card Removal","floor":3.0,"gold_loss":50.0,"damage_taken":0.0},{"damage_healed":0.0,"max_hp_gain":5.0,"max_hp_loss":0.0,"gold_gain":0.0,"event_name":"Forgotten Altar","player_choice":"Shed Blood","floor":19.0,"gold_loss":0.0,"damage_taken":17.0}],"is_beta":false,"boss_relics":[{"not_picked":["SlaversCollar","Tiny House"],"picked":"SacredBark"}],"items_purged_floors":[20],"is_endless":false,"potions_floor_spawned":[2,4,10,13,18],"killed_by":"Snake Plant","ascension_level":7}}