{"host":"5fasz840ryq7obdf","time":1609750042,"event":{"mods":["2.2 Compatiblity","AchievementEnabler","BaseMod","Bestiary","Better Altar","Better Skull","Better Third Choice","BetterRewards","Block Reminder","Colored Powertips","Curses Come First","Downfall","Minty Spire (QoL Compilation)","Quick Restart","Relic Sorter","Relic Stats","Shop Mod","Spicy Shops","StSLib","SuperFastMode","ojb\u0027s Better Paths Mod","ojb\u0027s Info Mod"],"gold_per_floor":[99,99,99,274,13,29,56,83,83,111,111,174,274,274,291,291,291,291],"floor_reached":16,"playtime":1372,"items_purged":["Doubt"],"score":114,"play_id":"23531e83-04c4-4cd0-82f3-22d0553cc5ab","local_time":"20210104084722","is_ascension_mode":true,"campfire_choices":[{"data":"champ:Taunt","floor":1.0,"key":"SMITH"},{"data":"champ:SteelEdge","floor":11.0,"key":"SMITH"}],"circlet_count":0,"master_deck":["champ:Strike","champ:Strike","champ:Strike","champ:Strike","champ:Defend","champ:Defend","champ:Defend","champ:Defend","champ:Execute","champ:Taunt+1","champ:ShieldWall","champ:IronFortress","champ:BringItOn","champ:SteelEdge+1","champ:RisingSlash","champ:PerfectForm","champ:FaceSlap","champ:BerserkersShout","champ:FocusedDefense","champ:RageSigil"],"relics":["champ:ChampionCrown","downfall:HeartsMalice","Bag of Preparation","Ice Cream","downfall:BrokenWingStatue","Bottled Flame","champ:FightingForDummies","CloakClasp","Boot"],"acts_visited":["Exordium"],"potions_floor_usage":[13,13,16],"damage_taken":[{"damage":0.0,"enemies":"2 Louse","floor":2.0,"turns":1.0},{"damage":0.0,"enemies":"Small Slimes","floor":3.0,"turns":1.0},{"damage":0.0,"enemies":"downfall:FleeingMerchant","floor":5.0,"turns":1.0},{"damage":7.0,"enemies":"Jaw Worm","floor":6.0,"turns":4.0},{"damage":28.0,"enemies":"Gremlin Nob","floor":8.0,"turns":5.0},{"damage":12.0,"enemies":"3 Sentries","floor":10.0,"turns":8.0},{"damage":27.0,"enemies":"Lagavulin Event","floor":12.0,"turns":6.0},{"damage":28,"enemies":"Lagavulin Event","floor":13,"turns":7},{"damage":15,"enemies":"Gremlin Gang","floor":15,"turns":6},{"damage":12,"enemies":"downfall:Watcher","floor":16,"turns":4}],"seed_played":"-3551919404190454540","potions_obtained":[{"floor":6.0,"key":"EssenceOfSteel"},{"floor":8.0,"key":"AttackPotion"},{"floor":10.0,"key":"champ:TechniquePotion"},{"floor":15,"key":"Strength Potion"}],"is_trial":false,"path_per_floor":["R","M","M","?","$","M","T","E","?","E","R","?","?","?","M","B"],"character_chosen":"THE_CHAMP","items_purchased":["champ:SteelEdge"],"campfire_rested":0,"item_purchase_floors":[5],"current_hp_per_floor":[90,90,90,90,90,83,83,60,60,56,56,34,29,17,5,0,0,0],"gold":291,"neow_bonus":"THREE_ENEMY_KILL","is_daily":false,"chose_seed":false,"campfire_upgraded":2,"win_rate":0.0,"timestamp":1609750042,"path_taken":["R","M","M","?","$","M","T","E","?","E","R","?","?","?","M","BOSS"],"items_purchased_type":["Card"],"build_version":"2020-12-22","purchased_purges":1,"victory":false,"max_hp_per_floor":[90,90,90,90,90,90,90,90,90,90,90,90,90,90,90,90,90,90],"relic_stats":{"counters":[10,40],"Bag of Preparation":[12],"CloakClasp":[21],"Boot":[4],"obtain_stats":[{"Ice Cream":8,"Bottled Flame":10,"downfall:BrokenWingStatue":9,"champ:ChampionCrown":0,"downfall:HeartsMalice":0,"Bag of Preparation":7,"CloakClasp":13,"champ:FightingForDummies":12,"Boot":14},{"Ice Cream":5,"Bottled Flame":6,"downfall:BrokenWingStatue":5,"champ:ChampionCrown":0,"downfall:HeartsMalice":0,"Bag of Preparation":4,"CloakClasp":8,"champ:FightingForDummies":6,"Boot":8},{"Ice Cream":9,"Bottled Flame":17,"downfall:BrokenWingStatue":9,"champ:ChampionCrown":0,"downfall:HeartsMalice":0,"Bag of Preparation":4,"CloakClasp":30,"champ:FightingForDummies":17,"Boot":30}]},"card_choices":[{"not_picked":["champ:FlashCut","champ:Shatter"],"picked":"champ:ShieldWall","floor":2.0},{"not_picked":["champ:Balance","champ:FightOn"],"picked":"champ:IronFortress","floor":3.0},{"not_picked":["champ:StanceDance","champ:BerserkersShout"],"picked":"champ:BringItOn","floor":5.0},{"not_picked":["champ:Backstep","champ:Shatter"],"picked":"champ:RisingSlash","floor":6.0},{"not_picked":["champ:BringItOn","champ:RapidStrikes"],"picked":"champ:PerfectForm","floor":8.0},{"not_picked":["champ:BringItOn","champ:FanOfKnives"],"picked":"champ:FaceSlap","floor":10.0},{"not_picked":["champ:Haymaker","champ:Duel"],"picked":"champ:BerserkersShout","floor":12.0},{"not_picked":["champ:BerserkersShout","champ:GutPunch"],"picked":"champ:FocusedDefense","floor":13},{"not_picked":["champ:CrookedStrike","champ:RecklessLeap"],"picked":"champ:RageSigil","floor":15}],"player_experience":1466199,"relics_obtained":[{"floor":7.0,"key":"Bag of Preparation"},{"floor":8.0,"key":"Ice Cream"},{"floor":10.0,"key":"Bottled Flame"},{"floor":13,"key":"CloakClasp"}],"event_choices":[{"damage_healed":0,"gold_gain":1,"player_choice":"Relic ","damage_taken":12,"max_hp_gain":0,"max_hp_loss":0,"event_name":"betterThird:BetterScrap","floor":14,"gold_loss":0,"cards_obtained":["Ghostly Armor"]}],"is_beta":false,"boss_relics":[],"items_purged_floors":[5],"is_endless":false,"potions_floor_spawned":[6,8,10,15],"killed_by":"downfall:Watcher","ascension_level":2}}