{"host":"xurz8oye0j2lsa2k","time":1609724632,"event":{"mods":["AchievementEnabler","BaseMod","Colored Map","Hubris","Marisa????????","Minty Spire (QoL Compilation)","Permanent Neow","Replay The Spire","StSLib"],"gold_per_floor":[118,133,179,179,31,61,61,61,84,101,112,145,145,145,145,145,145],"floor_reached":16,"playtime":607,"items_purged":[],"score":108,"play_id":"a39c253a-6f84-4036-a469-8db2c46d663f","local_time":"20210103204352","is_ascension_mode":false,"campfire_choices":[{"data":"MysteriousBeam","floor":7,"key":"SMITH"},{"data":"UnstableBomb","floor":15,"key":"SMITH"}],"circlet_count":0,"master_deck":["Strike_MRS","Strike_MRS","Strike_MRS","Strike_MRS","Defend_MRS","Defend_MRS","Defend_MRS","Defend_MRS","MasterSpark","UpSweep","Injury","Replay:Sluggish","PowerUp","MysteriousBeam","UnstableBomb+1","MysteriousBeam+1","MysteriousBeam","SuperPerseids","CasketOfStar"],"relics":["MiniHakkero","Black Star","Ornamental Fan","Tiny Chest","Meat on the Bone","ReplayTheSpireMod:TigerMarble","ReplayTheSpireMod:Lightbulb","Simple Rune"],"acts_visited":["Exordium"],"potions_floor_usage":[11,12,16],"damage_taken":[{"damage":13,"enemies":"Cultist","floor":1,"turns":5},{"damage":1,"enemies":"Jaw Worm","floor":2,"turns":3},{"damage":27,"enemies":"3 Sentries","floor":6,"turns":5},{"damage":0,"enemies":"Small Slimes","floor":10,"turns":2},{"damage":2,"enemies":"3 Louse","floor":11,"turns":2},{"damage":18,"enemies":"Lagavulin","floor":12,"turns":4},{"damage":47,"enemies":"The Guardian","floor":16,"turns":5}],"seed_played":"-8177579567389783174","potions_obtained":[{"floor":2,"key":"Dexterity Potion"},{"floor":6,"key":"Weak Potion"},{"floor":10,"key":"Swift Potion"}],"is_trial":false,"path_per_floor":["M","M","?","?","$","E","R","$","T","M","M","E","?","$","R","B"],"character_chosen":"MARISA","items_purchased":["Tiny Chest"],"campfire_rested":0,"item_purchase_floors":[5],"current_hp_per_floor":[62,61,61,61,61,34,34,34,34,46,48,42,42,42,42,0,0],"gold":145,"neow_bonus":"CURSED_BOSS_RELIC","is_daily":false,"chose_seed":false,"campfire_upgraded":2,"win_rate":0.0,"timestamp":1609724632,"path_taken":["M","?","?","?","$","E","R","$","T","M","M","E","?","$","R","BOSS"],"items_purchased_type":["Relic"],"build_version":"2020-12-22","purchased_purges":0,"victory":false,"max_hp_per_floor":[75,75,75,75,75,75,75,75,75,75,75,75,75,75,75,75,75],"card_choices":[{"not_picked":["OneTimeOff","MeteoricShower"],"picked":"PowerUp","floor":1},{"not_picked":["OortCloud","Acceleration"],"picked":"MysteriousBeam","floor":2},{"not_picked":["DoubleSpark","IllusionStar"],"picked":"UnstableBomb","floor":3},{"not_picked":["DoubleSpark","CollectingQuirk"],"picked":"GasGiant","floor":3},{"not_picked":["GalacticHalo","MilkyWay","WitchLeyline"],"picked":"SKIP","floor":6},{"not_picked":["AsteroidBelt","EventHorizon"],"picked":"MysteriousBeam","floor":10},{"not_picked":["Acceleration","GalacticHalo","Occultation"],"picked":"SKIP","floor":11},{"not_picked":["6A","Acceleration"],"picked":"SuperPerseids","floor":12}],"player_experience":491351,"relics_obtained":[{"floor":3,"key":"Ornamental Fan"},{"floor":6,"key":"Meat on the Bone"},{"floor":6,"key":"ReplayTheSpireMod:TigerMarble"},{"floor":12,"key":"ReplayTheSpireMod:Lightbulb"},{"floor":12,"key":"Simple Rune"}],"event_choices":[{"damage_healed":0,"gold_gain":0,"cards_transformed":["GasGiant"],"player_choice":"Change","damage_taken":0,"max_hp_gain":0,"max_hp_loss":0,"event_name":"Living Wall","floor":4,"gold_loss":0,"cards_obtained":["MysteriousBeam"]},{"damage_healed":0,"gold_gain":0,"player_choice":"1 cards matched","damage_taken":0,"max_hp_gain":0,"max_hp_loss":0,"event_name":"Match and Keep!","floor":13,"gold_loss":0,"cards_obtained":["CasketOfStar"]}],"is_beta":false,"boss_relics":[],"items_purged_floors":[],"is_endless":false,"potions_floor_spawned":[2,6,10],"killed_by":"The Guardian","ascension_level":0}}