{"host":"jut1dta95hmxx5jm","time":1609741496,"event":{"mods":["AchievementEnabler","BaseMod","BetterRewards","Colored Map","Colored Powertips","Minty Spire (QoL Compilation)","Quick Restart","StSLib","The Cursed"],"gold_per_floor":[110,110,110,126,136,136,10,30,53,73,88,88,98,124,124,124,124],"floor_reached":16,"playtime":453,"items_purged":[],"score":104,"play_id":"d2a060fc-35c3-4267-866c-5f125b028653","local_time":"20210104002456","is_ascension_mode":false,"campfire_choices":[{"data":"PathToVictory","floor":6,"key":"SMITH"},{"data":"PathToVictory","floor":12,"key":"SMITH"},{"data":"PathToVictory","floor":15,"key":"SMITH"}],"circlet_count":0,"master_deck":["Strike_P","Strike_P","Strike_P","Strike_P","Defend_P","Defend_P","Defend_P","Defend_P","Eruption","Vigilance","InnerPeace","PathToVictory+1","PathToVictory+1","PathToVictory+1","LikeWater","CutThroughFate","ThirdEye","Judgement","FlurryOfBlows","ClearTheMind"],"relics":["PureWater","NeowsBlessing","Vajra","Omamori"],"acts_visited":["Exordium"],"potions_floor_usage":[8,14],"damage_taken":[{"damage":0,"enemies":"Jaw Worm","floor":1,"turns":1},{"damage":0,"enemies":"Cultist","floor":4,"turns":1},{"damage":0,"enemies":"Small Slimes","floor":5,"turns":1},{"damage":2,"enemies":"Blue Slaver","floor":8,"turns":2},{"damage":26,"enemies":"Red Slaver","floor":10,"turns":3},{"damage":14,"enemies":"Exordium Thugs","floor":11,"turns":4},{"damage":0,"enemies":"Gremlin Gang","floor":13,"turns":3},{"damage":20,"enemies":"3 Sentries","floor":14,"turns":6},{"damage":32,"enemies":"The Guardian","floor":16,"turns":2}],"seed_played":"-1954676152050837361","potions_obtained":[{"floor":4,"key":"Weak Potion"},{"floor":5,"key":"AttackPotion"},{"floor":13,"key":"Block Potion"}],"is_trial":false,"path_per_floor":["M","?","?","M","M","R","$","M","T","M","M","R","M","E","R","B"],"character_chosen":"WATCHER","items_purchased":["PathToVictory","LikeWater"],"campfire_rested":0,"item_purchase_floors":[7,7],"current_hp_per_floor":[72,77,77,77,77,77,77,75,75,49,35,35,35,15,15,0,0],"gold":124,"neow_bonus":"THREE_ENEMY_KILL","is_daily":false,"chose_seed":false,"campfire_upgraded":3,"win_rate":0.0,"timestamp":1609741496,"path_taken":["M","?","?","?","M","R","$","M","T","M","M","R","M","E","R","BOSS"],"items_purchased_type":["Card","Card"],"build_version":"2020-12-22","purchased_purges":0,"victory":false,"max_hp_per_floor":[72,77,77,77,77,77,77,77,77,77,77,77,77,77,77,77,77],"card_choices":[{"not_picked":["FlyingSleeves","TalkToTheHand"],"picked":"InnerPeace","floor":1},{"not_picked":["FlyingSleeves","Evaluate"],"picked":"PathToVictory","floor":4},{"not_picked":["Consecrate","Evaluate"],"picked":"PathToVictory","floor":5},{"not_picked":["Prostrate","BattleHymn"],"picked":"CutThroughFate","floor":8},{"not_picked":["TalkToTheHand","JustLucky"],"picked":"ThirdEye","floor":10},{"not_picked":["BowlingBash","CrushJoints"],"picked":"Judgement","floor":11},{"not_picked":["EmptyFist","BowlingBash"],"picked":"FlurryOfBlows","floor":13},{"not_picked":["SandsOfTime","CrushJoints"],"picked":"ClearTheMind","floor":14}],"player_experience":318327,"relics_obtained":[{"floor":9,"key":"Vajra"},{"floor":14,"key":"Omamori"}],"event_choices":[{"damage_healed":0,"gold_gain":0,"player_choice":"Donut","damage_taken":0,"max_hp_gain":5,"max_hp_loss":0,"event_name":"Big Fish","floor":2,"gold_loss":0},{"damage_healed":0,"gold_gain":0,"player_choice":"Ignored","damage_taken":0,"max_hp_gain":0,"max_hp_loss":0,"event_name":"NoteForYourself","floor":3,"gold_loss":0}],"is_beta":false,"boss_relics":[],"items_purged_floors":[],"is_endless":false,"potions_floor_spawned":[4,5,13],"killed_by":"The Guardian","ascension_level":0}}