{"host":"p4zydljznj4kf44d","time":1609744148,"event":{"mods":["BaseMod","Block Reminder","Colored Map","Colored Powertips","Filter the Spire","Minty Spire (QoL Compilation)","Relic Stats","Slay-I","ojb\u0027s Better Paths Mod","ojb\u0027s Info Mod"],"gold_per_floor":[112,112,125,75,75,105,115,126,126,139,161,174,201,47,47,151,151,161,161,161,86,96,129,129,149,204,232,244,276,307,348,360,468,480,503,790,10,29,46,46,56,90,90,90,103,123,148,161,161,161],"floor_reached":51,"playtime":43429,"items_purged":["Strike_G","Regret"],"score":863,"play_id":"7d9149b5-ecd8-42a5-87eb-ac59b8901830","local_time":"20210104080908","is_ascension_mode":false,"campfire_choices":[{"data":"Night Terror","floor":15,"key":"SMITH"},{"data":"Backflip","floor":24,"key":"SMITH"},{"data":"Backflip","floor":28,"key":"SMITH"},{"data":"Neutralize","floor":32,"key":"SMITH"},{"data":"Blade Dance","floor":40,"key":"SMITH"},{"data":"Neutralize","floor":44,"key":"SMITH"},{"data":"Tactician","floor":49,"key":"SMITH"}],"circlet_count":0,"master_deck":["Defend_G","Defend_G","Defend_G","Defend_G","Survivor","Neutralize+1","Masterful Stab+1","Terror+1","Envenom+1","Blade Dance+1","Blade Dance+1","Backflip+1","Backflip+1","Die Die Die","Night Terror+1","Tools of the Trade+1","Tactician+1","Neutralize+1","After Image+1","Reflex","Tools of the Trade+1","After Image+1","After Image+1","Parasite","Reflex","Envenom+1"],"relics":["Astrolabe","Pen Nib","Question Card","Odd Mushroom","Frozen Egg 2","OrangePellets","WristBlade","MutagenicStrength","Paper Crane","MawBank","CaptainsWheel","Runic Dome","Kunai","Frozen Eye","Thread and Needle","Ice Cream","TungstenRod","Bronze Scales"],"acts_visited":["Exordium","TheCity","TheBeyond"],"potions_floor_usage":[16,31,47,47,50],"damage_taken":[{"damage":6.0,"enemies":"Jaw Worm","floor":1.0,"turns":4.0},{"damage":0.0,"enemies":"2 Louse","floor":3.0,"turns":3.0},{"damage":0.0,"enemies":"Lagavulin","floor":6.0,"turns":5.0},{"damage":0.0,"enemies":"Cultist","floor":7.0,"turns":3.0},{"damage":0.0,"enemies":"Looter","floor":8.0,"turns":2.0},{"damage":0.0,"enemies":"Gremlin Gang","floor":10.0,"turns":3.0},{"damage":12.0,"enemies":"The Mushroom Lair","floor":11.0,"turns":3.0},{"damage":2.0,"enemies":"3 Louse","floor":12.0,"turns":2.0},{"damage":0.0,"enemies":"Gremlin Nob","floor":13.0,"turns":2.0},{"damage":5,"enemies":"Hexaghost","floor":16,"turns":7},{"damage":4,"enemies":"Shell Parasite","floor":18,"turns":5},{"damage":0,"enemies":"Spheric Guardian","floor":22,"turns":1},{"damage":13,"enemies":"Book of Stabbing","floor":23,"turns":3},{"damage":0,"enemies":"Cultist and Chosen","floor":25,"turns":3},{"damage":6,"enemies":"Shelled Parasite and Fungi","floor":27,"turns":3},{"damage":0,"enemies":"Snake Plant","floor":29,"turns":3},{"damage":0,"enemies":"Centurion and Healer","floor":30,"turns":3},{"damage":5,"enemies":"Slavers","floor":31,"turns":4},{"damage":0,"enemies":"Automaton","floor":33,"turns":8},{"damage":18,"enemies":"3 Shapes","floor":35,"turns":5},{"damage":8,"enemies":"Orb Walker","floor":38,"turns":4},{"damage":2,"enemies":"Writhing Mass","floor":39,"turns":4},{"damage":3,"enemies":"Sphere and 2 Shapes","floor":41,"turns":5},{"damage":5,"enemies":"Reptomancer","floor":42,"turns":5},{"damage":8,"enemies":"4 Shapes","floor":45,"turns":3},{"damage":0,"enemies":"3 Darklings","floor":46,"turns":4},{"damage":0,"enemies":"Nemesis","floor":47,"turns":5},{"damage":4,"enemies":"Writhing Mass","floor":48,"turns":4},{"damage":6,"enemies":"Donu and Deca","floor":50,"turns":8}],"seed_played":"-7806559819178468120","potions_obtained":[{"floor":1.0,"key":"GamblersBrew"},{"floor":3.0,"key":"Dexterity Potion"},{"floor":10.0,"key":"Weak Potion"},{"floor":12.0,"key":"Ancient Potion"},{"floor":16,"key":"CunningPotion"},{"floor":29,"key":"PowerPotion"},{"floor":33,"key":"LiquidMemories"},{"floor":38,"key":"Dexterity Potion"},{"floor":45,"key":"SkillPotion"}],"is_trial":false,"path_per_floor":["M","?","M","?","?","E","M","M","T","M","?","M","E","$","R","B",null,"M","?","?","$","M","E","R","M","T","M","R","M","M","E","R","B",null,"M","?","$","M","M","R","M","E","T","R","M","M","E","M","R","B",null],"character_chosen":"THE_SILENT","items_purchased":["OrangePellets","Kunai","Frozen Eye","Thread and Needle"],"campfire_rested":0,"item_purchase_floors":[14,37,37,37],"current_hp_per_floor":[64,57,57,57,57,57,57,57,57,57,45,43,43,43,43,38,70,66,66,66,66,66,53,53,53,53,47,47,47,47,42,42,42,70,52,52,52,44,42,42,39,34,34,34,26,26,26,22,22,16],"gold":161,"neow_bonus":"BOSS_RELIC","is_daily":false,"chose_seed":false,"campfire_upgraded":7,"win_rate":0.0,"timestamp":1609744148,"path_taken":["M","?","M","?","?","E","M","M","T","M","?","M","E","$","R","BOSS","M","?","?","$","M","E","R","M","T","M","R","M","?","E","R","BOSS","M","?","$","M","?","R","M","E","T","R","M","M","E","M","R","BOSS"],"items_purchased_type":["Relic","Relic","Relic","Relic"],"build_version":"2020-12-22","purchased_purges":2,"victory":true,"max_hp_per_floor":[70,70,70,70,70,70,70,70,70,70,70,70,70,70,70,70,70,70,70,70,70,70,70,70,70,70,70,70,70,70,70,70,70,70,70,70,70,70,70,70,70,70,70,70,70,70,70,70,70,70],"relic_stats":{"OrangePellets":[16],"counters":[29,114],"Astrolabe":["Masterful Stab","Terror","Envenom"],"Bronze Scales":[45],"Pen Nib":[33],"Kunai":[37],"Question Card":23,"MawBank":132,"obtain_stats":[{"Ice Cream":42,"Astrolabe":0,"Thread and Needle":37,"Pen Nib":6,"Odd Mushroom":11,"Frozen Egg 2":13,"Paper Crane":23,"Question Card":9,"MawBank":26,"OrangePellets":14,"Runic Dome":34,"Frozen Eye":37,"CaptainsWheel":31,"WristBlade":17,"MutagenicStrength":19,"Bronze Scales":47,"Kunai":37,"TungstenRod":43,"Ring of the Snake":0},{"Ice Cream":24,"Astrolabe":0,"Thread and Needle":20,"Pen Nib":3,"Odd Mushroom":7,"Frozen Egg 2":9,"Paper Crane":13,"Question Card":5,"MawBank":14,"OrangePellets":9,"Runic Dome":19,"Frozen Eye":20,"CaptainsWheel":18,"WristBlade":10,"MutagenicStrength":11,"Bronze Scales":27,"Kunai":20,"TungstenRod":24,"Ring of the Snake":0},{"Ice Cream":90,"Astrolabe":0,"Thread and Needle":72,"Pen Nib":12,"Odd Mushroom":23,"Frozen Egg 2":27,"Paper Crane":43,"Question Card":17,"MawBank":46,"OrangePellets":27,"Runic Dome":67,"Frozen Eye":72,"CaptainsWheel":59,"WristBlade":34,"MutagenicStrength":39,"Bronze Scales":102,"Kunai":72,"TungstenRod":90,"Ring of the Snake":0}],"TungstenRod":4},"card_choices":[{"not_picked":["Leg Sweep","Riddle With Holes"],"picked":"Blade Dance","floor":1.0},{"not_picked":["Deadly Poison","Distraction"],"picked":"Blade Dance","floor":3.0},{"not_picked":["Dodge and Roll","Flying Knee"],"picked":"Backflip","floor":6.0},{"not_picked":["Deflect","Outmaneuver"],"picked":"Backflip","floor":7.0},{"not_picked":["Calculated Gamble","Prepared","Dodge and Roll"],"picked":"SKIP","floor":8.0},{"not_picked":["Acrobatics","Dodge and Roll","Caltrops","Quick Slash"],"picked":"SKIP","floor":10.0},{"not_picked":["Dagger Throw","Poisoned Stab","Slice"],"picked":"Die Die Die","floor":11.0},{"not_picked":["Underhanded Strike","Quick Slash","Deflect","All Out Attack"],"picked":"SKIP","floor":12.0},{"not_picked":["Escape Plan","Masterful Stab","Acrobatics"],"picked":"Night Terror","floor":13.0},{"not_picked":["Night Terror","Adrenaline","Venomology"],"picked":"Tools of the Trade+1","floor":16},{"not_picked":["Escape Plan","Dagger Spray+1","Predator"],"picked":"Tactician","floor":18},{"not_picked":["Poisoned Stab","Skewer","Terror","Underhanded Strike"],"picked":"SKIP","floor":22},{"not_picked":["Slice","Outmaneuver+1","Skewer+1"],"picked":"Reflex","floor":23},{"not_picked":["Acrobatics","PiercingWail+1","Dagger Throw+1","Underhanded Strike"],"picked":"SKIP","floor":25},{"not_picked":["Flechettes","Outmaneuver","Bullet Time","Backflip"],"picked":"SKIP","floor":27},{"not_picked":["Poisoned Stab","Sucker Punch","Dodge and Roll","Dagger Throw+1"],"picked":"SKIP","floor":29},{"not_picked":["Outmaneuver+1","Escape Plan+1","Well Laid Plans+1"],"picked":"Tools of the Trade+1","floor":30},{"not_picked":["Acrobatics","Dodge and Roll+1","Well Laid Plans+1"],"picked":"After Image+1","floor":31},{"not_picked":["Doppelganger","Burst","Glass Knife"],"picked":"After Image+1","floor":33},{"not_picked":["Well Laid Plans+1","Slice+1","Dagger Throw","Outmaneuver+1"],"picked":"SKIP","floor":35},{"not_picked":["Dagger Spray+1","Dagger Throw","Deadly Poison+1","Poisoned Stab+1"],"picked":"SKIP","floor":38},{"not_picked":["Escape Plan","Prepared","Underhanded Strike+1","Dagger Spray+1"],"picked":"SKIP","floor":39},{"not_picked":["Dagger Spray","Dodge and Roll","Quick Slash+1","Outmaneuver+1"],"picked":"SKIP","floor":41},{"not_picked":["Dagger Spray+1","Escape Plan","Venomology","Eviscerate"],"picked":"SKIP","floor":42},{"not_picked":["Dodge and Roll","Choke","Predator","Poisoned Stab+1"],"picked":"SKIP","floor":45},{"not_picked":["Well Laid Plans+1","Bouncing Flask","Blade Dance"],"picked":"Reflex","floor":46},{"not_picked":["Heel Hook+1","Poisoned Stab","Acrobatics"],"picked":"Envenom+1","floor":47},{"not_picked":["Skewer","Acrobatics+1","Outmaneuver","Blade Dance"],"picked":"SKIP","floor":48}],"player_experience":17065,"relics_obtained":[{"floor":6.0,"key":"Pen Nib"},{"floor":9.0,"key":"Question Card"},{"floor":11.0,"key":"Odd Mushroom"},{"floor":13.0,"key":"Frozen Egg 2"},{"floor":23,"key":"Paper Crane"},{"floor":26,"key":"MawBank"},{"floor":31,"key":"CaptainsWheel"},{"floor":42,"key":"Ice Cream"},{"floor":43,"key":"TungstenRod"},{"floor":47,"key":"Bronze Scales"}],"event_choices":[{"cards_removed":["Strike_G"],"damage_healed":0.0,"max_hp_gain":0.0,"max_hp_loss":0.0,"gold_gain":0.0,"event_name":"Golden Wing","player_choice":"Card Removal","floor":2.0,"gold_loss":0.0,"damage_taken":7.0},{"cards_removed":["Strike_G"],"damage_healed":0.0,"max_hp_gain":0.0,"max_hp_loss":0.0,"gold_gain":0.0,"event_name":"The Cleric","player_choice":"Card Removal","floor":4.0,"gold_loss":50.0,"damage_taken":0.0},{"damage_healed":0.0,"max_hp_gain":0.0,"max_hp_loss":0.0,"gold_gain":0.0,"event_name":"Living Wall","player_choice":"Grow","floor":5.0,"gold_loss":0.0,"damage_taken":0.0,"cards_upgraded":["Blade Dance"]},{"damage_healed":0.0,"max_hp_gain":0.0,"max_hp_loss":0.0,"gold_gain":0.0,"event_name":"Mushrooms","player_choice":"Fought Mushrooms","floor":11.0,"gold_loss":0.0,"damage_taken":0.0},{"damage_healed":0,"gold_gain":0,"player_choice":"Inject Mutagens","damage_taken":0,"relics_obtained":["MutagenicStrength"],"max_hp_gain":0,"max_hp_loss":0,"event_name":"Drug Dealer","floor":19,"gold_loss":0},{"damage_healed":0,"gold_gain":0,"player_choice":"2 cards matched","damage_taken":0,"max_hp_gain":0,"max_hp_loss":0,"event_name":"Match and Keep!","floor":20,"gold_loss":0,"cards_obtained":["Neutralize","After Image"]},{"damage_healed":0,"gold_gain":275,"player_choice":"Desecrate","damage_taken":0,"max_hp_gain":0,"max_hp_loss":0,"event_name":"Golden Shrine","floor":36,"gold_loss":0,"cards_obtained":["Regret"]}],"is_beta":false,"boss_relics":[{"not_picked":["Fusion Hammer","Velvet Choker"],"picked":"WristBlade"},{"not_picked":["Black Star","Cursed Key"],"picked":"Runic Dome"}],"items_purged_floors":[21,37],"is_endless":false,"potions_floor_spawned":[1,3,10,12,13,16,22,23,29,33,35,38,45],"ascension_level":0}}