{"host":"zkien18fqk3qy213","time":1609796266,"event":{"mods":["AchievementEnabler","BaseMod","Better Third Choice","Colored Map","Infinite Spire","Minty Spire (QoL Compilation)","Replay The Spire","StSLib","UnlockEverythingMod"],"gold_per_floor":[110,35,35,110,126,126,126,140,140,140,140],"floor_reached":10,"playtime":369,"items_purged":[],"score":112,"play_id":"273321f2-8e70-4a5e-8e81-65322a3770b9","local_time":"20210104183746","is_ascension_mode":true,"campfire_choices":[{"data":"Hidden Blade","floor":6,"key":"SMITH"}],"circlet_count":0,"master_deck":["AscendersBane","Strike_G","Strike_G","Strike_G","Strike_G","Strike_G","Defend_G","Defend_G","Defend_G","Defend_G","Survivor","Neutralize","Hidden Blade+1","Regret","Dagger Throw"],"relics":["Ring of the Snake","NeowsBlessing","Anchor","Calipers"],"acts_visited":["Exordium"],"potions_floor_usage":[],"damage_taken":[{"damage":0,"enemies":"Jaw Worm","floor":1,"turns":1},{"damage":0,"enemies":"Small Slimes","floor":5,"turns":1},{"damage":0,"enemies":"2 Louse","floor":8,"turns":1},{"damage":52,"enemies":"3 Sentries","floor":10,"turns":8}],"seed_played":"8275912455892204925","potions_obtained":[],"is_trial":false,"path_per_floor":["M","?","?","?","M","R","T","M","T","E"],"character_chosen":"THE_SILENT","items_purchased":[],"campfire_rested":0,"item_purchase_floors":[],"current_hp_per_floor":[59,59,59,48,48,48,48,48,48,0,0],"gold":140,"neow_bonus":"THREE_ENEMY_KILL","is_daily":false,"chose_seed":false,"campfire_upgraded":1,"win_rate":0.0,"timestamp":1609796266,"path_taken":["M","?","?","?","?","R","?","?","T","E"],"items_purchased_type":[],"build_version":"2020-12-22","purchased_purges":0,"victory":false,"max_hp_per_floor":[66,66,66,66,66,66,66,66,66,66,66],"card_choices":[{"not_picked":["Reflex","Deflect"],"picked":"Hidden Blade","floor":1},{"not_picked":["Poisoned Stab","Flechettes"],"picked":"Dagger Throw","floor":5},{"not_picked":["ReplayTheSpireMod:Shiv Toss","Dagger Throw","Quick Slash"],"picked":"SKIP","floor":8}],"player_experience":380,"relics_obtained":[{"floor":7,"key":"Calipers"}],"event_choices":[{"cards_removed":["Defend_G"],"damage_healed":0,"gold_gain":0,"player_choice":"Card Removal","damage_taken":0,"max_hp_gain":0,"max_hp_loss":0,"event_name":"The Cleric","floor":2,"gold_loss":75},{"damage_healed":0,"gold_gain":0,"player_choice":"Box","damage_taken":0,"relics_obtained":["Anchor"],"max_hp_gain":0,"max_hp_loss":0,"event_name":"Big Fish","floor":3,"gold_loss":0,"cards_obtained":["Regret"]},{"damage_healed":0,"gold_gain":75,"player_choice":"Gold","damage_taken":11,"max_hp_gain":0,"max_hp_loss":0,"event_name":"betterThird:BetterGoop","floor":4,"gold_loss":0}],"is_beta":false,"boss_relics":[],"items_purged_floors":[],"is_endless":false,"potions_floor_spawned":[],"killed_by":"3 Sentries","ascension_level":20}}