{"host":"sum4dy402bbv9y4o","time":1609781283,"event":{"mods":["Aspiration","BaseMod","Conspire","Highlight Path","Minty Spire (QoL Compilation)","StSLib"],"gold_per_floor":[111,4,4,18,44,83,95,126,138,150,172,209,221,249,261,350,362,389,401,98,113,32,32,67,67,67,88,107,107,87,100,100,173,173,186,186,186],"floor_reached":36,"playtime":1090,"items_purged":["conspire:GhostlyStrike"],"score":859,"play_id":"0ff1851a-f90b-46db-865b-156def324d5a","local_time":"20210104202803","is_ascension_mode":true,"campfire_choices":[{"data":"FollowUp","floor":7,"key":"SMITH"},{"data":"FearNoEvil","floor":13,"key":"SMITH"},{"data":"FearNoEvil","floor":15,"key":"SMITH"},{"floor":23,"key":"REST"},{"floor":25,"key":"REST"},{"floor":32,"key":"REST"}],"circlet_count":0,"master_deck":["AscendersBane","conspire:GhostlyDefend","conspire:GhostlyDefend+1","conspire:GhostlyDefend","conspire:GhostlyDefend","Eruption+1","Vigilance","FearNoEvil+1","FollowUp+1","FearNoEvil+1","EmptyFist","FlurryOfBlows","FlurryOfBlows","SandsOfTime","EmptyBody","ConjureBlade+1","Wallop","LikeWater","Tantrum","Adaptation","FlyingSleeves","Protect","FlyingSleeves"],"relics":["PureWater","NeowsBlessing","MawBank","TeardropLocket","conspire:BottledYoYo","Blue Candle","Empty Cage","War Paint","aspiration:ChemicalBlood","CeramicFish","aspiration:Nostalgia","Burning Blood","SlaversCollar"],"acts_visited":["Exordium","TheCity","TheBeyond"],"potions_floor_usage":[12,18,21,21,24,24,27,31,33,33,33,36,36,36],"damage_taken":[{"damage":0,"enemies":"Jaw Worm","floor":1,"turns":1},{"damage":0,"enemies":"Cultist","floor":4,"turns":1},{"damage":0,"enemies":"Gremlin Nob","floor":6,"turns":1},{"damage":0,"enemies":"2 Louse","floor":8,"turns":2},{"damage":0,"enemies":"Large Slime","floor":11,"turns":4},{"damage":15,"enemies":"3 Sentries","floor":12,"turns":4},{"damage":4,"enemies":"Exordium Thugs","floor":14,"turns":3},{"damage":33,"enemies":"Hexaghost","floor":16,"turns":8},{"damage":18,"enemies":"2 Thieves","floor":18,"turns":4},{"damage":22,"enemies":"Shell Parasite","floor":21,"turns":4},{"damage":29,"enemies":"Book of Stabbing","floor":24,"turns":4},{"damage":14,"enemies":"Centurion and Healer","floor":27,"turns":4},{"damage":0,"enemies":"Cultist and Chosen","floor":28,"turns":5},{"damage":0,"enemies":"Shelled Parasite and Fungi","floor":31,"turns":1},{"damage":23,"enemies":"Collector","floor":33,"turns":8},{"damage":14,"enemies":"3 Darklings","floor":35,"turns":5},{"damage":55,"enemies":"3 Shapes","floor":36,"turns":9}],"seed_played":"-4398059569628623296","potions_obtained":[{"floor":8,"key":"Dexterity Potion"},{"floor":12,"key":"Dexterity Potion"},{"floor":16,"key":"Explosive Potion"},{"floor":18,"key":"Explosive Potion"},{"floor":27,"key":"SteroidPotion"},{"floor":28,"key":"BlessingOfTheForge"},{"floor":30,"key":"AttackPotion"},{"floor":33,"key":"Strength Potion"}],"is_trial":false,"path_per_floor":["M","$","?","M","T","E","R","M","T","?","M","E","R","M","R","B",null,"M","?","$","M","$","R","E","R","T","M","M","?","?","M","R","B",null,"M","M"],"character_chosen":"WATCHER","items_purchased":["FollowUp","PowerPotion","LikeWater","aspiration:ChemicalBlood","Adaptation"],"campfire_rested":3,"item_purchase_floors":[2,2,20,20,22],"current_hp_per_floor":[61,61,61,61,61,61,61,61,61,61,61,46,46,42,42,9,53,35,35,35,13,13,33,4,24,24,16,22,22,22,28,48,31,59,51,0,0],"gold":186,"neow_bonus":"THREE_ENEMY_KILL","is_daily":false,"chose_seed":false,"campfire_upgraded":3,"win_rate":0.0,"timestamp":1609781283,"path_taken":["M","$","?","M","?","E","R","?","T","?","M","E","R","M","R","BOSS","M","?","$","M","?","R","E","R","T","M","M","?","?","M","R","BOSS","M","?"],"items_purchased_type":["Card","Potion","Card","Relic","Card"],"build_version":"2020-12-22","purchased_purges":1,"victory":false,"max_hp_per_floor":[68,68,68,68,68,68,68,68,68,68,68,68,68,68,68,68,68,68,68,68,68,68,68,68,68,68,68,68,68,68,68,68,68,68,68,68,68],"card_choices":[{"not_picked":["JustLucky","Fasting2"],"picked":"FearNoEvil","floor":1},{"not_picked":["ClearTheMind","Nirvana"],"picked":"FearNoEvil","floor":4},{"not_picked":["Wish","DevaForm"],"picked":"EmptyFist","floor":6},{"not_picked":["Prostrate","Vengeance"],"picked":"FlurryOfBlows","floor":8},{"not_picked":["Crescendo","Prostrate"],"picked":"FlurryOfBlows","floor":11},{"not_picked":["ThirdEye","ClearTheMind"],"picked":"SandsOfTime","floor":12},{"not_picked":["Worship","Vengeance"],"picked":"EmptyBody","floor":14},{"not_picked":["DeusExMachina","Alpha"],"picked":"ConjureBlade","floor":16},{"not_picked":["Meditate","Evaluate"],"picked":"Wallop","floor":18},{"not_picked":["Swivel","Adaptation"],"picked":"Tantrum","floor":21},{"not_picked":["MasterReality","Evaluate"],"picked":"FlyingSleeves","floor":24},{"not_picked":["CutThroughFate+1","Meditate"],"picked":"Protect","floor":27},{"not_picked":["Prostrate","ClearTheMind"],"picked":"FlyingSleeves","floor":28},{"not_picked":["BowlingBash","Prostrate","CutThroughFate+1"],"picked":"SKIP","floor":31},{"not_picked":["Wireheading+1","Evaluate","Wallop+1"],"picked":"SKIP","floor":35}],"player_experience":2906215,"relics_obtained":[{"floor":5,"key":"MawBank"},{"floor":6,"key":"TeardropLocket"},{"floor":9,"key":"conspire:BottledYoYo"},{"floor":12,"key":"Blue Candle"},{"floor":24,"key":"CeramicFish"},{"floor":26,"key":"aspiration:Nostalgia"}],"event_choices":[{"damage_healed":0,"gold_gain":0,"player_choice":"Grow","damage_taken":0,"max_hp_gain":0,"max_hp_loss":0,"event_name":"Living Wall","floor":3,"gold_loss":0,"cards_upgraded":["Eruption"]},{"damage_healed":0,"gold_gain":0,"player_choice":"Agree","damage_taken":0,"max_hp_gain":0,"max_hp_loss":0,"event_name":"conspire:LoneGhost","floor":10,"gold_loss":0},{"cards_removed":["conspire:GhostlyStrike"],"damage_healed":0,"gold_gain":0,"player_choice":"Gave Card","damage_taken":0,"relics_obtained":["War Paint"],"max_hp_gain":0,"max_hp_loss":0,"event_name":"WeMeetAgain","floor":19,"gold_loss":0},{"damage_healed":0,"gold_gain":0,"player_choice":"Ignored","damage_taken":0,"max_hp_gain":0,"max_hp_loss":0,"event_name":"Ghosts","floor":29,"gold_loss":0},{"damage_healed":0,"gold_gain":0,"player_choice":"Bought 1 Potion","damage_taken":0,"max_hp_gain":0,"max_hp_loss":0,"event_name":"The Woman in Blue","floor":30,"gold_loss":0}],"is_beta":false,"boss_relics":[{"not_picked":["Sozu","Calling Bell"],"picked":"Empty Cage"},{"not_picked":["Runic Pyramid","Philosopher\u0027s Stone"],"picked":"SlaversCollar"}],"items_purged_floors":[20],"is_endless":false,"potions_floor_spawned":[8,12,16,18,27,28],"killed_by":"3 Shapes","ascension_level":20}}