{"host":"cv77zuuuekizn3ic","time":1609732320,"event":{"mods":["AchievementEnabler","BaseMod","Marisa£®ÏF”Í°°ƒß¿Ì…≥£©","Minty Spire (QoL Compilation)","StSLib","Waifu the Spire","everything is the same but u backflip on backflip","slay the spire mod where everything is the same but ironclad has a cowboy hat"],"gold_per_floor":[114,114,126,145,145,145,470,470,470,480,495,526,542,118,118,213,213,232,232,250,250,150,194,229,275,275,275,315,315,364,397,397,516,516,547,205,230,257,257,304,107,151,151,151,151,151,201,232,232,232,232,232,29,69,69],"floor_reached":56,"playtime":3108,"items_purged":["Strike_MRS","Strike_MRS","Defend_MRS","Strike_MRS","Defend_MRS"],"score":2322,"play_id":"81e49e28-bcb0-493b-ba37-89d6f1e35c5c","local_time":"20210104115200","is_ascension_mode":true,"campfire_choices":[{"data":"MilkyWay","floor":6.0,"key":"SMITH"},{"data":"Acceleration","floor":8.0,"key":"SMITH"},{"data":"Acceleration","floor":15,"key":"SMITH"},{"data":"1","floor":27,"key":"LIFT"},{"data":"MilkyWay","floor":29,"key":"SMITH"},{"data":"MillisecondPulsars","floor":32,"key":"SMITH"},{"data":"2","floor":44,"key":"LIFT"},{"floor":49,"key":"RECALL"},{"data":"3","floor":52,"key":"LIFT"}],"circlet_count":0,"master_deck":["AscendersBane","Strike_MRS","MasterSpark","UpSweep","LuminesStrike+1","MysteriousBeam","MilkyWay+1","Acceleration+1","UltimateShortwave","FairyDestructionRay+1","Acceleration+1","Ghostly","Ghostly","Ghostly","Ghostly","Ghostly","WitchOfGreed","MilkyWay+1","SporeBomb","MillisecondPulsars+1","ManaConvection+1","Parasite","Parasite","EarthLightRay+1"],"relics":["Empty Cage","Old Coin","HornCleat","Sundial","Sling","Orichalcum","Runic Pyramid","Unceasing Top","Smiling Mask","Girya","Nunchaku","Matryoshka","Black Star","Bag of Preparation","ClockworkSouvenir","Strawberry","Pen Nib","ShroomBag","TheAbacus","Potion Belt","Mummified Hand","Question Card","Singing Bowl","Bag of Marbles","Molten Egg 2","Art of War","Boot","Bottled Lightning"],"acts_visited":["Exordium","TheCity","TheBeyond","TheEnding"],"potions_floor_usage":[23,24,40,40,55,55,55,55,55],"damage_taken":[{"damage":0.0,"enemies":"2 Louse","floor":1.0,"turns":2.0},{"damage":1.0,"enemies":"Cultist","floor":3.0,"turns":3.0},{"damage":2.0,"enemies":"Jaw Worm","floor":4.0,"turns":3.0},{"damage":23.0,"enemies":"Lagavulin","floor":7.0,"turns":6.0},{"damage":9.0,"enemies":"Red Slaver","floor":10.0,"turns":2.0},{"damage":0.0,"enemies":"Looter","floor":11.0,"turns":2.0},{"damage":8.0,"enemies":"3 Sentries","floor":12.0,"turns":5.0},{"damage":0.0,"enemies":"Large Slime","floor":13.0,"turns":2.0},{"damage":8,"enemies":"Hexaghost","floor":16,"turns":6},{"damage":0,"enemies":"Spheric Guardian","floor":18,"turns":2},{"damage":0,"enemies":"Shell Parasite","floor":20,"turns":4},{"damage":0,"enemies":"Gremlin Leader","floor":23,"turns":5},{"damage":15,"enemies":"Snecko","floor":24,"turns":5},{"damage":0,"enemies":"Slavers","floor":25,"turns":4},{"damage":0,"enemies":"Book of Stabbing","floor":28,"turns":5},{"damage":0,"enemies":"Gremlin Leader","floor":30,"turns":5},{"damage":0,"enemies":"Centurion and Healer","floor":31,"turns":5},{"damage":23,"enemies":"Champ","floor":33,"turns":7},{"damage":0,"enemies":"3 Darklings","floor":35,"turns":4},{"damage":0,"enemies":"Orb Walker","floor":37,"turns":3},{"damage":0,"enemies":"4 Shapes","floor":38,"turns":4},{"damage":0,"enemies":"Reptomancer","floor":40,"turns":3},{"damage":0,"enemies":"Nemesis","floor":42,"turns":5},{"damage":0,"enemies":"Giant Head","floor":47,"turns":3},{"damage":0,"enemies":"Transient","floor":48,"turns":4},{"damage":0,"enemies":"Time Eater","floor":50,"turns":5},{"damage":0,"enemies":"Shield and Spear","floor":54,"turns":3},{"damage":12,"enemies":"The Heart","floor":55,"turns":5}],"seed_played":"-4103270687959958127","potions_obtained":[{"floor":1.0,"key":"Block Potion"},{"floor":4.0,"key":"FearPotion"},{"floor":5.0,"key":"DuplicationPotion"},{"floor":5.0,"key":"Fire Potion"},{"floor":11.0,"key":"Ancient Potion"},{"floor":12.0,"key":"ColorlessPotion"},{"floor":16,"key":"DuplicationPotion"},{"floor":23,"key":"Fruit Juice"},{"floor":23,"key":"Swift Potion"},{"floor":24,"key":"Energy Potion"},{"floor":33,"key":"Swift Potion"},{"floor":40,"key":"CultistPotion"},{"floor":42,"key":"Fire Potion"},{"floor":47,"key":"AttackPotion"},{"floor":48,"key":"PowerPotion"}],"is_trial":false,"path_per_floor":["M","?","M","M","?","R","E","R","T","M","M","E","M","$","R","B",null,"M","?","M","?","$","E","M","E","T","R","E","R","E","M","R","B",null,"M","$","M","M","T","E","$","E","T","R","?","?","E","M","R","B",null,"R","$","E","B",null],"character_chosen":"MARISA","items_purchased":["Acceleration","Sling","Orichalcum","Bag of Preparation","ClockworkSouvenir","TheAbacus","Art of War"],"campfire_rested":0,"item_purchase_floors":[14,14,14,36,36,41,53],"current_hp_per_floor":[68,68,67,65,65,65,42,42,42,33,33,25,25,25,25,17,61,61,37,37,37,37,42,27,27,27,27,27,27,27,27,27,4,33,33,33,33,33,40,40,40,49,49,49,49,47,49,51,51,51,51,51,51,53,48],"gold":69,"neow_bonus":"BOSS_RELIC","is_daily":false,"chose_seed":false,"campfire_upgraded":5,"win_rate":0.0,"timestamp":1609732320,"path_taken":["M","?","?","M","?","R","E","R","T","?","M","E","M","$","R","BOSS","M","?","M","?","$","E","M","E","T","R","E","R","E","M","R","BOSS","M","$","M","M","?","E","$","E","T","R","?","?","E","M","R","BOSS","R","$","E","BOSS"],"items_purchased_type":["Card","Relic","Relic","Relic","Relic","Relic","Relic"],"build_version":"2020-12-22","purchased_purges":5,"victory":true,"max_hp_per_floor":[75,75,75,75,75,75,75,75,75,75,75,75,75,75,75,75,75,75,37,37,37,37,42,42,42,42,42,42,42,42,42,42,42,42,42,42,42,42,49,49,49,49,49,49,49,47,49,51,51,51,51,51,51,53,53],"card_choices":[{"not_picked":["ShootTheMoon","UnstableBomb"],"picked":"LuminesStrike","floor":1.0},{"not_picked":["Occultation","MagicAbsorber"],"picked":"MysteriousBeam","floor":3.0},{"not_picked":["GrandCross","DarkSpark"],"picked":"MilkyWay","floor":4.0},{"not_picked":["GravityBeat","ShootTheMoon"],"picked":"Acceleration","floor":7.0},{"not_picked":["Acceleration","DC"],"picked":"UltimateShortwave","floor":10.0},{"not_picked":["ShootingEcho","LuminesStrike"],"picked":"FairyDestructionRay","floor":11.0},{"not_picked":["MagicAbsorber","RefractionSpark","DarkMatter"],"picked":"SKIP","floor":12.0},{"not_picked":["NonDirectionalLaser","SuperPerseids","JA"],"picked":"SKIP","floor":13.0},{"not_picked":["6A","NonDirectionalLaser"],"picked":"Singularity","floor":18},{"not_picked":["AsteroidBelt","MagicAbsorber+1"],"picked":"WitchOfGreed","floor":20},{"not_picked":["OneTimeOff","BlazeAway"],"picked":"MilkyWay","floor":23},{"not_picked":["Robbery","OpenUniverse"],"picked":"SporeBomb","floor":24},{"not_picked":["MysteriousBeam","RefractionSpark+1","DoubleSpark"],"picked":"SKIP","floor":25},{"not_picked":["WitchLeyline","NonDirectionalLaser","GalacticHalo+1"],"picked":"SKIP","floor":28},{"not_picked":["ChargingUp","6A"],"picked":"MillisecondPulsars","floor":30},{"not_picked":["GravityBeat","DC","GrandCross+1"],"picked":"SKIP","floor":31},{"not_picked":["6A","NonDirectionalLaser+1","OpenUniverse"],"picked":"SKIP","floor":35},{"not_picked":["UnstableBomb+1","DragonMeteor"],"picked":"ManaConvection+1","floor":37},{"not_picked":["DarkSpark","SatelliteIllusion","SporeBomb"],"picked":"SKIP","floor":38},{"not_picked":["MysteriousBeam+1","StarBarrage"],"picked":"EarthLightRay+1","floor":40},{"not_picked":["DoubleSpark+1","GrandCross","6A+1"],"picked":"SKIP","floor":42},{"not_picked":["AsteroidBelt+1","SuperPerseids","FinalSpark+1","MilkyWay"],"picked":"Singing Bowl","floor":47},{"not_picked":["GrandCross+1","EnergyFlow","IllusionStar+1","SporeBomb"],"picked":"Singing Bowl","floor":48},{"not_picked":["ShootingEcho+1","NonDirectionalLaser+1","LuminesStrike+1","ChargingUp"],"picked":"Singing Bowl","floor":54}],"player_experience":693109,"relics_obtained":[{"floor":7.0,"key":"Old Coin"},{"floor":9.0,"key":"HornCleat"},{"floor":12.0,"key":"Sundial"},{"floor":23,"key":"Unceasing Top"},{"floor":25,"key":"Smiling Mask"},{"floor":26,"key":"Girya"},{"floor":28,"key":"Nunchaku"},{"floor":30,"key":"Matryoshka"},{"floor":39,"key":"Strawberry"},{"floor":40,"key":"Pen Nib"},{"floor":40,"key":"ShroomBag"},{"floor":42,"key":"Potion Belt"},{"floor":42,"key":"Mummified Hand"},{"floor":43,"key":"Question Card"},{"floor":43,"key":"Singing Bowl"},{"floor":47,"key":"Bag of Marbles"},{"floor":47,"key":"Molten Egg 2"},{"floor":54,"key":"Boot"},{"floor":54,"key":"Bottled Lightning"}],"event_choices":[{"damage_healed":0.0,"max_hp_gain":0.0,"max_hp_loss":0.0,"gold_gain":0.0,"event_name":"Upgrade Shrine","player_choice":"Upgraded","floor":2.0,"gold_loss":0.0,"damage_taken":0.0,"cards_upgraded":["LuminesStrike"]},{"damage_healed":0.0,"max_hp_gain":0.0,"max_hp_loss":0.0,"gold_gain":0.0,"event_name":"Lab","player_choice":"Got Potions","floor":5.0,"gold_loss":0.0,"damage_taken":0.0},{"damage_healed":0,"gold_gain":0,"player_choice":"Became a Ghost","damage_taken":0,"max_hp_gain":0,"max_hp_loss":38,"event_name":"Ghosts","floor":19,"gold_loss":0,"cards_obtained":["Ghostly","Ghostly","Ghostly","Ghostly","Ghostly"]},{"damage_healed":0,"gold_gain":0,"player_choice":"Upgraded","damage_taken":0,"max_hp_gain":0,"max_hp_loss":0,"event_name":"Upgrade Shrine","floor":21,"gold_loss":0,"cards_upgraded":["FairyDestructionRay"]},{"cards_removed":["Singularity"],"damage_healed":0,"gold_gain":0,"player_choice":"Removed Power","damage_taken":0,"max_hp_gain":0,"max_hp_loss":0,"event_name":"Falling","floor":45,"gold_loss":0},{"damage_healed":0,"gold_gain":0,"player_choice":"Max HP","damage_taken":0,"max_hp_gain":0,"max_hp_loss":2,"event_name":"Winding Halls","floor":46,"gold_loss":0}],"is_beta":false,"boss_relics":[{"not_picked":["Coffee Dripper","Snecko Eye"],"picked":"Runic Pyramid"},{"not_picked":["ExperimentalFamiliar","Busted Crown"],"picked":"Black Star"}],"items_purged_floors":[14,22,36,41,53],"is_endless":false,"potions_floor_spawned":[1,4,11,12,16,18,23,24,30,33,48],"ascension_level":10}}