{"host":"uflv0e3ja7hvnij7","time":1609801115,"event":{"mods":["Aspiration","BaseMod","Better Altar","Better Match","Better Note","Better Sensory Stone","Better Skull","Better Third Choice","Hubris","Minty Spire (QoL Compilation)","Permanent Neow","Shop Mod","StSLib"],"gold_per_floor":[110,127,147,322,169,169,179,160,160,195,195,195,205,48,48,143,143,162,182,182,182,202,229,229,243,243,88,88,88],"floor_reached":28,"playtime":3563,"items_purged":["Doubt"],"score":315,"play_id":"5fa82537-41ab-47f4-b4ec-5693b5567974","local_time":"20210104175835","is_ascension_mode":true,"campfire_choices":[{"data":"Defragment","floor":6,"key":"SMITH"},{"floor":12,"key":"REST"},{"floor":15,"key":"REST"},{"floor":24,"key":"REST"}],"circlet_count":0,"master_deck":["Strike_B","Strike_B","Strike_B","Strike_B","Defend_B","Defend_B","Defend_B","Defend_B","Zap","Dualcast","Cold Snap","Chill","Defragment+1","White Noise","Compile Driver","Beam Cell","Creative AI","Recycle","Ball Lightning","Rebound","Storm","Machine Learning","Coolheaded+1","Chill","Double Energy+1","hubris:PowerSurge","Stack+1","Cold Snap+1","Genetic Algorithm","Recycle+1","Beam Cell","Compile Driver","Rip and Tear","Capacitor"],"relics":["FrozenCore","aspiration:Nostalgia","PureWater","hubris:CrystalStatue","Prayer Wheel","hubris:SlimyHat","TungstenRod"],"acts_visited":["Exordium","TheCity"],"potions_floor_usage":[16,16,19,21,22],"damage_taken":[{"damage":1,"enemies":"Small Slimes","floor":1,"turns":3},{"damage":2,"enemies":"2 Louse","floor":2,"turns":2},{"damage":7,"enemies":"Jaw Worm","floor":3,"turns":2},{"damage":17,"enemies":"Large Slime","floor":7,"turns":7},{"damage":7,"enemies":"Exordium Thugs","floor":8,"turns":4},{"damage":10,"enemies":"3 Sentries","floor":10,"turns":7},{"damage":0,"enemies":"2 Fungi Beasts","floor":13,"turns":3},{"damage":46,"enemies":"The Guardian","floor":16,"turns":9},{"damage":25,"enemies":"3 Byrds","floor":18,"turns":6},{"damage":2,"enemies":"Shell Parasite","floor":19,"turns":8},{"damage":0,"enemies":"Snecko","floor":21,"turns":2},{"damage":0,"enemies":"3 Cultists","floor":22,"turns":5},{"damage":31,"enemies":"Book of Stabbing","floor":23,"turns":6},{"damage":16,"enemies":"Snake Plant","floor":25,"turns":6},{"damage":20,"enemies":"Centurion and Healer","floor":28,"turns":5}],"seed_played":"-4671265603417735887","potions_obtained":[{"floor":3,"key":"Energy Potion"},{"floor":7,"key":"Regen Potion"},{"floor":8,"key":"CultistPotion"},{"floor":13,"key":"PowerPotion"},{"floor":18,"key":"SmokeBomb"},{"floor":19,"key":"DistilledChaos"}],"is_trial":false,"path_per_floor":["M","M","M","?","$","R","M","M","T","E","?","R","M","$","R","B",null,"M","M","?","M","M","E","R","M","T","$","M"],"character_chosen":"DEFECT","items_purchased":["Defragment","Ball Lightning","Rebound","Storm","Compile Driver","Rip and Tear","Capacitor"],"campfire_rested":3,"item_purchase_floors":[5,14,14,14,27,27,27],"current_hp_per_floor":[67,65,58,58,58,58,41,34,34,24,24,46,46,46,68,36,65,40,38,38,38,38,7,29,13,13,13,0,0],"gold":88,"neow_bonus":"NOSTALGIA","is_daily":false,"chose_seed":false,"campfire_upgraded":1,"win_rate":0.0,"timestamp":1609801115,"path_taken":["M","M","M","?","$","R","M","M","T","E","?","R","M","$","R","BOSS","M","M","?","M","M","E","R","M","T","$","M"],"items_purchased_type":["Card","Card","Card","Card","Card","Card","Card"],"build_version":"2020-12-22","purchased_purges":1,"victory":false,"max_hp_per_floor":[75,75,75,75,75,75,75,75,75,75,75,75,75,75,75,75,75,75,75,75,75,75,75,75,75,75,75,75,75],"card_choices":[{"not_picked":["Doom and Gloom","Turbo"],"picked":"Cold Snap","floor":1},{"not_picked":["BootSequence","Rebound"],"picked":"Chill","floor":2},{"not_picked":["Barrage","Rebound","Reprogram"],"picked":"SKIP","floor":3},{"not_picked":["Sweeping Beam","Compile Driver"],"picked":"White Noise","floor":7},{"not_picked":["Redo","Gash"],"picked":"Compile Driver","floor":8},{"not_picked":["Cold Snap","Recycle"],"picked":"Beam Cell","floor":10},{"not_picked":["Leap","Barrage"],"picked":"Creative AI","floor":13},{"not_picked":["Tempest","Force Field"],"picked":"Recycle","floor":13},{"not_picked":["hubris:DoWhile","Reboot"],"picked":"Machine Learning","floor":16},{"not_picked":["Leap","Sweeping Beam"],"picked":"Coolheaded+1","floor":18},{"not_picked":["Streamline","Doom and Gloom"],"picked":"Chill","floor":18},{"not_picked":["Streamline","Rip and Tear"],"picked":"Double Energy+1","floor":19},{"not_picked":["Go for the Eyes","Skim"],"picked":"hubris:PowerSurge","floor":19},{"not_picked":["Gash","BootSequence"],"picked":"Stack+1","floor":22},{"not_picked":["Tempest","Glacier"],"picked":"Cold Snap+1","floor":22},{"not_picked":["Streamline+1","Stack+1"],"picked":"Genetic Algorithm","floor":23},{"not_picked":["Beam Cell+1","Hello World+1"],"picked":"Recycle+1","floor":25},{"not_picked":["Sunder+1","Rip and Tear"],"picked":"Beam Cell","floor":25}],"player_experience":481766,"relics_obtained":[{"floor":9,"key":"hubris:CrystalStatue"},{"floor":10,"key":"Prayer Wheel"},{"floor":23,"key":"hubris:SlimyHat"},{"floor":26,"key":"TungstenRod"}],"event_choices":[{"damage_healed":0,"gold_gain":175,"player_choice":"AGREE","damage_taken":147,"max_hp_gain":0,"max_hp_loss":0,"event_name":"betterThird:BetterSerpent","floor":4,"gold_loss":0},{"cards_removed":["Double Energy"],"damage_healed":0,"gold_gain":0,"player_choice":"Give","damage_taken":0,"max_hp_gain":0,"max_hp_loss":0,"event_name":"betterNote:BetterNote","floor":20,"gold_loss":0,"cards_obtained":["None"]}],"is_beta":false,"boss_relics":[{"not_picked":["aspiration:BursterCore","Astrolabe"],"picked":"FrozenCore"}],"items_purged_floors":[5],"is_endless":false,"potions_floor_spawned":[3,7,8,13,18,19,21],"killed_by":"Centurion and Healer","ascension_level":6}}