{"host":"9op7xyky91xc1g6p","time":1609776764,"event":{"mods":["Act Like it!","Astrologer","Bartender","BaseMod","Beaked The Cultist","Better Altar","Better Note","Better Sensory Stone","Better Skull","Better Third Choice","Better Vampires","BshForSts","CapriCore","Energized Spire","Gensokyo","Hallownest","Hermit","Infinite Spire","Koishi","Magitek Elite","Marisa????????","Minty Spire (QoL Compilation)","Random Character Button","Remilia??????","Retaliation","Robot Space Explorer","Shade Mod","SpireExporter+","StSLib","The Animator","The Disciple","The Elementalist","The Hierophant","The Immortal","The Marked","The Mystic","The Poker Player","The Runesmith","The Spell Scribe","TheArtist","TheBandit","Trackpad","Yuyuko","??????REMEMod"],"gold_per_floor":[115,115,115,129,199,233,233,249,249,278,278,292,312,322,322,418,418,418,418,418,418,7,7,7,7,7,7,7,7,7,7,7,7,7,7,7,7,7,7,7,7,7,7,7,7,7,7,7,7,7,7,0,0,0,0,0,0,0,0,0,0,0,0,0,0,0,0,0,0,0,0,0,0,0,0,0,0,0,0,0,0,0,0,0,0,0,0,0,0,0,0,0,0,0],"floor_reached":93,"playtime":7119,"items_purged":[],"score":1696,"play_id":"ec9d0dd0-6007-4542-997e-7ec39d39a8bc","local_time":"20210104081244","is_ascension_mode":false,"campfire_choices":[{"data":"Sucker Punch","floor":7.0,"key":"SMITH"},{"floor":11.0,"key":"REST"},{"floor":15.0,"key":"REST"},{"floor":25.0,"key":"REST"},{"floor":28.0,"key":"REST"},{"floor":30.0,"key":"REST"},{"data":"Backflip","floor":32.0,"key":"SMITH"},{"floor":41.0,"key":"REST"},{"data":"infinitespire:Execution","floor":45.0,"key":"SMITH"},{"data":"Blade Dance","floor":47.0,"key":"SMITH"},{"data":"Finisher","floor":49.0,"key":"SMITH"},{"floor":57.0,"key":"REST"},{"floor":59.0,"key":"REST"},{"floor":64.0,"key":"REST"},{"data":"Choke","floor":64.0,"key":"SMITH"},{"data":"Skewer","floor":66.0,"key":"SMITH"},{"floor":76.0,"key":"REST"},{"data":"infinitespire:Neurotoxin","floor":76.0,"key":"SMITH"},{"floor":81.0,"key":"REST"},{"data":"REME_BodyOfCthun","floor":81.0,"key":"SMITH"},{"data":"REME_ShadowStrike","floor":83.0,"key":"SMITH"},{"floor":91,"key":"REST"},{"data":"infinitespire:Fortify","floor":91,"key":"SMITH"}],"circlet_count":0,"master_deck":["Strike_G","Strike_G","Strike_G","Strike_G","Strike_G","Survivor","Neutralize","REME_ShadowStrike+1","Hallownest:skillSlugHide","Hallownest:skillSlugHide","Hallownest:skillSlugHide","Hallownest:skillSlugHide","Hallownest:skillSlugHide","Quick Slash","Sucker Punch+1","Dagger Throw+1","Dagger Spray","Dagger Throw","REME_GreenPollution+1","Cloak And Dagger+1","infinitespire:Neurotoxin+1","Dagger Throw+1","Quick Slash+1","REME_BodyOfCthun+1","REME_GreenPollution+1","Dodge and Roll","Blade Dance","infinitespire:Execution+1","Backflip+1","Choke+1","Backflip","REME_GrazeFinale","Cloak And Dagger+1","REME_MagicPocketWatch","REME_ShortnessOfBreath","Blade Dance+1","Blade Dance+1","Finisher+1","Glass Knife","CurseOfTheBell","Blade Dance","Flechettes","Backflip","Sucker Punch","Choke+1","Flying Knee","Pain","Skewer+1","Tools of the Trade+1","infinitespire:DeathsTouch","Sucker Punch+1","Dagger Throw+1","Choke+1","Predator+1","infinitespire:Fortify+1","Predator","A Thousand Cuts+1","Blade Dance+1","Riddle With Holes","Eviscerate","Poisoned Stab+1"],"relics":["REME_ComplimentaryCards","energizedSpire:PogoStick","elementalistmod:RedRibbon","Frozen Egg 2","Lantern","trackpad:AncestralArmaments","Meat on the Bone","Ectoplasm","trackpad:WeightlessShivs","Toy Ornithopter","REME_ChargedStone","Guard_Bracelet","Pen Nib","infinitespire:Midas Blood","trackpad:RiggedDice","Tough Bandages","Whetstone","Gensokyo:DualWield","Nunchaku","Calling Bell","Blood Vial","infinitespire:BottledMercury","Oddly Smooth Stone","infinitespire:Magic Flask","Gensokyo:LunaticRedEyes","Mango","Boot","REME_DuelDisc","Ribbon","Juzu Bracelet","REME_HandOfSuture","infinitespire:WardingShard","Paper Crane","Toxic Egg 2","Runic Dome","trackpad:SappingStone","Shuriken"],"acts_visited":["Hallownest:Greenpath","Gensokyo:Gensokyoer","Gensokyo:Gensokyoest","Gensokyo:Gensokyo","Gensokyo:Gensokyoer","Gensokyo:Gensokyoest"],"potions_floor_usage":[92,92,92],"damage_taken":[{"damage":11.0,"enemies":"Hallownest:monsterHuskGuard","floor":1.0,"turns":6.0},{"damage":0.0,"enemies":"Hallownest:monsterHuskWarrior","floor":4.0,"turns":4.0},{"damage":18.0,"enemies":"Hallownest:eliteMossKnight","floor":6.0,"turns":12.0},{"damage":0.0,"enemies":"2_ Uuma","floor":8.0,"turns":5.0},{"damage":9.0,"enemies":"Hallownest:eliteCrystalGuardian","floor":10.0,"turns":5.0},{"damage":0.0,"enemies":"Hallownest:monsterMossCharger","floor":12.0,"turns":5.0},{"damage":9.0,"enemies":"Hallownest:monsterFoolEater","floor":13.0,"turns":3.0},{"damage":5.0,"enemies":"Hallownest:2_Tiktiks_1_Baldur_1_Crawlid","floor":14.0,"turns":3.0},{"damage":39.0,"enemies":"Hallownest:BossBrokenVessel","floor":16.0,"turns":9.0},{"damage":26.0,"enemies":"Gensokyo:3_Dogs","floor":18.0,"turns":5.0},{"damage":26.0,"enemies":"Gensokyo:AngelMirror","floor":21.0,"turns":4.0},{"damage":6.0,"enemies":"Gensokyo:Wraith","floor":23.0,"turns":5.0},{"damage":23.0,"enemies":"Nightmare","floor":24.0,"turns":8.0},{"damage":22.0,"enemies":"Gensokyo:Swordslinger","floor":27.0,"turns":3.0},{"damage":28.0,"enemies":"Gensokyo:Slime_Group","floor":29.0,"turns":3.0},{"damage":52.0,"enemies":"Gensokyo:Kaguya","floor":33.0,"turns":8.0},{"damage":10.0,"enemies":"Gensokyo:3_Bats","floor":35.0,"turns":3.0},{"damage":0.0,"enemies":"Gensokyo:AncientGuardian","floor":39.0,"turns":5.0},{"damage":2.0,"enemies":"Gensokyo:Sharpion","floor":46.0,"turns":3.0},{"damage":0.0,"enemies":"Gensokyo:Dusk_and_Dawn","floor":48.0,"turns":2.0},{"damage":56.0,"enemies":"Gensokyo:Shinki","floor":50.0,"turns":9.0},{"damage":5.0,"enemies":"Gensokyo:Python","floor":52.0,"turns":2.0},{"damage":21.0,"enemies":"Gensokyo:Gryphon","floor":53.0,"turns":2.0},{"damage":9.0,"enemies":"Gensokyo:3_Fairies","floor":55.0,"turns":2.0},{"damage":22.0,"enemies":"Gensokyo:VengefulSpirit","floor":56.0,"turns":3.0},{"damage":31.0,"enemies":"Gensokyo:Kitsune","floor":58.0,"turns":2.0},{"damage":9.0,"enemies":"Gensokyo:2_Rabbits","floor":61.0,"turns":1.0},{"damage":31.0,"enemies":"Gensokyo:Aya","floor":65.0,"turns":4.0},{"damage":35.0,"enemies":"Gensokyo:Reimu","floor":67.0,"turns":4.0},{"damage":19.0,"enemies":"Gensokyo:Chomper","floor":69.0,"turns":2.0},{"damage":24.0,"enemies":"Gensokyo:3_Dogs","floor":72.0,"turns":2.0},{"damage":18.0,"enemies":"Gensokyo:Slime_Group","floor":73.0,"turns":2.0},{"damage":103.0,"enemies":"Gensokyo:Koishi","floor":74.0,"turns":5.0},{"damage":15.0,"enemies":"Gensokyo:Mirror_and_Dog","floor":80.0,"turns":2.0},{"damage":36.0,"enemies":"Gensokyo:Eiki","floor":84.0,"turns":4.0},{"damage":12,"enemies":"Gensokyo:3_Boulders","floor":86,"turns":2},{"damage":10,"enemies":"Gensokyo:3_Bats","floor":87,"turns":1},{"damage":25,"enemies":"Gensokyo:SeedOfUnknown","floor":88,"turns":3},{"damage":33,"enemies":"Gensokyo:Doremy","floor":92,"turns":4},{"damage":77,"enemies":"Gensokyo:AtlasGolem","floor":93,"turns":3}],"seed_played":"4539386696553800189","potions_obtained":[{"floor":1.0,"key":"DuplicationPotion"},{"floor":4.0,"key":"ColorlessPotion"},{"floor":8.0,"key":"Poison Potion"},{"floor":12.0,"key":"EntropicBrew"},{"floor":27.0,"key":"BlessingOfTheForge"},{"floor":29.0,"key":"Ancient Potion"},{"floor":46.0,"key":"ColorlessPotion"},{"floor":48.0,"key":"LiquidBronze"},{"floor":50.0,"key":"AttackPotion"},{"floor":58.0,"key":"Regen Potion"},{"floor":73.0,"key":"Regen Potion"},{"floor":74.0,"key":"DuplicationPotion"},{"floor":80.0,"key":"REME_GoldPotion"},{"floor":86,"key":"Strength Potion"}],"is_trial":false,"path_per_floor":["M","?","?","M","T","E","R","M","T","E","R","M","M","M","R","B",null,"M","?","AVR","M","$","M","NM","R","T","M","R","M","R","?","R","B",null,"M","?","?","T","M","?","R","COS","T","?","R","M","R","M","R","B",null,"M","M","?","M","M","R","M","R","T","M","?","?","R","E","R","B",null,"M","?","?","M","M","E","?","R","T","$","?","M","R","?","R","B",null,"M","M","M","?","?","R","E","M"],"character_chosen":"THE_SILENT","items_purchased":["Guard_Bracelet","REME_BodyOfCthun","REME_GreenPollution+1","Dodge and Roll"],"campfire_rested":12,"item_purchase_floors":[22,22,22,22],"current_hp_per_floor":[59,59,59,59,59,41,41,41,41,32,53,53,44,39,60,33,70,44,28,28,14,14,25,14,35,35,25,46,30,51,56,56,26,75,65,65,35,35,47,47,69,69,69,73,73,71,71,71,71,37,75,70,51,36,41,33,55,38,60,60,53,53,46,72,55,55,34,89,80,80,39,29,25,36,36,62,62,62,41,40,66,66,66,64,82,70,62,51,34,34,58,42,0,0],"gold":0,"neow_bonus":"BOSS_RELIC","is_daily":false,"chose_seed":false,"campfire_upgraded":11,"win_rate":0.0,"timestamp":1609776764,"path_taken":["M","?","?","M","?","E","R","M","T","E","R","M","M","M","R","BOSS","M","?","AVR","M","$","M","NM","R","T","?","R","M","R","?","R","BOSS","M","?","?","?","?","?","R","COS","T","?","R","M","R","M","R","BOSS","M","?","?","M","M","R","M","R","T","M","?","?","R","E","R","BOSS","M","?","?","M","M","E","?","R","T","?","?","M","R","?","R","BOSS","M","M","M","?","?","R","E","M"],"items_purchased_type":["Relic","Card","Card","Card"],"build_version":"2020-12-22","purchased_purges":0,"victory":false,"max_hp_per_floor":[70,70,70,70,70,70,70,70,70,70,70,70,70,70,70,70,70,70,70,70,70,70,70,70,70,70,70,70,70,70,75,75,75,75,75,75,75,75,75,75,75,75,75,75,75,75,75,75,75,75,75,75,75,75,75,75,75,75,75,75,75,75,89,89,89,89,89,89,89,89,89,89,89,89,89,89,89,89,89,89,89,82,82,82,82,82,82,82,82,82,82,82,82,82],"card_choices":[{"not_picked":["Bane","Flechettes"],"picked":"REME_ShadowStrike","floor":1.0},{"not_picked":["Crippling Poison","Calculated Gamble"],"picked":"Quick Slash","floor":4.0},{"not_picked":["Poisoned Stab","Slice"],"picked":"Sucker Punch","floor":6.0},{"not_picked":["All Out Attack","Calculated Gamble"],"picked":"Dagger Throw","floor":8.0},{"not_picked":["Crippling Poison","Deadly Poison"],"picked":"Dagger Spray","floor":10.0},{"not_picked":["PiercingWail","Tactician"],"picked":"Dagger Throw","floor":12.0},{"not_picked":["Finisher","Bouncing Flask"],"picked":"REME_GreenPollution+1","floor":13.0},{"not_picked":["Well Laid Plans+1","Backflip"],"picked":"Cloak And Dagger","floor":14.0},{"not_picked":["Wraith Form v2+1","Malaise"],"picked":"infinitespire:Neurotoxin","floor":16.0},{"not_picked":["PiercingWail","Prepared"],"picked":"Dagger Throw+1","floor":18.0},{"not_picked":["Sucker Punch","Flying Knee"],"picked":"Quick Slash","floor":21.0},{"not_picked":["All Out Attack","Backflip"],"picked":"Blade Dance","floor":23.0},{"not_picked":["infinitespire:Gouge","infinitespire:UltimateForm"],"picked":"infinitespire:Execution","floor":24.0},{"not_picked":["Malaise","Skewer"],"picked":"Backflip","floor":24.0},{"not_picked":["Well Laid Plans+1","Blade Dance+1"],"picked":"Choke+1","floor":27.0},{"not_picked":["Dodge and Roll","Crippling Poison+1"],"picked":"Backflip","floor":29.0},{"not_picked":["infinitespire:Neurotoxin","Doppelganger"],"picked":"REME_GrazeFinale","floor":33.0},{"not_picked":["Outmaneuver+1","Flechettes+1"],"picked":"Cloak And Dagger+1","floor":35.0},{"not_picked":["Impatience","Deep Breath"],"picked":"REME_MagicPocketWatch","floor":36.0},{"not_picked":["Madness","REME_TwoStrings"],"picked":"REME_ShortnessOfBreath","floor":36.0},{"not_picked":["Flying Knee","Bane"],"picked":"Blade Dance","floor":39.0},{"not_picked":["Noxious Fumes+1","Dagger Throw"],"picked":"Blade Dance+1","floor":46.0},{"not_picked":["Sucker Punch","Underhanded Strike+1"],"picked":"Finisher","floor":48.0},{"not_picked":["REME_GrazeFinale","Doppelganger"],"picked":"Glass Knife","floor":50.0},{"not_picked":["Deadly Poison","Flying Knee"],"picked":"Blade Dance","floor":52.0},{"not_picked":["PiercingWail","Eviscerate"],"picked":"Flechettes","floor":53.0},{"not_picked":["Reflex","Slice"],"picked":"Backflip","floor":55.0},{"not_picked":["Finisher","Cloak And Dagger"],"picked":"Sucker Punch","floor":56.0},{"not_picked":["Sucker Punch","Deflect"],"picked":"Choke","floor":58.0},{"not_picked":["Outmaneuver","Heel Hook"],"picked":"Flying Knee","floor":61.0},{"not_picked":["PiercingWail","Choke"],"picked":"Skewer","floor":65.0},{"not_picked":["Venomology","REME_ShadowForm+1"],"picked":"Tools of the Trade+1","floor":67.0},{"not_picked":["infinitespire:Collect","infinitespire:Menacing"],"picked":"infinitespire:DeathsTouch","floor":68.0},{"not_picked":["PiercingWail","Deadly Poison"],"picked":"Sucker Punch+1","floor":69.0},{"not_picked":["Slice","Quick Slash"],"picked":"Dagger Throw+1","floor":72.0},{"not_picked":["Dagger Throw","Deadly Poison+1"],"picked":"Choke+1","floor":73.0},{"not_picked":["Outmaneuver+1","Underhanded Strike"],"picked":"Predator+1","floor":74.0},{"not_picked":["infinitespire:UltimateForm","infinitespire:Execution"],"picked":"infinitespire:Fortify","floor":79.0},{"not_picked":["Corpse Explosion","Flying Knee"],"picked":"Predator","floor":80.0},{"not_picked":["Corpse Explosion+1","infinitespire:Neurotoxin+1"],"picked":"A Thousand Cuts+1","floor":84.0},{"not_picked":["Expertise+1","Cloak And Dagger+1"],"picked":"Blade Dance+1","floor":86},{"not_picked":["Calculated Gamble+1","Prepared+1"],"picked":"Riddle With Holes","floor":87},{"not_picked":["Reflex+1","Backstab"],"picked":"Eviscerate","floor":88},{"not_picked":["PiercingWail+1","Expertise+1"],"picked":"Poisoned Stab+1","floor":92}],"player_experience":352526,"relics_obtained":[{"floor":5.0,"key":"Frozen Egg 2"},{"floor":6.0,"key":"Lantern"},{"floor":9.0,"key":"trackpad:AncestralArmaments"},{"floor":10.0,"key":"Meat on the Bone"},{"floor":24.0,"key":"Pen Nib"},{"floor":26.0,"key":"infinitespire:Midas Blood"},{"floor":38.0,"key":"Whetstone"},{"floor":43.0,"key":"Nunchaku"},{"floor":51.0,"key":"Blood Vial"},{"floor":51.0,"key":"infinitespire:BottledMercury"},{"floor":60.0,"key":"infinitespire:Magic Flask"},{"floor":65.0,"key":"Boot"},{"floor":74.0,"key":"infinitespire:WardingShard"},{"floor":77.0,"key":"Paper Crane"},{"floor":92,"key":"Shuriken"}],"event_choices":[{"damage_healed":0.0,"max_hp_gain":0.0,"max_hp_loss":0.0,"gold_gain":0.0,"event_name":"betterSkull:BetterSkull","player_choice":"RE ","floor":19.0,"gold_loss":0.0,"damage_taken":18.0,"cards_upgraded":[],"relics_obtained":["trackpad:WeightlessShivs"]},{"damage_healed":0.0,"max_hp_gain":0.0,"max_hp_loss":0.0,"gold_gain":3.0,"event_name":"betterStone:BetterStone","player_choice":"1","floor":36.0,"gold_loss":0.0,"damage_taken":0.0},{"damage_healed":4.0,"max_hp_gain":0.0,"max_hp_loss":0.0,"gold_gain":0.0,"event_name":"betterSkull:BetterSkull","player_choice":"LEAVE ","floor":44.0,"gold_loss":0.0,"damage_taken":0.0,"cards_upgraded":[],"relics_obtained":[]},{"damage_healed":0.0,"max_hp_gain":0.0,"max_hp_loss":0.0,"gold_gain":0.0,"event_name":"betterSkull:BetterSkull","player_choice":"RE RE ","floor":71.0,"gold_loss":0.0,"damage_taken":45.0,"cards_upgraded":[],"relics_obtained":["Juzu Bracelet","REME_HandOfSuture"]},{"damage_healed":0,"gold_gain":0,"player_choice":"RE ","damage_taken":19,"relics_obtained":["trackpad:SappingStone"],"max_hp_gain":0,"max_hp_loss":0,"event_name":"betterSkull:BetterSkull","floor":89,"gold_loss":0,"cards_upgraded":[]}],"is_beta":false,"boss_relics":[{"not_picked":["energizedSpire:CursedPentagram","Velvet Choker"],"picked":"Ectoplasm"},{"not_picked":["trackpad:Trackpad","energizedSpire:NeverEndingSparkler"],"picked":"trackpad:RiggedDice"},{"not_picked":["Black Star","energizedSpire:MagnifyingGlass"],"picked":"Calling Bell"},{"not_picked":["REME_LowDesire","Runesmith:UraniumAnvil"],"picked":"REME_DuelDisc"},{"not_picked":["Tiny House","REME_DemonsWealth"],"picked":"Runic Dome"}],"items_purged_floors":[],"is_endless":true,"potions_floor_spawned":[1,4,8,12,27,29,46,48,50,58,65,67,73,74,80,86],"killed_by":"Gensokyo:AtlasGolem","ascension_level":0}}