{"host":"newqdrzxfhh2im9e","time":1609721043,"event":{"mods":["AchievementEnabler","BaseMod","BetterRewards","Block Reminder","Colored Map","Jorbs\u0027s Wanderer Trilogy","Minty Spire (QoL Compilation)","Rare Cards Sparkle","Shop Mod","StSLib"],"gold_per_floor":[113,32,47,11,11,11,45,45,45,78,94,94,105,105,105],"floor_reached":14,"playtime":411,"items_purged":[],"score":123,"play_id":"0300d738-c819-4ae3-a4de-3d2a65cd347f","local_time":"20210103164403","is_ascension_mode":true,"campfire_choices":[{"floor":6,"key":"REST"},{"floor":8,"key":"REST"}],"circlet_count":0,"master_deck":["Strike_B","Strike_B","Strike_B","Strike_B","Defend_B","Defend_B","Defend_B","Defend_B","Zap+1","Dualcast","Conserve Battery","Static Discharge","Steam","Self Repair","Loop","Seek","Darkness","Sweeping Beam"],"relics":["Cracked Core","Dead Branch","Turnip","Girya","Ornamental Fan"],"acts_visited":["Exordium"],"potions_floor_usage":[7,14,14],"damage_taken":[{"damage":13,"enemies":"Small Slimes","floor":1,"turns":3},{"damage":1,"enemies":"Jaw Worm","floor":3,"turns":4},{"damage":50,"enemies":"Lagavulin","floor":7,"turns":8},{"damage":29,"enemies":"3 Sentries","floor":10,"turns":6},{"damage":4,"enemies":"2 Louse","floor":11,"turns":3},{"damage":4,"enemies":"2 Fungi Beasts","floor":13,"turns":4},{"damage":45,"enemies":"Gremlin Nob","floor":14,"turns":4}],"seed_played":"-3532578846200890101","potions_obtained":[{"floor":3,"key":"LiquidMemories"},{"floor":10,"key":"Ancient Potion"},{"floor":13,"key":"DuplicationPotion"}],"is_trial":false,"path_per_floor":["M","$","M","$","?","R","E","R","T","E","M","?","M","E"],"character_chosen":"DEFECT","items_purchased":["Static Discharge","Self Repair"],"campfire_rested":2,"item_purchase_floors":[2,4],"current_hp_per_floor":[62,62,61,61,36,58,15,37,37,15,18,18,14,0,0],"gold":105,"neow_bonus":"UPGRADE_CARD","is_daily":false,"chose_seed":false,"campfire_upgraded":0,"win_rate":0.0,"timestamp":1609721043,"path_taken":["M","$","M","$","?","R","E","R","T","E","M","?","M","E"],"items_purchased_type":["Card","Card"],"build_version":"2020-12-22","purchased_purges":0,"victory":false,"max_hp_per_floor":[75,75,75,75,75,75,75,75,75,75,75,75,75,75,75],"card_choices":[{"not_picked":["Beam Cell","Reinforced Body"],"picked":"Conserve Battery","floor":1},{"not_picked":["Coolheaded","Barrage"],"picked":"Steam","floor":3},{"not_picked":["Heatsinks","Redo"],"picked":"Loop","floor":7},{"not_picked":["Steam Power","Leap"],"picked":"Seek","floor":10},{"not_picked":["Rebound","Ball Lightning"],"picked":"Darkness","floor":11},{"not_picked":["Fusion","Redo"],"picked":"Sweeping Beam","floor":13}],"player_experience":679128,"relics_obtained":[{"floor":7,"key":"Turnip"},{"floor":9,"key":"Girya"},{"floor":10,"key":"Ornamental Fan"}],"event_choices":[{"damage_healed":0,"gold_gain":0,"player_choice":"Success","damage_taken":25,"relics_obtained":["Dead Branch"],"max_hp_gain":0,"max_hp_loss":0,"event_name":"Scrap Ooze","floor":5,"gold_loss":0},{"damage_healed":0,"gold_gain":0,"player_choice":"Ignored","damage_taken":0,"max_hp_gain":0,"max_hp_loss":0,"event_name":"Golden Wing","floor":12,"gold_loss":0}],"is_beta":false,"boss_relics":[],"items_purged_floors":[],"is_endless":false,"potions_floor_spawned":[3,10,13],"killed_by":"Gremlin Nob","ascension_level":5}}