{"host":"5gusigds1c3jyr99","time":1609766849,"event":{"mods":["AchievementEnabler","Arknights The Spire","Astrologer","BaseMod","CapriCore","ChefMod","GungeonMod","Hermit","Marisa£¨Ùöéë¡¡Øª×âÞÞ£©","Minty Spire (QoL Compilation)","Permanent Neow","Replay The Spire","StSLib","The Bug Knight","The Cursed","The Death Knight","The Disciple","The Dragon Tamer","The Gatherer","The Hierophant","The Immortal","The Jungle","The Poker Player","The Senshi","TheBandit","WarShipGirlsR/??á´Ò³R mod"],"gold_per_floor":[111,111,59,59,73,73,85,85,159,194,224,249,284,296,308,425,437,469,481,473,331,331,331,343,97,143,198,198,198],"floor_reached":28,"playtime":1610,"items_purged":["Writhe","CommonCold"],"score":214,"play_id":"96f09a45-1505-47ba-b453-b14d3c33f6c1","local_time":"20210104222729","is_ascension_mode":false,"campfire_choices":[{"data":"astrologer:SolarFlare","floor":6,"key":"SMITH"},{"data":"astrologer:StarOfMisfortune","floor":8,"key":"SMITH"},{"data":"astrologer:SolarFlare","floor":15,"key":"SMITH"},{"data":"astrologer:TheStar","floor":23,"key":"SMITH"}],"circlet_count":0,"master_deck":["astrologer:Strike","astrologer:Defend","astrologer:Defend","astrologer:NorthStar","astrologer:TheFool","astrologer:NeutronStar+1","astrologer:SolarFlare+1","astrologer:SolarFlare+1","astrologer:StarOfMisfortune+1","astrologer:Trine+1","astrologer:ReadTheStars","astrologer:Opposition","astrologer:Shine","astrologer:NorthStar","astrologer:TheSun+1","astrologer:TheStar+1","astrologer:ReadTheStars","astrologer:Trine+1","astrologer:TheStar+1","astrologer:FrozenStar","Pot Of Greed+1","Pot Of Greed+1"],"relics":["astrologer:SkyMirror","Golden Egg","MawBank","Odd Mushroom","Kintsugi","NlothsMask","Grinning Jar","Tiny Chest"],"acts_visited":["Exordium","TheCity"],"potions_floor_usage":[16],"damage_taken":[{"damage":0,"enemies":"2 Louse","floor":1,"turns":3},{"damage":10,"enemies":"Cultist","floor":5,"turns":4},{"damage":0,"enemies":"Small Slimes","floor":7,"turns":2},{"damage":15,"enemies":"3 Sentries","floor":10,"turns":7},{"damage":0,"enemies":"Red Slaver","floor":11,"turns":4},{"damage":9,"enemies":"Looter","floor":12,"turns":3},{"damage":22,"enemies":"The Mushroom Lair","floor":13,"turns":5},{"damage":9,"enemies":"Hexaghost","floor":16,"turns":7},{"damage":13,"enemies":"2 Thieves","floor":18,"turns":2},{"damage":11,"enemies":"Shell Parasite","floor":24,"turns":4},{"damage":29,"enemies":"3 Cultists","floor":28,"turns":3}],"seed_played":"-214480936754107001","potions_obtained":[{"floor":5,"key":"SpeedPotion"},{"floor":10,"key":"Regen Potion"},{"floor":11,"key":"Energy Potion"},{"floor":16,"key":"DuplicationPotion"},{"floor":24,"key":"Strength Potion"},{"floor":27,"key":"Death Potion"}],"is_trial":false,"path_per_floor":["M","?","$","?","M","R","M","R","T","E","M","M","?","?","R","B",null,"M","?","?","$","?","R","M","$","T","?","M"],"character_chosen":"ASTROLOGER","items_purchased":["astrologer:SolarFlare","astrologer:TheStar","Grinning Jar"],"campfire_rested":0,"item_purchase_floors":[3,21,25],"current_hp_per_floor":[70,70,70,80,70,70,70,70,70,55,55,46,24,24,24,30,80,67,67,67,67,67,67,56,56,56,24,0,0],"gold":198,"neow_bonus":"ONE_RANDOM_RARE_CARD","is_daily":false,"chose_seed":false,"campfire_upgraded":4,"win_rate":0.0,"timestamp":1609766849,"path_taken":["M","?","?","?","M","R","?","R","T","E","M","M","?","?","R","BOSS","M","?","?","$","?","R","?","$","T","?","M"],"items_purchased_type":["Card","Card","Relic"],"build_version":"2020-12-22","purchased_purges":2,"victory":false,"max_hp_per_floor":[70,70,70,80,80,80,80,80,80,80,80,80,80,80,80,80,80,80,80,80,80,80,80,80,80,80,80,80,80],"card_choices":[{"not_picked":["astrologer:FrozenStar","astrologer:Conjunction"],"picked":"astrologer:NeutronStar","floor":1},{"not_picked":["astrologer:Eclipse","astrologer:TheTower"],"picked":"astrologer:SolarFlare","floor":5},{"not_picked":["astrologer:MeteorShower","astrologer:Opposition"],"picked":"astrologer:StarOfMisfortune","floor":7},{"not_picked":["astrologer:SolarFlare","astrologer:Opposition"],"picked":"astrologer:Trine","floor":10},{"not_picked":["astrologer:CometStrike","astrologer:Eclipse","astrologer:Radiance"],"picked":"SKIP","floor":11},{"not_picked":["astrologer:Cataclysm","astrologer:MeteorShower"],"picked":"astrologer:ReadTheStars","floor":12},{"not_picked":["astrologer:Eclipse","astrologer:Conjunction"],"picked":"astrologer:Opposition","floor":13},{"not_picked":["astrologer:TheChariot","astrologer:BlackHole"],"picked":"astrologer:TheSun","floor":16},{"not_picked":["astrologer:Conjunction","astrologer:CometStrike","astrologer:Premeditation"],"picked":"SKIP","floor":18},{"not_picked":[],"picked":"astrologer:TheStar","floor":20},{"not_picked":[],"picked":"astrologer:ReadTheStars","floor":20},{"not_picked":[],"picked":"astrologer:Trine","floor":20},{"not_picked":["astrologer:Radiance","astrologer:TheLovers+1"],"picked":"astrologer:FrozenStar","floor":24}],"player_experience":628813,"relics_obtained":[{"floor":9,"key":"Golden Egg"},{"floor":10,"key":"MawBank"},{"floor":13,"key":"Odd Mushroom"},{"floor":27,"key":"Tiny Chest"}],"event_choices":[{"damage_healed":0,"gold_gain":0,"player_choice":"Upgraded","damage_taken":0,"max_hp_gain":0,"max_hp_loss":0,"event_name":"Upgrade Shrine","floor":2,"gold_loss":0,"cards_upgraded":["astrologer:NeutronStar"]},{"cards_removed":["astrologer:TheMagician"],"damage_healed":0,"gold_gain":0,"player_choice":"Offered Rare","damage_taken":0,"max_hp_gain":10,"max_hp_loss":0,"event_name":"Bonfire Elementals","floor":4,"gold_loss":0},{"damage_healed":0,"gold_gain":0,"player_choice":"Fought Mushrooms","damage_taken":0,"max_hp_gain":0,"max_hp_loss":0,"event_name":"Mushrooms","floor":13,"gold_loss":0},{"damage_healed":0,"gold_gain":0,"player_choice":"2 cards matched","damage_taken":0,"max_hp_gain":0,"max_hp_loss":0,"event_name":"Match and Keep!","floor":14,"gold_loss":0,"cards_obtained":["astrologer:Shine","astrologer:NorthStar"]},{"damage_healed":0,"gold_gain":0,"player_choice":"Ignored","damage_taken":0,"max_hp_gain":0,"max_hp_loss":0,"event_name":"Ghosts","floor":19,"gold_loss":0},{"damage_healed":0,"gold_gain":0,"player_choice":"Trade","damage_taken":0,"relics_obtained":["NlothsMask"],"max_hp_gain":0,"max_hp_loss":0,"event_name":"FaceTrader","floor":22,"gold_loss":0}],"is_beta":false,"boss_relics":[{"not_picked":["Snecko Eye","Runic Dome"],"picked":"Kintsugi"}],"items_purged_floors":[21,25],"is_endless":false,"potions_floor_spawned":[5,10,11,16,24],"killed_by":"3 Cultists","ascension_level":0}}