{"host":"9n9nzkokhxe59gmc","time":1609796395,"event":{"mods":["Act Like it!","BaseMod","Elementarium","Hallownest","Hermit","Hubris","Infinite Spire","Menagerie","Minty Spire (QoL Compilation)","Replay The Spire","Shade Mod","StSLib","The Marked","The Servant 0.9.4"],"gold_per_floor":[117,128,128,303,303,303,329,329,382,393,393,423,423,423,423,521,521,538,556,566,667,667,667,667],"floor_reached":23,"playtime":952,"items_purged":[],"score":197,"play_id":"04064d6d-bfab-4c5d-bdc2-8638be233b05","local_time":"20210104133955","is_ascension_mode":false,"campfire_choices":[{"data":"theMarked:HeritageOfTheMarked","floor":6,"key":"SMITH"},{"floor":8,"key":"REST"},{"data":"theMarked:HeightenedSenses","floor":11,"key":"SMITH"},{"data":"theMarked:EmpowerWeapon","floor":13,"key":"SMITH"},{"data":"theMarked:Overcharge","floor":15,"key":"SMITH"}],"circlet_count":0,"master_deck":["theMarked:Strike","theMarked:Strike","theMarked:Strike","theMarked:Strike","theMarked:Strike","theMarked:Defend","theMarked:Defend","theMarked:Defend","theMarked:Defend","theMarked:SoldierOfQuellstein+1","theMarked:TwofoldDefense","theMarked:HeritageOfTheMarked+1","Doubt","theMarked:Overcharge+1","theMarked:HeightenedSenses+1","theMarked:EmpowerWeapon+1","theMarked:SuspiciousRaven","theMarked:ChainLightning","theMarked:Frustration","theMarked:SummonStrength","ReplayTheSpireMod:Splinters","theMarked:WardOff","theMarked:Generate+1","theMarked:MysticalArsenal"],"relics":["theMarked:ArtifactOfAir","hubris:SlimyHat","Blue Doll","ReplayTheSpireMod:Ninjato","Meat on the Bone","PreservedInsect"],"acts_visited":["Exordium","TheCity"],"potions_floor_usage":[7,18,19,20],"damage_taken":[{"damage":2,"enemies":"Small Slimes","floor":1,"turns":4},{"damage":0,"enemies":"Jaw Worm","floor":2,"turns":4},{"damage":13,"enemies":"3 Sentries","floor":7,"turns":4},{"damage":0,"enemies":"2 Louse","floor":10,"turns":1},{"damage":13,"enemies":"Lagavulin","floor":12,"turns":6},{"damage":63,"enemies":"Fading Forest","floor":16,"turns":11},{"damage":17,"enemies":"Shell Parasite","floor":18,"turns":6},{"damage":23,"enemies":"2 Thieves","floor":19,"turns":5},{"damage":26,"enemies":"Chosen and Byrds","floor":20,"turns":7},{"damage":31,"enemies":"Nightmare","floor":23,"turns":5}],"seed_played":"6782209993599759717","potions_obtained":[{"floor":1,"key":"infinitespire:BlackPotion"},{"floor":2,"key":"FearPotion"},{"floor":16,"key":"Languid Potion"},{"floor":18,"key":"Energy Potion"}],"is_trial":false,"path_per_floor":["M","M","?","?","?","R","E","R","T","M","R","E","R","?","R","B",null,"M","M","M","?","?","NM"],"character_chosen":"THE_DEFAULT","items_purchased":[],"campfire_rested":1,"item_purchase_floors":[],"current_hp_per_floor":[75,75,80,80,80,80,67,82,82,82,82,69,69,69,69,38,82,65,42,28,28,28,0,0],"gold":667,"neow_bonus":"TEN_PERCENT_HP_BONUS","is_daily":false,"chose_seed":false,"campfire_upgraded":4,"win_rate":0.0,"timestamp":1609796395,"path_taken":["M","M","?","?","?","R","E","R","T","M","R","E","R","?","R","BOSS","M","M","M","?","?","NM"],"items_purchased_type":[],"build_version":"2020-12-22","purchased_purges":0,"victory":false,"max_hp_per_floor":[77,77,82,82,82,82,82,82,82,82,82,82,82,82,82,82,82,82,82,82,82,82,82,82],"card_choices":[{"not_picked":["theMarked:Parkour","theMarked:WardOff"],"picked":"theMarked:TwofoldDefense","floor":1},{"not_picked":["theMarked:ReduceFriction","theMarked:EnhanceMovement"],"picked":"theMarked:HeritageOfTheMarked","floor":2},{"not_picked":["theMarked:ContemptForTheProud","theMarked:RepellingDischarge"],"picked":"theMarked:Overcharge","floor":7},{"not_picked":["theMarked:Convert","theMarked:Improvise"],"picked":"theMarked:HeightenedSenses","floor":10},{"not_picked":["theMarked:Aftermath","theMarked:HeritageOfTheMarked"],"picked":"theMarked:EmpowerWeapon","floor":12},{"not_picked":["theMarked:Levitate","theMarked:MuscleMemory"],"picked":"theMarked:SuspiciousRaven","floor":16},{"not_picked":["theMarked:Frustration","theMarked:GodGivenPower+1"],"picked":"theMarked:ChainLightning","floor":18},{"not_picked":["theMarked:Parkour","theMarked:TwofoldDefense"],"picked":"theMarked:Frustration","floor":19},{"not_picked":["theMarked:BanishingStrike+1","theMarked:DeterminationOfTheMarked+1"],"picked":"theMarked:SummonStrength","floor":20},{"not_picked":["theMarked:CreepingChasm+1","theMarked:BanishingStrike"],"picked":"theMarked:WardOff","floor":21},{"not_picked":["theMarked:SwordAndMagic","theMarked:Overthink"],"picked":"theMarked:Generate+1","floor":21},{"not_picked":["theMarked:Improvise","theMarked:SelfDefenseTraining"],"picked":"theMarked:MysticalArsenal","floor":21}],"player_experience":727702,"relics_obtained":[{"floor":7,"key":"hubris:SlimyHat"},{"floor":9,"key":"Blue Doll"},{"floor":12,"key":"ReplayTheSpireMod:Ninjato"},{"floor":14,"key":"Meat on the Bone"}],"event_choices":[{"damage_healed":0,"gold_gain":0,"player_choice":"Donut","damage_taken":0,"max_hp_gain":5,"max_hp_loss":0,"event_name":"Big Fish","floor":3,"gold_loss":0},{"damage_healed":0,"gold_gain":175,"player_choice":"AGREE","damage_taken":0,"max_hp_gain":0,"max_hp_loss":0,"event_name":"Liars Game","floor":4,"gold_loss":0,"cards_obtained":["Doubt"]}],"is_beta":false,"boss_relics":[{"not_picked":["Runic Pyramid","Snecko Eye","hubris:BlackHole"]}],"items_purged_floors":[],"is_endless":false,"potions_floor_spawned":[1,2,16,18],"killed_by":"Nightmare","ascension_level":0}}