{"host":"28p8ce41sjwa6lzf","time":1609772838,"event":{"mods":["BaseMod","Colored Map","Colored Powertips","Highlight Path","Minty Spire (QoL Compilation)","Permanent Neow","Quick Restart","Random Character Button","Rare Cards Sparkle","Relic Stats","StSLib","Unceasing Turn Reminder"],"gold_per_floor":[118,118,128,143,154,154,188,188,188,203,218,231,259,6,6,81,81,97,107,124,124,124,124],"floor_reached":22,"playtime":851,"items_purged":[],"score":500,"play_id":"e2984a49-a7ea-40f1-88bf-9d17687fb640","local_time":"20210104090718","is_ascension_mode":true,"campfire_choices":[{"data":"Whirlwind","floor":6,"key":"SMITH"},{"floor":8,"key":"REST"},{"floor":15,"key":"REST"}],"circlet_count":0,"master_deck":["AscendersBane","Strike_R","Strike_R","Strike_R","Strike_R","Strike_R","Defend_R","Defend_R","Defend_R","Defend_R","Bash","Whirlwind+1","Twin Strike","Shrug It Off","Brutality","Headbutt","Clothesline","Fire Breathing+1","Rupture+1","Brutality+1","Sever Soul","Shrug It Off","Fire Breathing+1"],"relics":["Runic Pyramid","Mummified Hand","InkBottle","Mercury Hourglass","Frozen Egg 2","Chemical X","Sozu"],"acts_visited":["Exordium","TheCity"],"potions_floor_usage":[3,5,13,16,19],"damage_taken":[{"damage":8,"enemies":"Jaw Worm","floor":1,"turns":6},{"damage":0,"enemies":"2 Louse","floor":3,"turns":1},{"damage":0,"enemies":"Small Slimes","floor":4,"turns":2},{"damage":0,"enemies":"3 Louse","floor":5,"turns":1},{"damage":37,"enemies":"Gremlin Nob","floor":7,"turns":4},{"damage":7,"enemies":"Looter","floor":10,"turns":3},{"damage":4,"enemies":"Red Slaver","floor":11,"turns":4},{"damage":4,"enemies":"Exordium Thugs","floor":12,"turns":3},{"damage":19,"enemies":"Lagavulin","floor":13,"turns":5},{"damage":2,"enemies":"Slime Boss","floor":16,"turns":4},{"damage":7,"enemies":"2 Thieves","floor":18,"turns":2},{"damage":8,"enemies":"Spheric Guardian","floor":19,"turns":4},{"damage":22,"enemies":"Snecko","floor":20,"turns":4},{"damage":8,"enemies":"Shelled Parasite and Fungi","floor":22,"turns":1}],"seed_played":"-6745018500023032632","potions_obtained":[{"floor":1,"key":"SteroidPotion"},{"floor":4,"key":"Energy Potion"},{"floor":7,"key":"CultistPotion"},{"floor":12,"key":"Explosive Potion"},{"floor":13,"key":"Swift Potion"}],"is_trial":false,"path_per_floor":["M","?","M","M","M","R","E","R","T","M","M","M","E","$","R","B",null,"M","M","M","?","M"],"character_chosen":"IRONCLAD","items_purchased":["Rupture+1","Chemical X","Block Potion"],"campfire_rested":2,"item_purchase_floors":[14,14,14],"current_hp_per_floor":[60,55,55,55,55,55,18,40,40,33,29,25,6,6,28,26,63,56,48,26,5,0,0],"gold":124,"neow_bonus":"BOSS_RELIC","is_daily":false,"chose_seed":false,"campfire_upgraded":1,"win_rate":0.0,"timestamp":1609772838,"path_taken":["M","?","M","M","M","R","E","R","T","M","M","M","E","$","R","BOSS","M","M","M","?","M"],"items_purchased_type":["Card","Relic","Potion"],"build_version":"2020-12-22","purchased_purges":0,"victory":false,"max_hp_per_floor":[75,75,75,75,75,75,75,75,75,75,75,75,75,75,75,75,75,75,75,75,80,80,80],"relic_stats":{"Sozu":2,"counters":[14,43],"Mummified Hand":[18],"Chemical X":[5],"obtain_stats":[{"Sozu":17,"Mummified Hand":2,"Chemical X":14,"Frozen Egg 2":13,"Burning Blood":0,"InkBottle":7,"Runic Pyramid":0,"Mercury Hourglass":9},{"Sozu":10,"Mummified Hand":1,"Chemical X":9,"Frozen Egg 2":9,"Burning Blood":0,"InkBottle":5,"Runic Pyramid":0,"Mercury Hourglass":5},{"Sozu":33,"Mummified Hand":6,"Chemical X":29,"Frozen Egg 2":29,"Burning Blood":0,"InkBottle":14,"Runic Pyramid":0,"Mercury Hourglass":14}],"InkBottle":[8],"Mercury Hourglass":[89]},"card_choices":[{"not_picked":["Combust","Power Through"],"picked":"Whirlwind","floor":1},{"not_picked":["Wild Strike","Clash"],"picked":"Twin Strike","floor":3},{"not_picked":["Twin Strike","Warcry","Thunderclap"],"picked":"SKIP","floor":4},{"not_picked":["Hemokinesis","Sever Soul"],"picked":"Shrug It Off","floor":5},{"not_picked":["Flex","Armaments"],"picked":"Brutality","floor":7},{"not_picked":["Dropkick","Iron Wave","Anger"],"picked":"SKIP","floor":10},{"not_picked":["Reckless Charge","Armaments"],"picked":"Headbutt","floor":11},{"not_picked":["Cleave","Heavy Blade"],"picked":"Clothesline","floor":12},{"not_picked":["Disarm","Body Slam"],"picked":"Fire Breathing+1","floor":13},{"not_picked":["Exhume","Juggernaut+1"],"picked":"Brutality+1","floor":16},{"not_picked":["Headbutt","Pommel Strike"],"picked":"Sever Soul","floor":18},{"not_picked":["Iron Wave","Cleave+1"],"picked":"Shrug It Off","floor":19},{"not_picked":["Cleave","Pommel Strike"],"picked":"Fire Breathing+1","floor":20}],"player_experience":1062040,"relics_obtained":[{"floor":7,"key":"InkBottle"},{"floor":9,"key":"Mercury Hourglass"},{"floor":13,"key":"Frozen Egg 2"}],"event_choices":[{"damage_healed":0,"gold_gain":0,"player_choice":"Success","damage_taken":5,"relics_obtained":["Mummified Hand"],"max_hp_gain":0,"max_hp_loss":0,"event_name":"Scrap Ooze","floor":2,"gold_loss":0},{"damage_healed":0,"gold_gain":0,"player_choice":"Shed Blood","damage_taken":26,"max_hp_gain":5,"max_hp_loss":0,"event_name":"Forgotten Altar","floor":21,"gold_loss":0}],"is_beta":false,"boss_relics":[{"not_picked":["Mark of Pain","SacredBark"],"picked":"Sozu"}],"items_purged_floors":[],"is_endless":false,"potions_floor_spawned":[1,4,7,12,13,18,20],"killed_by":"Shelled Parasite and Fungi","ascension_level":20}}