{"host":"7gewg82ormp6yt4e","time":1609766179,"event":{"mods":["BaseMod","Block Reminder","Colored Map","Colored Powertips","DeckTracker","Highlight Path","Minty Spire (QoL Compilation)","Relic Stats","StSLib","ojb\u0027s Info Mod"],"gold_per_floor":[109,122,197,210,226,226,11,11,11,11,11,11,43,17,17,17,17],"floor_reached":16,"playtime":545,"items_purged":[],"score":200,"play_id":"3d2b173a-5f57-4559-8255-45d6e642d09f","local_time":"20210104221619","is_ascension_mode":true,"campfire_choices":[{"data":"Chaos","floor":6,"key":"SMITH"},{"data":"Self Repair","floor":8,"key":"SMITH"},{"floor":11,"key":"REST"},{"data":"Dualcast","floor":15,"key":"SMITH"}],"circlet_count":0,"master_deck":["AscendersBane","Strike_B","Strike_B","Strike_B","Defend_B","Defend_B","Defend_B","Defend_B","Zap","Dualcast+1","Electrodynamics","Self Repair+1","Reinforced Body","Chaos+1","Aggregate","Coolheaded","Rebound"],"relics":["Cracked Core","Chemical X","Bag of Marbles","Ornamental Fan"],"acts_visited":["Exordium"],"potions_floor_usage":[12,13,16],"damage_taken":[{"damage":12,"enemies":"Small Slimes","floor":1,"turns":4},{"damage":12,"enemies":"Jaw Worm","floor":2,"turns":3},{"damage":1,"enemies":"2 Louse","floor":4,"turns":3},{"damage":13,"enemies":"Exordium Wildlife","floor":5,"turns":3},{"damage":0,"enemies":"Large Slime","floor":12,"turns":2},{"damage":23,"enemies":"Gremlin Nob","floor":13,"turns":4},{"damage":49,"enemies":"Hexaghost","floor":16,"turns":14}],"seed_played":"6712350534184448307","potions_obtained":[{"floor":4,"key":"BlessingOfTheForge"},{"floor":5,"key":"SmokeBomb"},{"floor":13,"key":"ColorlessPotion"}],"is_trial":false,"path_per_floor":["M","M","?","M","M","R","$","R","T","?","R","M","E","$","R","B"],"character_chosen":"DEFECT","items_purchased":["Chemical X","Coolheaded","Rebound"],"campfire_rested":1,"item_purchase_floors":[7,7,14],"current_hp_per_floor":[52,47,36,42,29,29,29,29,29,22,43,53,40,40,40,0,0],"gold":17,"neow_bonus":"ONE_RANDOM_RARE_CARD","is_daily":false,"chose_seed":false,"campfire_upgraded":3,"win_rate":0.0,"timestamp":1609766179,"path_taken":["M","M","?","M","M","R","$","R","T","?","R","M","E","$","R","BOSS"],"items_purchased_type":["Relic","Card","Card"],"build_version":"2020-12-22","purchased_purges":0,"victory":false,"max_hp_per_floor":[71,71,71,71,71,71,71,71,71,71,71,71,71,71,71,71,71],"relic_stats":{"counters":[7,33],"Ornamental Fan":[0],"Chemical X":[7],"obtain_stats":[{"Ornamental Fan":13,"Bag of Marbles":9,"Chemical X":7,"Cracked Core":0},{"Ornamental Fan":6,"Bag of Marbles":4,"Chemical X":4,"Cracked Core":0},{"Ornamental Fan":19,"Bag of Marbles":13,"Chemical X":13,"Cracked Core":0}]},"card_choices":[{"not_picked":["Streamline","Beam Cell"],"picked":"Self Repair","floor":1},{"not_picked":["Sweeping Beam","Turbo"],"picked":"Reinforced Body","floor":2},{"not_picked":["Streamline","Steam"],"picked":"Chaos","floor":4},{"not_picked":["Redo","Hologram"],"picked":"Aggregate","floor":5},{"not_picked":["Go for the Eyes","Force Field","Turbo"],"picked":"SKIP","floor":13}],"player_experience":2459755,"relics_obtained":[{"floor":9,"key":"Bag of Marbles"},{"floor":13,"key":"Ornamental Fan"}],"event_choices":[{"damage_healed":0,"gold_gain":75,"player_choice":"Gather Gold","damage_taken":11,"max_hp_gain":0,"max_hp_loss":0,"event_name":"World of Goop","floor":3,"gold_loss":0},{"cards_removed":["Strike_B"],"damage_healed":0,"gold_gain":0,"player_choice":"Card Removal","damage_taken":7,"max_hp_gain":0,"max_hp_loss":0,"event_name":"Golden Wing","floor":10,"gold_loss":0}],"is_beta":false,"boss_relics":[],"items_purged_floors":[],"is_endless":false,"potions_floor_spawned":[4,5,13],"killed_by":"Hexaghost","ascension_level":20}}