{"host":"bf9sa99gaumonoeu","time":1609773509,"event":{"mods":["AchievementEnabler","Act Like it!","BaseMod","Better Sensory Stone","Colored Map","Colored Powertips","Downfall","Duelist Mod","Friendly Minions","Gensokyo","GifTheSpireLib","Hallownest","Hermit","Hubris","Jorbs\u0027s Wanderer Trilogy","KinomotoSakuraMod(????)","Koishi","Lobotomy","Marisa????????","Minty Spire (QoL Compilation)","Rare Cards Sparkle","Reimu??????","Remilia??????","Replay The Spire","Shop Mod","StSLib","The Administrix","The Animator","The Blue Laboratory","The Bug Knight","The Construct","The Cursed","The Disciple","The Hierophant","The Mystic","The Necromancer","The Poker Player","The Runesmith","The Senshi","The Servant 0.9.4","Waifu the Spire"],"gold_per_floor":[123,149,163,163,41,41,66,66,66,66,91,91,116,128,128,224,224,261,283,283,283],"floor_reached":20,"playtime":1740,"items_purged":["animator:Strike"],"score":248,"play_id":"973d5b15-3d93-4469-85c0-74102dbe42ac","local_time":"20210104131829","is_ascension_mode":true,"campfire_choices":[{"data":"animator:UneriGinkaku","floor":6,"key":"SMITH"},{"data":"animator:Sebas","floor":8,"key":"SMITH"},{"floor":15,"key":"REST"}],"circlet_count":0,"master_deck":["animator:Strike_Overlord","animator:Defend_Overlord","animator:Strike","animator:Strike","animator:Defend","animator:Defend","animator:Defend","animator:Cocytus+1","animator:Demiurge","animator:Sloth","animator:Sebas+1","animator:Evileye","animator:UneriGinkaku+1","animator:PandorasActor","animator:Mikaela","animator:Ainz","animator:Entoma","animator:Nanami"],"relics":["animator:LivingPicture","animator:TheMissingPiece","Toy Ornithopter","Boot","Blood Vial","Philosopher\u0027s Stone"],"acts_visited":["Exordium","TheCity"],"potions_floor_usage":[11,13,16,16],"damage_taken":[{"damage":11,"enemies":"Jaw Worm","floor":1,"turns":4},{"damage":8,"enemies":"Small Slimes","floor":2,"turns":3},{"damage":0,"enemies":"Cultist","floor":3,"turns":3},{"damage":13,"enemies":"Exordium Thugs","floor":7,"turns":3},{"damage":6,"enemies":"Gremlin Nob","floor":11,"turns":4},{"damage":15,"enemies":"3 Sentries","floor":13,"turns":6},{"damage":0,"enemies":"2 Fungi Beasts","floor":14,"turns":2},{"damage":48,"enemies":"Slime Boss","floor":16,"turns":16},{"damage":10,"enemies":"Spheric Guardian","floor":18,"turns":4},{"damage":34,"enemies":"Shell Parasite","floor":19,"turns":6},{"damage":27,"enemies":"Cultist and Chosen","floor":20,"turns":4}],"seed_played":"9210450566722397404","potions_obtained":[{"floor":1,"key":"hexamod:EctoCoolerPotion"},{"floor":7,"key":"SneckoOil"},{"floor":12,"key":"Explosive Potion"},{"floor":12,"key":"Death Potion"}],"is_trial":false,"path_per_floor":["M","M","M","?","$","R","M","R","T","?","E","?","E","M","R","B",null,"M","M","M"],"character_chosen":"THE_ANIMATOR","items_purchased":["animator:UneriGinkaku"],"campfire_rested":1,"item_purchase_floors":[5],"current_hp_per_floor":[48,40,41,41,41,41,28,28,28,28,27,27,17,19,39,4,52,44,12,0,0],"gold":283,"neow_bonus":"UPGRADE_CARD","is_daily":false,"chose_seed":false,"campfire_upgraded":2,"win_rate":0.0,"timestamp":1609773509,"path_taken":["M","M","M","?","$","R","M","R","T","?","E","?","E","M","R","BOSS","M","M","M"],"items_purchased_type":["Card"],"build_version":"2020-12-22","purchased_purges":1,"victory":false,"max_hp_per_floor":[66,66,67,67,67,67,67,67,67,67,67,67,67,67,67,68,68,68,68,68,68],"card_choices":[{"not_picked":["animator:Rena","animator:Ara"],"picked":"animator:Sloth","floor":1},{"not_picked":["animator:Lu","animator:Nanami"],"picked":"animator:Sebas","floor":2},{"not_picked":["animator:Gillette","animator:Scar"],"picked":"animator:Evileye","floor":3},{"not_picked":["animator:Cocytus","animator:Evileye"],"picked":"animator:PandorasActor","floor":7},{"not_picked":["animator:Alexander","animator:Aisha","animator:CrowleyEusford"],"picked":"SKIP","floor":11},{"not_picked":["animator:UneriGinkaku","animator:RinTohsaka","animator:Shigure"],"picked":"SKIP","floor":13},{"not_picked":["animator:ElricAlphonse","animator:TsurugaMeisai"],"picked":"animator:Mikaela","floor":14},{"not_picked":["animator:Greed","animator:Eve"],"picked":"animator:Ainz","floor":16},{"not_picked":["animator:PandorasActor","animator:Sebas"],"picked":"animator:Entoma","floor":18},{"not_picked":["animator:Emonzaemon","animator:Scar+1"],"picked":"animator:Nanami","floor":19}],"player_experience":739955,"relics_obtained":[{"floor":9,"key":"Toy Ornithopter"},{"floor":11,"key":"Boot"},{"floor":13,"key":"Blood Vial"}],"event_choices":[{"damage_healed":0,"gold_gain":0,"player_choice":"Ignored","damage_taken":0,"max_hp_gain":0,"max_hp_loss":0,"event_name":"Liars Game","floor":4,"gold_loss":0},{"damage_healed":0,"gold_gain":0,"player_choice":"Got Potions","damage_taken":0,"max_hp_gain":0,"max_hp_loss":0,"event_name":"Lab","floor":12,"gold_loss":0}],"is_beta":false,"boss_relics":[{"not_picked":["hubris:Backtick","hubris:BlackHole"],"picked":"Philosopher\u0027s Stone"}],"items_purged_floors":[5],"is_endless":false,"potions_floor_spawned":[1,7],"killed_by":"Cultist and Chosen","ascension_level":7}}