{"host":"6bsan6hkua32tfq7","time":1609778213,"event":{"mods":["BaseMod","Better Third Choice","Colored Map","Highlight Path","Minty Spire (QoL Compilation)","StSLib"],"gold_per_floor":[113,113,124,124,144,144,69,69,96,21,21,56,56,85,85,173,200,220,229,229,57,86,86,86],"floor_reached":23,"playtime":455,"items_purged":["Strike_G"],"score":374,"play_id":"d3e0d459-58cf-45a5-a943-b49a0e3c2d0b","local_time":"20210104173653","is_ascension_mode":true,"campfire_choices":[{"data":"Neutralize","floor":6.0,"key":"SMITH"},{"data":"Deadly Poison","floor":8.0,"key":"SMITH"},{"data":"Bane","floor":11.0,"key":"SMITH"},{"data":"Predator","floor":15.0,"key":"SMITH"}],"circlet_count":0,"master_deck":["AscendersBane","Strike_G","Defend_G","Defend_G","Defend_G","Survivor","Neutralize+1","Deadly Poison+1","Bane+1","Reflex","Cloak And Dagger","Predator+1","Burst","Setup+1","Cloak And Dagger+1","Eviscerate+1","RitualDagger","Dagger Spray"],"relics":["Ring of the Snake","NeowsBlessing","Snake Skull","CeramicFish","Astrolabe","Medical Kit"],"acts_visited":["Exordium","TheCity"],"potions_floor_usage":[18,23,23],"damage_taken":[{"damage":0.0,"enemies":"2 Louse","floor":1.0,"turns":1.0},{"damage":0.0,"enemies":"Jaw Worm","floor":3.0,"turns":1.0},{"damage":0.0,"enemies":"Small Slimes","floor":5.0,"turns":1.0},{"damage":32.0,"enemies":"Gremlin Nob","floor":12.0,"turns":4.0},{"damage":0.0,"enemies":"2 Fungi Beasts","floor":14.0,"turns":3.0},{"damage":10.0,"enemies":"The Guardian","floor":16.0,"turns":11.0},{"damage":13,"enemies":"2 Thieves","floor":18,"turns":3},{"damage":16,"enemies":"Spheric Guardian","floor":22,"turns":4},{"damage":22,"enemies":"Slavers","floor":23,"turns":2}],"seed_played":"7209023451997289530","potions_obtained":[{"floor":3.0,"key":"Strength Potion"},{"floor":5.0,"key":"Weak Potion"},{"floor":18,"key":"DuplicationPotion"}],"is_trial":false,"path_per_floor":["M","?","M","?","M","R","?","R","T","$","R","E","$","M","R","B",null,"M","?","?","$","M","E"],"character_chosen":"THE_SILENT","items_purchased":["Medical Kit"],"campfire_rested":0,"item_purchase_floors":[21],"current_hp_per_floor":[59,59,59,59,59,59,59,59,59,59,59,27,27,27,27,17,54,41,35,35,35,19,0,0],"gold":86,"neow_bonus":"THREE_ENEMY_KILL","is_daily":false,"chose_seed":false,"campfire_upgraded":4,"win_rate":0.0,"timestamp":1609778213,"path_taken":["M","?","M","?","M","R","?","R","T","?","R","E","$","M","R","BOSS","BOSS","M","?","?","?","M","E"],"items_purchased_type":["Relic"],"build_version":"2020-12-22","purchased_purges":1,"victory":false,"max_hp_per_floor":[66,66,66,66,66,66,66,66,66,66,66,66,66,66,66,66,66,66,66,66,66,66,66,66],"card_choices":[{"not_picked":["Prepared","Dagger Throw"],"picked":"Deadly Poison","floor":1.0},{"not_picked":["Outmaneuver","Dodge and Roll"],"picked":"Bane","floor":3.0},{"not_picked":["Endless Agony","Riddle With Holes"],"picked":"Reflex","floor":5.0},{"not_picked":["Choke","Poisoned Stab"],"picked":"Cloak And Dagger","floor":12.0},{"not_picked":["Infinite Blades","Bane"],"picked":"Predator","floor":14.0},{"not_picked":["Phantasmal Killer","After Image"],"picked":"Burst","floor":16},{"not_picked":["Backstab","Outmaneuver+1","Dodge and Roll"],"picked":"SKIP","floor":18},{"not_picked":["Acrobatics","Cloak And Dagger"],"picked":"Dagger Spray","floor":22}],"player_experience":5242560,"relics_obtained":[{"floor":9.0,"key":"Snake Skull"},{"floor":12.0,"key":"CeramicFish"}],"event_choices":[{"damage_healed":0.0,"max_hp_gain":0.0,"max_hp_loss":0.0,"gold_gain":0.0,"event_name":"betterThird:BetterSerpent","player_choice":"Ignored","floor":2.0,"gold_loss":0.0,"damage_taken":113.0},{"cards_removed":["Defend_G"],"damage_healed":0.0,"max_hp_gain":0.0,"max_hp_loss":0.0,"gold_gain":0.0,"event_name":"Living Wall","player_choice":"Forget","floor":4.0,"gold_loss":0.0,"damage_taken":0.0},{"cards_removed":["Defend_G"],"damage_healed":0.0,"max_hp_gain":0.0,"max_hp_loss":0.0,"gold_gain":0.0,"event_name":"The Cleric","player_choice":"Card Removal","floor":7.0,"gold_loss":75.0,"damage_taken":0.0},{"damage_healed":0,"gold_gain":0,"player_choice":"Dagger","damage_taken":6,"max_hp_gain":0,"max_hp_loss":0,"event_name":"betterThird:BetterNest","floor":19,"gold_loss":0,"cards_obtained":["RitualDagger"]},{"damage_healed":0,"gold_gain":0,"player_choice":"Ignored","damage_taken":0,"max_hp_gain":0,"max_hp_loss":0,"event_name":"Vampires","floor":20,"gold_loss":0}],"is_beta":false,"boss_relics":[{"not_picked":["Pandora\u0027s Box","Coffee Dripper"],"picked":"Astrolabe"}],"items_purged_floors":[10],"is_endless":false,"potions_floor_spawned":[3,5,14,18],"killed_by":"Slavers","ascension_level":20}}