{"host":"ljavmhyz2e552xgo","time":1609798502,"event":{"mods":["BaseMod","Better Third Choice","Downfall","Friendly Minions","GungeonMod","Minty Spire (QoL Compilation)","Permanent Neow","Spicy Shops","StSLib"],"gold_per_floor":[99,111,111,19,19,19,19,54,54,4,18,38,38,38,52,148,148,148,148],"floor_reached":17,"playtime":458,"items_purged":[],"score":153,"play_id":"89952303-2722-41be-bba7-14564376b3f5","local_time":"20210104161502","is_ascension_mode":false,"campfire_choices":[{"data":"Slimebound:Split","floor":1,"key":"SMITH"},{"data":"Slimebound:OozeBath","floor":6,"key":"SMITH"},{"data":"Slimebound:LevelUp","floor":10,"key":"SMITH"}],"circlet_count":0,"master_deck":["Slimebound:Strike_Slimebound","Slimebound:Strike_Slimebound","Slimebound:Tackle","Slimebound:Defend_Slimebound","Slimebound:Defend_Slimebound","Slimebound:Defend_Slimebound","Slimebound:Defend_Slimebound","Slimebound:Split+1","Slimebound:CorrosiveSpit","Slimebound:OozeBath+1","Slimebound:SplitBruiser","Slimebound:LevelUp+1","Slimebound:LeechEnergy","Slimebound:SplitBruiser","Parasite","Slimebound:SlimeSlap+1","Slimebound:MassRepurpose"],"relics":["Slimebound:AbsorbEndCombat","Slimebound:AggressiveSlimeRelic","Slimebound:GreedOozeRelic","Kunai","Calipers","Blood Vial","Molten Egg 2","Sozu"],"acts_visited":["Exordium","TheCity"],"potions_floor_usage":[],"damage_taken":[{"damage":8,"enemies":"2 Louse","floor":2,"turns":2},{"damage":17,"enemies":"downfall:FleeingMerchant","floor":4,"turns":4},{"damage":21,"enemies":"Gremlin Nob","floor":8,"turns":3},{"damage":17,"enemies":"Small Slimes","floor":11,"turns":3},{"damage":16,"enemies":"Cultist","floor":12,"turns":3},{"damage":21,"enemies":"Blue Slaver","floor":15,"turns":2},{"damage":41,"enemies":"downfall:Watcher","floor":16,"turns":5}],"seed_played":"5489371218087758822","potions_obtained":[{"floor":2,"key":"Swift Potion"},{"floor":8,"key":"Ancient Potion"}],"is_trial":false,"path_per_floor":["R","M","?","$","?","R","T","E","?","R","M","M","?","?","M","B",null],"character_chosen":"SLIMEBOUND","items_purchased":["Slimebound:AggressiveSlimeRelic"],"campfire_rested":0,"item_purchase_floors":[4],"current_hp_per_floor":[60,60,60,59,59,59,59,49,49,49,48,46,46,60,59,43,60,60,60],"gold":148,"neow_bonus":"ONE_RANDOM_RARE_CARD","is_daily":false,"chose_seed":false,"campfire_upgraded":3,"win_rate":0.0,"timestamp":1609798502,"path_taken":["R","M","?","$","?","R","T","E","?","R","?","M","?","?","M","BOSS"],"items_purchased_type":["Relic"],"build_version":"2020-12-22","purchased_purges":0,"victory":false,"max_hp_per_floor":[60,60,60,60,60,60,60,60,60,60,60,60,60,60,60,60,60,60,60],"card_choices":[{"not_picked":["Slimebound:HauntingLick","Slimebound:RainOfGoop"],"picked":"Slimebound:SplitBruiser","floor":2},{"not_picked":["Slimebound:MassFeed","Slimebound:Grow"],"picked":"Slimebound:LevelUp","floor":4},{"not_picked":["Slimebound:SplitBruiser","Slimebound:SamplingLick"],"picked":"Slimebound:LeechEnergy","floor":8},{"not_picked":["Slimebound:HungryTackle","Slimebound:LeechEnergy"],"picked":"Slimebound:SplitBruiser","floor":12},{"not_picked":["Slimebound:SplitMire","Slimebound:HungryTackle+1"],"picked":"Slimebound:SlimeSlap+1","floor":15},{"not_picked":["Slimebound:Overexert","Slimebound:OozeBath"],"picked":"Slimebound:MassRepurpose","floor":16}],"player_experience":1473666,"relics_obtained":[{"floor":7,"key":"Kunai"},{"floor":8,"key":"Calipers"},{"floor":9,"key":"Blood Vial"}],"event_choices":[{"damage_healed":0,"gold_gain":0,"player_choice":"Relic","damage_taken":0,"max_hp_gain":0,"max_hp_loss":0,"event_name":"Wheel of Change","floor":9,"gold_loss":0},{"damage_healed":15,"gold_gain":0,"player_choice":"Healed and dodged fight","damage_taken":0,"max_hp_gain":0,"max_hp_loss":0,"event_name":"Mushrooms","floor":14,"gold_loss":0,"cards_obtained":["Parasite"]}],"is_beta":false,"boss_relics":[{"not_picked":["Philosopher\u0027s Stone","DemoMod:WaxWing"],"picked":"Sozu"}],"items_purged_floors":[],"is_endless":false,"potions_floor_spawned":[2,8],"ascension_level":0}}