{"host":"x3lqeik2a5qeoft8","time":1609722743,"event":{"mods":["AchievementEnabler","BaseMod","Minty Spire (QoL Compilation)","SuperFastMode"],"gold_per_floor":[144,189,139,184,149,194,239,14,14,59,159,159,204,294,294,594,594,639,189,234,279,16,106,151,250,325,325,325,325,325],"floor_reached":29,"playtime":1222,"items_purged":["Strike_G","Strike_B","Defend_R"],"score":292,"play_id":"8d883232-a89c-4c1e-b65b-b47262a0bda0","local_time":"20210104021223","daily_mods":["Chimera","Diverse","Midas"],"is_ascension_mode":false,"campfire_choices":[{"floor":12.0,"key":"REST"},{"floor":15.0,"key":"REST"}],"circlet_count":0,"master_deck":["Bash+1","Survivor","Zap","Eruption","Defend_G","EmptyFist","Flying Knee","CutThroughFate","Iron Wave","Consecrate+1","Rage+1","Sunder","Choke+1","LessonLearned","Coolheaded+1","Footwork","Mayhem","Sweeping Beam","Fusion+1","Vengeance+1"],"relics":["Cracked Core","Strawberry","Toxic Egg 2","Happy Flower","Black Star","Membership Card","Blood Vial","Orichalcum","Singing Bowl","Toolbox","Oddly Smooth Stone","Thread and Needle","Dream Catcher","CeramicFish","Darkstone Periapt"],"acts_visited":["Exordium","TheCity"],"potions_floor_usage":[23,23,23,24],"damage_taken":[{"damage":4.0,"enemies":"Cultist","floor":1.0,"turns":3.0},{"damage":2.0,"enemies":"Small Slimes","floor":2.0,"turns":3.0},{"damage":9.0,"enemies":"2 Louse","floor":4.0,"turns":3.0},{"damage":2.0,"enemies":"2 Fungi Beasts","floor":6.0,"turns":3.0},{"damage":7.0,"enemies":"Blue Slaver","floor":7.0,"turns":3.0},{"damage":0.0,"enemies":"Red Slaver","floor":10.0,"turns":3.0},{"damage":6.0,"enemies":"3 Louse","floor":13.0,"turns":3.0},{"damage":2.0,"enemies":"Gremlin Nob","floor":14.0,"turns":4.0},{"damage":31.0,"enemies":"The Guardian","floor":16.0,"turns":8.0},{"damage":7.0,"enemies":"Spheric Guardian","floor":18.0,"turns":5.0},{"damage":21,"enemies":"2 Thieves","floor":20,"turns":4},{"damage":4,"enemies":"Snecko","floor":21,"turns":4},{"damage":31,"enemies":"Slavers","floor":23,"turns":6},{"damage":1,"enemies":"Cultist and Chosen","floor":24,"turns":6},{"damage":21,"enemies":"Book of Stabbing","floor":25,"turns":6},{"damage":53,"enemies":"Slavers","floor":29,"turns":3}],"seed_played":"-6631355389535803282","potions_obtained":[{"floor":6.0,"key":"Energy Potion"},{"floor":7.0,"key":"BlessingOfTheForge"},{"floor":16.0,"key":"EssenceOfSteel"},{"floor":20,"key":"EssenceOfSteel"},{"floor":21,"key":"LiquidMemories"},{"floor":23,"key":"Block Potion"}],"is_trial":false,"path_per_floor":["M","M","?","M","?","M","M","$","T","M","?","R","M","E","R","B",null,"M","$","M","M","$","E","M","E","T","?","?","E"],"character_chosen":"DEFECT","items_purchased":["Strawberry","Membership Card","Blood Vial","Orichalcum","Footwork","Mayhem","Singing Bowl","Toolbox"],"campfire_rested":2,"item_purchase_floors":[8,19,19,19,19,19,22,22],"current_hp_per_floor":[71,69,69,60,60,58,51,58,58,58,58,82,76,74,82,51,82,75,75,56,54,54,27,30,11,11,11,39,0,0],"gold":325,"neow_bonus":"","is_daily":true,"chose_seed":false,"campfire_upgraded":0,"win_rate":0.0,"timestamp":1609722743,"path_taken":["M","M","?","M","?","M","M","$","T","M","?","R","M","E","R","BOSS","M","$","M","?","$","E","M","E","T","?","?","E"],"items_purchased_type":["Relic","Relic","Relic","Relic","Card","Card","Relic","Relic"],"build_version":"2020-12-22","purchased_purges":3,"victory":false,"max_hp_per_floor":[75,75,75,75,75,75,75,82,82,82,82,82,82,82,82,82,82,82,82,82,82,82,84,86,86,86,86,86,86,86],"card_choices":[{"not_picked":["Halt","Feel No Pain"],"picked":"EmptyFist","floor":1.0},{"not_picked":["Cloak And Dagger","Disarm"],"picked":"Flying Knee","floor":2.0},{"not_picked":["Rupture","PathToVictory"],"picked":"CutThroughFate","floor":4.0},{"not_picked":["Dagger Throw","Acrobatics"],"picked":"Iron Wave","floor":6.0},{"not_picked":["Steam","Evaluate"],"picked":"Consecrate","floor":7.0},{"not_picked":["Poisoned Stab","Go for the Eyes"],"picked":"Rage+1","floor":10.0},{"not_picked":["Prepared+1","CutThroughFate"],"picked":"Sunder","floor":13.0},{"not_picked":["FlurryOfBlows","Multi-Cast+1"],"picked":"Choke","floor":14.0},{"not_picked":["All For One","Double Tap+1"],"picked":"LessonLearned","floor":16.0},{"not_picked":["Rupture","Metallicize"],"picked":"Coolheaded+1","floor":18.0},{"not_picked":["Pray+1","Cleave"],"picked":"Sweeping Beam","floor":20},{"not_picked":["Capacitor+1","Steam Power+1"],"picked":"Fusion+1","floor":21},{"not_picked":["Glass Knife","MentalFortress","Sweeping Beam+1"],"picked":"Singing Bowl","floor":23},{"not_picked":["Deflect+1","Metallicize","Halt+1"],"picked":"Singing Bowl","floor":24},{"not_picked":["Blood for Blood","EmptyFist"],"picked":"Vengeance+1","floor":25}],"player_experience":106971,"relics_obtained":[{"floor":9.0,"key":"Toxic Egg 2"},{"floor":14.0,"key":"Happy Flower"},{"floor":23,"key":"Oddly Smooth Stone"},{"floor":23,"key":"Thread and Needle"},{"floor":25,"key":"Dream Catcher"},{"floor":25,"key":"CeramicFish"},{"floor":26,"key":"Darkstone Periapt"}],"event_choices":[{"cards_removed":["Strike_R"],"damage_healed":0.0,"max_hp_gain":0.0,"max_hp_loss":0.0,"gold_gain":0.0,"event_name":"The Cleric","player_choice":"Card Removal","floor":3.0,"gold_loss":50.0,"damage_taken":0.0},{"damage_healed":0.0,"max_hp_gain":0.0,"max_hp_loss":0.0,"gold_gain":0.0,"event_name":"World of Goop","player_choice":"Left Gold","floor":5.0,"gold_loss":35.0,"damage_taken":0.0},{"damage_healed":0.0,"max_hp_gain":0.0,"max_hp_loss":0.0,"gold_gain":100.0,"event_name":"Golden Shrine","player_choice":"Pray","floor":11.0,"gold_loss":0.0,"damage_taken":0.0},{"cards_removed":["Defend_P"],"damage_healed":0,"gold_gain":0,"player_choice":"Elegance","damage_taken":0,"max_hp_gain":0,"max_hp_loss":0,"event_name":"Back to Basics","floor":27,"gold_loss":0},{"damage_healed":28,"gold_gain":0,"player_choice":"Heal","damage_taken":0,"max_hp_gain":0,"max_hp_loss":0,"event_name":"The Library","floor":28,"gold_loss":0}],"is_beta":false,"boss_relics":[{"not_picked":["Cursed Key","Inserter"],"picked":"Black Star"}],"items_purged_floors":[8,19,22],"is_endless":false,"potions_floor_spawned":[6,7,16,20,21,23],"killed_by":"Slavers","ascension_level":0}}