{"host":"vmugobr08l5sawtn","time":1609796043,"event":{"mods":["BaseMod","Colored Map","Colored Powertips","Minty Spire (QoL Compilation)"],"gold_per_floor":[114,128,128,53,53,53,80,98,98,116,128,148,148,174,174,278,278,293,306,306,160,160,187,187,198,198,4,4,24,24,24,24,120,120,133,133,133,133],"floor_reached":37,"playtime":1795,"items_purged":["Strike_G","Writhe","Pain"],"score":561,"play_id":"ce0377fd-5578-4d0f-8815-4fc1097e2a64","local_time":"20210104223403","is_ascension_mode":true,"campfire_choices":[{"data":"Dagger Spray","floor":6,"key":"SMITH"},{"data":"Noxious Fumes","floor":13,"key":"SMITH"},{"data":"Bouncing Flask","floor":15,"key":"SMITH"},{"data":"Acrobatics","floor":24,"key":"SMITH"},{"data":"Footwork","floor":28,"key":"SMITH"},{"floor":32,"key":"REST"}],"circlet_count":0,"master_deck":["Strike_G","Strike_G","Defend_G","Defend_G","Defend_G","Defend_G","Defend_G","Survivor+1","Neutralize","Dagger Spray+1","Crippling Poison","Acrobatics+1","Noxious Fumes+1","Bouncing Flask+1","Adrenaline","Prepared+1","Prepared+1","PiercingWail","Footwork+1","Blur","Adrenaline","CurseOfTheBell","Noxious Fumes+1","Decay"],"relics":["Velvet Choker","Mango","Matryoshka","Blood Vial","Art of War","Cursed Key","Boot","Dream Catcher","StrikeDummy","Question Card","Calling Bell","Anchor","The Courier","Torii","Bottled Lightning"],"acts_visited":["Exordium","TheCity","TheBeyond"],"potions_floor_usage":[7,18,23,33,37],"damage_taken":[{"damage":0,"enemies":"Cultist","floor":1,"turns":5},{"damage":0,"enemies":"Small Slimes","floor":2,"turns":4},{"damage":23,"enemies":"Lagavulin","floor":7,"turns":9},{"damage":0,"enemies":"Jaw Worm","floor":8,"turns":4},{"damage":3,"enemies":"Looter","floor":10,"turns":5},{"damage":0,"enemies":"Large Slime","floor":11,"turns":6},{"damage":3,"enemies":"2 Fungi Beasts","floor":12,"turns":3},{"damage":3,"enemies":"The Guardian","floor":16,"turns":8},{"damage":0,"enemies":"3 Byrds","floor":18,"turns":4},{"damage":0,"enemies":"Spheric Guardian","floor":19,"turns":3},{"damage":28,"enemies":"Book of Stabbing","floor":23,"turns":6},{"damage":17,"enemies":"3 Cultists","floor":25,"turns":5},{"damage":10,"enemies":"Sentry and Sphere","floor":29,"turns":4},{"damage":25,"enemies":"Collector","floor":33,"turns":8},{"damage":11,"enemies":"Orb Walker","floor":35,"turns":5},{"damage":73,"enemies":"2 Orb Walkers","floor":37,"turns":6}],"seed_played":"7273820552692161081","potions_obtained":[{"floor":1,"key":"SkillPotion"},{"floor":7,"key":"Block Potion"},{"floor":16,"key":"BlessingOfTheForge"},{"floor":18,"key":"Poison Potion"},{"floor":35,"key":"Swift Potion"}],"is_trial":false,"path_per_floor":["M","M","?","$","?","R","E","M","T","M","M","M","R","T","R","B",null,"M","M","?","$","?","E","R","M","T","$","R","M","?","$","R","B",null,"M","T","?"],"character_chosen":"THE_SILENT","items_purchased":["PiercingWail","Footwork"],"campfire_rested":1,"item_purchase_floors":[21,27],"current_hp_per_floor":[63,63,63,63,56,56,47,47,47,44,44,41,41,41,41,40,73,75,77,77,77,77,51,51,36,36,36,36,28,28,28,53,30,71,62,62,0,0],"gold":133,"neow_bonus":"BOSS_RELIC","is_daily":false,"chose_seed":false,"campfire_upgraded":5,"win_rate":0.0,"timestamp":1609796043,"path_taken":["M","?","?","?","?","R","E","M","T","M","M","M","R","?","R","BOSS","M","M","?","$","?","E","R","M","T","$","R","M","?","$","R","BOSS","M","?","?"],"items_purchased_type":["Card","Card"],"build_version":"2020-12-22","purchased_purges":3,"victory":false,"max_hp_per_floor":[70,70,70,70,70,70,84,84,84,84,84,84,84,84,84,84,84,84,84,84,84,84,84,84,84,84,84,84,84,84,84,84,84,84,84,84,84,84],"card_choices":[{"not_picked":["Expertise","Cloak And Dagger","Deflect"],"picked":"SKIP","floor":1},{"not_picked":["Calculated Gamble","Deflect","Flying Knee"],"picked":"SKIP","floor":2},{"not_picked":["Leg Sweep","Bane"],"picked":"Crippling Poison","floor":7},{"not_picked":["Backflip","Dagger Spray"],"picked":"Acrobatics","floor":8},{"not_picked":["All Out Attack","Masterful Stab","Underhanded Strike"],"picked":"SKIP","floor":10},{"not_picked":["Poisoned Stab","Underhanded Strike"],"picked":"Noxious Fumes","floor":11},{"not_picked":["Accuracy","Blade Dance"],"picked":"Bouncing Flask","floor":12},{"not_picked":["A Thousand Cuts","Phantasmal Killer"],"picked":"Adrenaline","floor":16},{"not_picked":["Dodge and Roll","Riddle With Holes+1"],"picked":"Prepared+1","floor":18},{"not_picked":["Bane","Endless Agony"],"picked":"Prepared+1","floor":19},{"not_picked":["Calculated Gamble+1","Escape Plan","Slice"],"picked":"SKIP","floor":23},{"not_picked":["Terror+1","PiercingWail","Prepared"],"picked":"SKIP","floor":25},{"not_picked":["Slice+1","Heel Hook","Wraith Form v2","Eviscerate"],"picked":"SKIP","floor":29},{"not_picked":["Terror","Dagger Throw+1","Backflip"],"picked":"Blur","floor":32},{"not_picked":["After Image","Phantasmal Killer","Storm of Steel"],"picked":"Adrenaline","floor":33},{"not_picked":["Dash","Underhanded Strike+1","Reflex+1"],"picked":"Noxious Fumes+1","floor":35}],"player_experience":367615,"relics_obtained":[{"floor":7,"key":"Mango"},{"floor":9,"key":"Matryoshka"},{"floor":14,"key":"Blood Vial"},{"floor":14,"key":"Art of War"},{"floor":23,"key":"Dream Catcher"},{"floor":26,"key":"StrikeDummy"},{"floor":26,"key":"Question Card"},{"floor":34,"key":"Anchor"},{"floor":34,"key":"The Courier"},{"floor":34,"key":"Torii"},{"floor":36,"key":"Bottled Lightning"}],"event_choices":[{"damage_healed":0,"gold_gain":0,"cards_transformed":["Strike_G"],"player_choice":"Transformed","damage_taken":0,"max_hp_gain":0,"max_hp_loss":0,"event_name":"Transmorgrifier","floor":3,"gold_loss":0,"cards_obtained":["Dagger Spray"]},{"cards_removed":["Strike_G"],"damage_healed":0,"gold_gain":0,"player_choice":"Card Removal","damage_taken":7,"max_hp_gain":0,"max_hp_loss":0,"event_name":"Golden Wing","floor":5,"gold_loss":0},{"damage_healed":0,"gold_gain":0,"player_choice":"Opened","damage_taken":0,"relics_obtained":["Boot"],"max_hp_gain":0,"max_hp_loss":0,"event_name":"The Mausoleum","floor":20,"gold_loss":0,"cards_obtained":["Writhe"]},{"damage_healed":0,"gold_gain":0,"player_choice":"Ignored","damage_taken":0,"max_hp_gain":0,"max_hp_loss":0,"event_name":"Vampires","floor":22,"gold_loss":0},{"damage_healed":0,"gold_gain":0,"player_choice":"Upgraded","damage_taken":0,"max_hp_gain":0,"max_hp_loss":0,"event_name":"Upgrade Shrine","floor":30,"gold_loss":0,"cards_upgraded":["Survivor"]},{"damage_healed":0,"gold_gain":0,"player_choice":"Fight","damage_taken":0,"max_hp_gain":0,"max_hp_loss":0,"event_name":"Mysterious Sphere","floor":37,"gold_loss":0}],"is_beta":false,"boss_relics":[{"not_picked":["Sozu","Coffee Dripper"],"picked":"Cursed Key"},{"not_picked":["Fusion Hammer","Snecko Eye"],"picked":"Calling Bell"}],"items_purged_floors":[4,21,27],"is_endless":false,"potions_floor_spawned":[1,7,16,18,35],"killed_by":"2 Orb Walkers","ascension_level":9}}