{"host":"g01l53quoe6lrer0","time":1609780934,"event":{"mods":["2.2 Compatiblity","AchievementEnabler","BaseMod","Colored Map","Highlight Path","Keyboard Shortcuts","Minty Spire (QoL Compilation)","Permanent Neow","Quick Restart","StSLib","SuperFastMode","everything is the same but u backflip on backflip"],"gold_per_floor":[119,44,59,77,152,152,176,176,176,187,258,258,278,295,295,392,392,403,318,330,342,194,223,223,247,247,247,247,262,281,311,311,411,411,426,437,437,387,400,410,410,443,443,462,462,492,492,523,523,523,523,523,174,203,203],"floor_reached":56,"playtime":1672,"items_purged":["Strike_P","Strike_P","Defend_P","Strike_P"],"score":1552,"play_id":"3fed148e-7f25-48cf-b223-58781a660054","local_time":"20210105022214","is_ascension_mode":false,"campfire_choices":[{"data":"Eruption","floor":6.0,"key":"SMITH"},{"data":"Adaptation","floor":8.0,"key":"SMITH"},{"data":"FearNoEvil","floor":12.0,"key":"SMITH"},{"floor":15.0,"key":"RECALL"},{"data":"1","floor":24.0,"key":"LIFT"},{"data":"2","floor":28.0,"key":"LIFT"},{"data":"3","floor":32.0,"key":"LIFT"},{"data":"Scrawl","floor":41.0,"key":"SMITH"},{"floor":45.0,"key":"REST"},{"floor":49.0,"key":"REST"},{"data":"LikeWater","floor":52.0,"key":"SMITH"}],"circlet_count":0,"master_deck":["Defend_P","Eruption+1","Vigilance","FearNoEvil+1","Adaptation+1","Scrawl+1","LikeWater+1","Adaptation+1"],"relics":["PureWater","Art of War","Bottled Flame","Pear","Runic Pyramid","Vajra","Girya","Smiling Mask","Torii","Pocketwatch","SacredBark","Strawberry","Omamori","Mercury Hourglass","Lantern","DollysMirror","Mummified Hand"],"acts_visited":["Exordium","TheCity","TheBeyond","TheEnding"],"potions_floor_usage":[55],"damage_taken":[{"damage":1.0,"enemies":"Cultist","floor":1.0,"turns":3.0},{"damage":11.0,"enemies":"Jaw Worm","floor":3.0,"turns":2.0},{"damage":0.0,"enemies":"Small Slimes","floor":4.0,"turns":2.0},{"damage":3.0,"enemies":"Exordium Wildlife","floor":10.0,"turns":4.0},{"damage":0.0,"enemies":"3 Sentries","floor":11.0,"turns":3.0},{"damage":0.0,"enemies":"3 Louse","floor":13.0,"turns":1.0},{"damage":0.0,"enemies":"Large Slime","floor":14.0,"turns":2.0},{"damage":0.0,"enemies":"Slime Boss","floor":16.0,"turns":5.0},{"damage":0.0,"enemies":"3 Byrds","floor":18.0,"turns":2.0},{"damage":0.0,"enemies":"Shell Parasite","floor":20.0,"turns":1.0},{"damage":0.0,"enemies":"Cultist and Chosen","floor":21.0,"turns":3.0},{"damage":0.0,"enemies":"Book of Stabbing","floor":23.0,"turns":1.0},{"damage":0.0,"enemies":"3 Cultists","floor":29.0,"turns":2.0},{"damage":0.0,"enemies":"Snake Plant","floor":30.0,"turns":2.0},{"damage":0.0,"enemies":"Gremlin Leader","floor":31.0,"turns":3.0},{"damage":7.0,"enemies":"Champ","floor":33.0,"turns":2.0},{"damage":7.0,"enemies":"3 Shapes","floor":35.0,"turns":2.0},{"damage":1.0,"enemies":"3 Darklings","floor":36.0,"turns":2.0},{"damage":20.0,"enemies":"Writhing Mass","floor":39.0,"turns":2.0},{"damage":1.0,"enemies":"4 Shapes","floor":40.0,"turns":3.0},{"damage":0.0,"enemies":"Reptomancer","floor":42.0,"turns":2.0},{"damage":0.0,"enemies":"Transient","floor":44.0,"turns":2.0},{"damage":6.0,"enemies":"Nemesis","floor":46.0,"turns":3.0},{"damage":0.0,"enemies":"Giant Head","floor":48.0,"turns":1.0},{"damage":0.0,"enemies":"Awakened One","floor":50.0,"turns":2.0},{"damage":0.0,"enemies":"Shield and Spear","floor":54.0,"turns":1.0},{"damage":75,"enemies":"The Heart","floor":55,"turns":4}],"seed_played":"2796206732386999114","potions_obtained":[{"floor":1.0,"key":"ColorlessPotion"},{"floor":3.0,"key":"Explosive Potion"},{"floor":11.0,"key":"StancePotion"},{"floor":16.0,"key":"Block Potion"},{"floor":36.0,"key":"GamblersBrew"}],"is_trial":false,"path_per_floor":["M","$","M","M","?","R","T","R","T","M","E","R","M","M","R","B",null,"M","?","M","M","$","E","R","T","T","?","R","M","M","E","R","B",null,"M","M","?","$","M","M","R","E","T","M","R","E","?","E","R","B",null,"R","$","E","B",null],"character_chosen":"WATCHER","items_purchased":["Swift Potion","Lantern","DollysMirror"],"campfire_rested":2,"item_purchase_floors":[22,53,53],"current_hp_per_floor":[64,64,53,53,42,42,42,42,42,39,49,49,49,49,49,49,75,75,75,75,75,75,75,75,75,75,61,61,61,61,61,61,54,80,73,72,72,72,52,51,51,58,58,58,84,78,78,78,87,87,87,87,87,87,12],"gold":203,"neow_bonus":"REMOVE_TWO","is_daily":false,"chose_seed":false,"campfire_upgraded":5,"win_rate":0.0,"timestamp":1609780934,"path_taken":["M","$","?","M","?","R","?","R","T","?","E","R","M","M","R","BOSS","M","?","M","M","$","E","R","?","T","?","R","?","M","E","R","BOSS","M","M","?","$","M","M","R","E","T","?","R","E","?","E","R","BOSS","R","$","E","BOSS"],"items_purchased_type":["Potion","Relic","Relic"],"build_version":"2020-12-22","purchased_purges":4,"victory":true,"max_hp_per_floor":[65,65,65,65,65,65,65,65,65,65,75,75,75,75,75,75,75,75,75,75,75,75,75,75,75,75,80,80,80,80,80,80,80,80,80,80,80,80,80,80,80,87,87,87,87,87,87,87,87,87,87,87,87,87,87],"card_choices":[{"not_picked":["EmptyBody","CutThroughFate"],"picked":"FearNoEvil","floor":1.0},{"not_picked":["Weave","FollowUp","FlurryOfBlows"],"picked":"SKIP","floor":3.0},{"not_picked":["SashWhip","Indignation"],"picked":"Adaptation","floor":4.0},{"not_picked":["SashWhip","TalkToTheHand","EmptyFist"],"picked":"SKIP","floor":10.0},{"not_picked":["Meditate","SashWhip","Protect"],"picked":"SKIP","floor":11.0},{"not_picked":["ClearTheMind","SashWhip","Prostrate"],"picked":"SKIP","floor":13.0},{"not_picked":["Crescendo","Nirvana","LikeWater"],"picked":"SKIP","floor":14.0},{"not_picked":["Brilliance","Omniscience"],"picked":"Scrawl","floor":16.0},{"not_picked":["Consecrate","FlyingSleeves+1","Tantrum+1"],"picked":"SKIP","floor":18.0},{"not_picked":["SashWhip","Crescendo","ThirdEye+1"],"picked":"SKIP","floor":20.0},{"not_picked":["SandsOfTime","ThirdEye","Protect"],"picked":"SKIP","floor":21.0},{"not_picked":["FlyingSleeves+1","Wireheading","FollowUp+1"],"picked":"SKIP","floor":23.0},{"not_picked":["FlyingSleeves+1","Wireheading","FollowUp+1"],"picked":"SKIP","floor":23.0},{"not_picked":["FollowUp","InnerPeace+1","WaveOfTheHand"],"picked":"SKIP","floor":29.0},{"not_picked":["Protect+1","Crescendo","Wallop"],"picked":"SKIP","floor":30.0},{"not_picked":["Swivel+1","Halt+1","FollowUp+1"],"picked":"SKIP","floor":31.0},{"not_picked":["SignatureMove+1","ThirdEye","WheelKick"],"picked":"SKIP","floor":35.0},{"not_picked":["CrushJoints","Consecrate+1","Protect"],"picked":"SKIP","floor":36.0},{"not_picked":["Pray+1","PathToVictory+1","ThirdEye+1"],"picked":"SKIP","floor":39.0},{"not_picked":["LikeWater+1","TalkToTheHand","Crescendo+1"],"picked":"SKIP","floor":40.0},{"not_picked":["Crescendo","JustLucky","CarveReality"],"picked":"SKIP","floor":42.0},{"not_picked":["Indignation","EmptyFist","Worship+1"],"picked":"SKIP","floor":44.0},{"not_picked":["Consecrate","Adaptation","Study+1"],"picked":"SKIP","floor":46.0},{"not_picked":["Worship","Meditate","PathToVictory"],"picked":"SKIP","floor":48.0},{"not_picked":["Protect+1","PathToVictory","EmptyFist+1"],"picked":"SKIP","floor":54.0}],"player_experience":57603,"relics_obtained":[{"floor":7.0,"key":"Art of War"},{"floor":9.0,"key":"Bottled Flame"},{"floor":11.0,"key":"Pear"},{"floor":23.0,"key":"Girya"},{"floor":25.0,"key":"Smiling Mask"},{"floor":26.0,"key":"Torii"},{"floor":31.0,"key":"Pocketwatch"},{"floor":42.0,"key":"Strawberry"},{"floor":46.0,"key":"Omamori"},{"floor":48.0,"key":"Mercury Hourglass"},{"floor":54.0,"key":"Mummified Hand"}],"event_choices":[{"damage_healed":0.0,"max_hp_gain":0.0,"max_hp_loss":0.0,"gold_gain":75.0,"event_name":"World of Goop","player_choice":"Gather Gold","floor":5.0,"gold_loss":0.0,"damage_taken":11.0},{"damage_healed":0.0,"max_hp_gain":0.0,"max_hp_loss":0.0,"gold_gain":0.0,"event_name":"Addict","player_choice":"Obtained Relic","floor":19.0,"gold_loss":85.0,"damage_taken":0.0,"relics_obtained":["Vajra"]},{"damage_healed":0.0,"max_hp_gain":5.0,"max_hp_loss":0.0,"gold_gain":0.0,"event_name":"Forgotten Altar","player_choice":"Shed Blood","floor":27.0,"gold_loss":0.0,"damage_taken":19.0},{"damage_healed":0.0,"max_hp_gain":0.0,"max_hp_loss":0.0,"gold_gain":0.0,"cards_transformed":["Strike_P"],"event_name":"Transmorgrifier","player_choice":"Transformed","floor":37.0,"gold_loss":0.0,"damage_taken":0.0,"cards_obtained":["LikeWater"]},{"damage_healed":0.0,"max_hp_gain":0.0,"max_hp_loss":0.0,"gold_gain":0.0,"event_name":"Tomb of Lord Red Mask","player_choice":"Ignored","floor":47.0,"gold_loss":0.0,"damage_taken":0.0}],"is_beta":false,"boss_relics":[{"not_picked":["Astrolabe","VioletLotus"],"picked":"Runic Pyramid"},{"not_picked":["Tiny House","Snecko Eye"],"picked":"SacredBark"}],"items_purged_floors":[2,22,38,53],"is_endless":false,"potions_floor_spawned":[1,3,11,16,20,23,31,33,36,40,46],"ascension_level":0}}