{"host":"gsmj583br51y3r1c","time":1609782118,"event":{"mods":["AchievementEnabler","BaseMod","Better Note","Colored Map","Dio Mod","Downfall","Hermit","Highlight Path","Hubris","Infinite Spire","Marisa????????","Minty Spire (QoL Compilation)","Permanent Neow","Quick Restart","StSLib","The Bug Knight","The Cursed","The Disciple","The Elementalist","The Marked","The Mystic","The Runesmith","The Servant 0.9.4","Unceasing Turn Reminder","everything is the same but u backflip on backflip"],"gold_per_floor":[109,63,79,91,103,103,117,131,431,466,496,496,496,509,509,634,634,666,666,666,666,708,708,708,708],"floor_reached":24,"playtime":2137,"items_purged":[],"score":215,"play_id":"b272dfe1-e1b1-4b24-b8c6-f6e634bb9a26","local_time":"20210104194158","is_ascension_mode":false,"campfire_choices":[{"data":"OortCloud","floor":6,"key":"SMITH"},{"data":"MasterSpark","floor":12,"key":"SMITH"},{"data":"AsteroidBelt","floor":15,"key":"SMITH"},{"data":"MachineGunSpark","floor":23,"key":"SMITH"}],"circlet_count":0,"master_deck":["Strike_MRS","Strike_MRS","Strike_MRS","Strike_MRS","Defend_MRS","Defend_MRS","Defend_MRS","Defend_MRS","MasterSpark+1","UpSweep","AsteroidBelt+1","MilkyWay","PulseMagic","OortCloud+1","AsteroidBelt","WitchOfGreed","WitchOfGreed","AsteroidBelt","ManaRampage","MagicAbsorber","Ghostly","Ghostly","Ghostly","Ghostly","Ghostly","MachineGunSpark+1"],"relics":["MiniHakkero","hubris:CuriousFeather","Old Coin","Runic Pyramid"],"acts_visited":["Exordium","TheCity"],"potions_floor_usage":[16,16,18,22,22,24],"damage_taken":[{"damage":1,"enemies":"Cultist","floor":1,"turns":3},{"damage":0,"enemies":"Small Slimes","floor":3,"turns":3},{"damage":0,"enemies":"2 Louse","floor":4,"turns":2},{"damage":0,"enemies":"Blue Slaver","floor":5,"turns":3},{"damage":10,"enemies":"Lots of Slimes","floor":7,"turns":5},{"damage":0,"enemies":"Looter","floor":8,"turns":3},{"damage":0,"enemies":"Large Slime","floor":10,"turns":5},{"damage":0,"enemies":"Blue Slaver","floor":14,"turns":4},{"damage":19,"enemies":"Slime Boss","floor":16,"turns":11},{"damage":15,"enemies":"Chosen","floor":18,"turns":7},{"damage":12,"enemies":"Centurion and Healer","floor":22,"turns":6},{"damage":1,"enemies":"Nightmare","floor":24,"turns":3}],"seed_played":"-8190540619709225164","potions_obtained":[{"floor":3,"key":"Weak Potion"},{"floor":5,"key":"FairyPotion"},{"floor":7,"key":"Swift Potion"},{"floor":10,"key":"Slimebound:ThreeZeroPotion"},{"floor":16,"key":"SkillPotion"},{"floor":16,"key":"Swift Potion"},{"floor":18,"key":"Fire Potion"},{"floor":18,"key":"PowerPotion"},{"floor":22,"key":"AttackPotion"},{"floor":22,"key":"GamblersBrew"}],"is_trial":false,"path_per_floor":["M","$","M","M","M","R","M","M","T","M","?","R","?","M","R","B",null,"M","?","?","?","M","R","NM"],"character_chosen":"MARISA","items_purchased":["AsteroidBelt"],"campfire_rested":0,"item_purchase_floors":[2],"current_hp_per_floor":[67,67,67,67,67,67,57,57,57,57,57,57,57,57,57,42,68,53,53,34,34,22,22,21,21],"gold":708,"neow_bonus":"ONE_RARE_RELIC","is_daily":false,"chose_seed":false,"campfire_upgraded":4,"win_rate":0.0,"timestamp":1609782118,"path_taken":["M","$","M","?","M","R","M","M","T","M","?","R","?","M","R","BOSS","M","?","?","?","M","R","NM"],"items_purchased_type":["Card"],"build_version":"2020-12-22","purchased_purges":0,"victory":false,"max_hp_per_floor":[68,68,68,68,68,68,68,68,68,68,68,68,68,68,68,68,68,68,68,34,34,34,34,34,34],"card_choices":[{"not_picked":["ChargingUp","DeepEcoloBomb"],"picked":"SuperPerseids","floor":1},{"not_picked":["DarkSpark","ShootingEcho"],"picked":"MilkyWay","floor":3},{"not_picked":["SporeBomb","IllusionStar"],"picked":"PulseMagic","floor":4},{"not_picked":["NonDirectionalLaser","LuminesStrike"],"picked":"OortCloud","floor":5},{"not_picked":["DC","DarkMatter"],"picked":"AsteroidBelt","floor":7},{"not_picked":["DarkMatter","AsteroidBelt"],"picked":"WitchOfGreed","floor":8},{"not_picked":["MilkyWay","IllusionStar"],"picked":"WitchOfGreed","floor":10},{"not_picked":["WitchLeyline","LuminesStrike"],"picked":"AsteroidBelt","floor":14},{"not_picked":["BlazingStar","BinaryStars"],"picked":"ManaRampage","floor":16},{"not_picked":["GrandCross","DoubleSpark"],"picked":"MagicAbsorber","floor":18},{"not_picked":["DoubleSpark+1","MilkyWay"],"picked":"MachineGunSpark","floor":22}],"player_experience":317707,"relics_obtained":[{"floor":9,"key":"Old Coin"}],"event_choices":[{"damage_healed":0,"gold_gain":30,"player_choice":"Searched \u00271\u0027 times","damage_taken":0,"max_hp_gain":0,"max_hp_loss":0,"event_name":"Dead Adventurer","floor":11,"gold_loss":0},{"damage_healed":0,"gold_gain":30,"player_choice":"Searched \u00271\u0027 times","damage_taken":0,"max_hp_gain":0,"max_hp_loss":0,"event_name":"Dead Adventurer","floor":11,"gold_loss":0},{"cards_removed":["AsteroidBelt"],"damage_healed":0,"gold_gain":0,"player_choice":"Give","damage_taken":0,"max_hp_gain":0,"max_hp_loss":0,"event_name":"betterNote:BetterNote","floor":19,"gold_loss":0,"cards_obtained":["OpenUniverse"]},{"damage_healed":0,"gold_gain":0,"player_choice":"Became a Ghost","damage_taken":0,"max_hp_gain":0,"max_hp_loss":34,"event_name":"Ghosts","floor":20,"gold_loss":0,"cards_obtained":["Ghostly","Ghostly","Ghostly","Ghostly","Ghostly"]},{"cards_removed":["SuperPerseids"],"damage_healed":0,"gold_gain":0,"player_choice":"Purged","damage_taken":0,"max_hp_gain":0,"max_hp_loss":0,"event_name":"Purifier","floor":21,"gold_loss":0}],"is_beta":false,"boss_relics":[{"not_picked":["hubris:CrackedHourglass","Velvet Choker"],"picked":"Runic Pyramid"}],"items_purged_floors":[],"is_endless":false,"potions_floor_spawned":[3,5,7,10,18],"killed_by":"Nightmare","ascension_level":0}}