{"host":"91blwi3hgehj6ch9","time":1609787939,"event":{"mods":["2.2 Compatiblity","AchievementEnabler","BaseMod","Colored Map","DeckTracker","Keyboard Shortcuts","Minty Spire (QoL Compilation)","Permanent Neow","Quick Restart","StSLib","SuperFastMode"],"gold_per_floor":[112,37,37,37,51,51,68,18,18,18,32,48,66,78,78,78,78],"floor_reached":16,"playtime":575,"items_purged":["Strike_G"],"score":136,"play_id":"a5118b84-71e7-4e87-b682-a521b9543b50","local_time":"20210105041859","is_ascension_mode":true,"campfire_choices":[{"data":"Terror","floor":6,"key":"SMITH"},{"data":"Backflip","floor":15,"key":"SMITH"}],"circlet_count":0,"master_deck":["Strike_G","Strike_G","Defend_G+1","Defend_G+1","Defend_G","Survivor","Neutralize","Terror+1","Calculated Gamble","Well Laid Plans+1","Deadly Poison","Blur","Backflip+1"],"relics":["Ring of the Snake","StrikeDummy"],"acts_visited":["Exordium"],"potions_floor_usage":[16],"damage_taken":[{"damage":0,"enemies":"2 Louse","floor":1,"turns":4},{"damage":0,"enemies":"Small Slimes","floor":5,"turns":3},{"damage":6,"enemies":"Cultist","floor":7,"turns":3},{"damage":2,"enemies":"Lots of Slimes","floor":11,"turns":7},{"damage":7,"enemies":"2 Fungi Beasts","floor":12,"turns":4},{"damage":4,"enemies":"Large Slime","floor":13,"turns":5},{"damage":2,"enemies":"Exordium Wildlife","floor":14,"turns":7},{"damage":21,"enemies":"Slime Boss","floor":16,"turns":12}],"seed_played":"4437637880249590573","potions_obtained":[{"floor":1,"key":"DuplicationPotion"},{"floor":14,"key":"CunningPotion"}],"is_trial":false,"path_per_floor":["M","$","?","?","M","R","M","?","T","?","M","M","M","M","R","B"],"character_chosen":"THE_SILENT","items_purchased":[],"campfire_rested":0,"item_purchase_floors":[],"current_hp_per_floor":[63,63,63,50,50,50,44,44,44,44,42,35,31,29,29,8,8],"gold":78,"neow_bonus":"REMOVE_TWO","is_daily":false,"chose_seed":false,"campfire_upgraded":2,"win_rate":0.0,"timestamp":1609787939,"path_taken":["M","$","?","?","M","R","M","?","T","?","M","?","M","?","R","BOSS"],"items_purchased_type":[],"build_version":"2020-12-22","purchased_purges":1,"victory":false,"max_hp_per_floor":[63,63,63,63,63,63,63,63,63,63,63,63,63,63,63,63,63],"card_choices":[{"not_picked":["Expertise","Sucker Punch"],"picked":"Terror","floor":1},{"not_picked":["Deflect","Outmaneuver"],"picked":"Calculated Gamble","floor":5},{"not_picked":["Slice","Poisoned Stab"],"picked":"Well Laid Plans","floor":7},{"not_picked":["Blade Dance","Calculated Gamble"],"picked":"Deadly Poison","floor":11},{"not_picked":["Calculated Gamble","Well Laid Plans","Masterful Stab"],"picked":"SKIP","floor":12},{"not_picked":["Bane","Dodge and Roll"],"picked":"Blur","floor":13},{"not_picked":["Eviscerate","Prepared"],"picked":"Backflip","floor":14}],"player_experience":158683,"relics_obtained":[{"floor":9,"key":"StrikeDummy"}],"event_choices":[{"cards_removed":["Defend_G"],"damage_healed":0,"gold_gain":0,"player_choice":"Forget","damage_taken":0,"max_hp_gain":0,"max_hp_loss":0,"event_name":"Living Wall","floor":3,"gold_loss":0},{"damage_healed":0,"gold_gain":0,"player_choice":"Entered Light","damage_taken":13,"max_hp_gain":0,"max_hp_loss":0,"event_name":"Shining Light","floor":4,"gold_loss":0,"cards_upgraded":["Defend_G","Defend_G"]},{"cards_removed":["Strike_G"],"damage_healed":0,"gold_gain":0,"player_choice":"Card Removal","damage_taken":0,"max_hp_gain":0,"max_hp_loss":0,"event_name":"The Cleric","floor":8,"gold_loss":50},{"damage_healed":0,"gold_gain":0,"player_choice":"Upgraded","damage_taken":0,"max_hp_gain":0,"max_hp_loss":0,"event_name":"Upgrade Shrine","floor":10,"gold_loss":0,"cards_upgraded":["Well Laid Plans"]}],"is_beta":false,"boss_relics":[],"items_purged_floors":[2],"is_endless":false,"potions_floor_spawned":[1,14],"killed_by":"Slime Boss","ascension_level":9}}