{"host":"ikjt6v4q6zrcj3if","time":1609803718,"event":{"mods":["BaseMod","CapriCore","Colored Map","Downfall","Luminous","Minty Spire (QoL Compilation)","Permanent Neow","Quick Restart","Replay The Spire","Robot Space Explorer","Spicy Shops","StSLib","SuperFastMode","The Exalted","The Marked","TheSwordswoman","WarShipGirlsR/??è≠èóR mod"],"gold_per_floor":[115,40,140,155,175,175,210,222,245,258,258,208,237,187,187,284,284,298,99,116,66,77,410,410,424,424,457,472,226,226,243,243,338,338,354,371,371,391,404,436,436,436,461,45,78,88,118,135,135,135],"floor_reached":51,"playtime":3557,"items_purged":["RobotSpaceExplorer:Defend","RobotSpaceExplorer:Strike","RobotSpaceExplorer:Defend","RobotSpaceExplorer:Strike","RobotSpaceExplorer:Defend","RobotSpaceExplorer:Defend","RobotSpaceExplorer:ScrapMissile"],"score":989,"play_id":"24974a55-84d2-4fa9-bde7-c81deb3d3c65","local_time":"20210105084158","is_ascension_mode":false,"campfire_choices":[{"data":"RobotSpaceExplorer:ScrapShield","floor":6,"key":"SMITH"},{"data":"RobotSpaceExplorer:MiniBoosters","floor":11,"key":"SMITH"},{"data":"RobotSpaceExplorer:MiniLasers","floor":15,"key":"SMITH"},{"data":"RobotSpaceExplorer:ScrapToss","floor":24,"key":"SMITH"},{"data":"RobotSpaceExplorer:Scan","floor":30,"key":"SMITH"},{"data":"RobotSpaceExplorer:Probe","floor":32,"key":"SMITH"},{"data":"RobotSpaceExplorer:MiniBoosters","floor":41,"key":"SMITH"},{"floor":49,"key":"REST"}],"circlet_count":0,"master_deck":["RobotSpaceExplorer:Scan+1","RobotSpaceExplorer:MiniLasers+1","RobotSpaceExplorer:ScrapToss+1","RobotSpaceExplorer:ScrapShield+1","RobotSpaceExplorer:MiniBoosters+1","RobotSpaceExplorer:DroneSwarm","CurseOfTheBell","RobotSpaceExplorer:IronShell+1","RobotSpaceExplorer:Counterblock+1","RobotSpaceExplorer:ScrapToss+1","RobotSpaceExplorer:ScrapMissile+1","RobotSpaceExplorer:Probe+1","RobotSpaceExplorer:DroneSwarm+1","RobotSpaceExplorer:MiniBoosters+1","RobotSpaceExplorer:Ammunition+1","RobotSpaceExplorer:ScrapMissile+1","RobotSpaceExplorer:DualCore+1","RobotSpaceExplorer:ScrapShield+1","RobotSpaceExplorer:ShockMissile+1"],"relics":["RobotSpaceExplorer:RoboCore","Bromod:ArcaneFury","Ancient Tea Set","Smiling Mask","Dream Catcher","Calling Bell","Replay:Mystery Machine","Replay:Ringing Soul","Torii","Medical Kit","Old Coin","Golden Egg","Oddly Smooth Stone","Replay:Wax Seal","HandDrill","Empty Cage","Replay:Baseball","Centennial Puzzle","DollysMirror","Kunai","Blue Doll"],"acts_visited":["Exordium","TheCity","TheBeyond"],"potions_floor_usage":[13,23,25,38,39,40],"damage_taken":[{"damage":0,"enemies":"Small Slimes","floor":1,"turns":3},{"damage":0,"enemies":"Cultist","floor":4,"turns":3},{"damage":0,"enemies":"2 Louse","floor":5,"turns":2},{"damage":10,"enemies":"3 Sentries","floor":7,"turns":6},{"damage":4,"enemies":"Lots of Slimes","floor":8,"turns":4},{"damage":10,"enemies":"Large Slime","floor":10,"turns":9},{"damage":0,"enemies":"Gremlin Nob","floor":13,"turns":3},{"damage":15,"enemies":"Slime Boss","floor":16,"turns":10},{"damage":12,"enemies":"2 Thieves","floor":18,"turns":5},{"damage":11,"enemies":"Spheric Guardian","floor":20,"turns":4},{"damage":13,"enemies":"Chosen and Byrds","floor":22,"turns":9},{"damage":11,"enemies":"Replay:Snechameleon","floor":23,"turns":8},{"damage":0,"enemies":"Shelled Parasite and Fungi","floor":25,"turns":5},{"damage":1,"enemies":"Book of Stabbing","floor":27,"turns":7},{"damage":1,"enemies":"Centurion and Healer","floor":28,"turns":5},{"damage":0,"enemies":"Chosen and Byrds","floor":31,"turns":4},{"damage":0,"enemies":"Automaton","floor":33,"turns":6},{"damage":8,"enemies":"3 Shapes","floor":35,"turns":5},{"damage":10,"enemies":"3 Darklings","floor":36,"turns":3},{"damage":19,"enemies":"4 Shapes","floor":38,"turns":5},{"damage":37,"enemies":"Sphere and 2 Shapes","floor":39,"turns":5},{"damage":20,"enemies":"Reptomancer","floor":40,"turns":4},{"damage":0,"enemies":"R_Hoarder","floor":45,"turns":5},{"damage":1,"enemies":"Writhing Mass","floor":46,"turns":2},{"damage":0,"enemies":"Nemesis","floor":47,"turns":3},{"damage":7,"enemies":"Transient","floor":48,"turns":3},{"damage":32,"enemies":"Awakened One","floor":50,"turns":7}],"seed_played":"-4864794348530695666","potions_obtained":[{"floor":5,"key":"Energy Potion"},{"floor":8,"key":"Elixir"},{"floor":13,"key":"Fruit Juice"},{"floor":18,"key":"Energy Potion"},{"floor":25,"key":"AttackPotion"},{"floor":27,"key":"Ancient Potion"},{"floor":38,"key":"Explosive Potion"},{"floor":39,"key":"champ:CounterPotion"},{"floor":40,"key":"FairyPotion"}],"is_trial":false,"path_per_floor":["M","$","?","M","M","R","E","M","T","M","R","$","E","$","R","B",null,"M","$","M","$","M","E","R","M","T","E","M","$","R","M","R","B",null,"M","M","?","M","M","E","R","?","T","$","E","M","E","M","R","B",null],"character_chosen":"RobotSpaceExplorer","items_purchased":["Medical Kit","Replay:Wax Seal","HandDrill","RobotSpaceExplorer:DualCore","DollysMirror"],"campfire_rested":1,"item_purchase_floors":[19,29,29,44,44],"current_hp_per_floor":[68,68,68,68,68,68,58,54,54,44,44,44,49,49,49,34,73,64,64,56,56,43,35,35,35,35,37,39,39,39,42,42,45,94,89,79,79,60,26,9,9,9,9,12,15,14,14,7,39,7],"gold":135,"neow_bonus":"ONE_RARE_RELIC","is_daily":false,"chose_seed":false,"campfire_upgraded":7,"win_rate":0.0,"timestamp":1609803718,"path_taken":["M","$","?","M","M","R","E","M","T","M","R","?","E","$","R","BOSS","M","?","M","$","M","E","R","M","T","E","M","$","R","M","R","BOSS","M","M","?","?","?","E","R","?","T","$","E","?","E","M","R","BOSS"],"items_purchased_type":["Relic","Relic","Relic","Card","Relic"],"build_version":"2020-12-22","purchased_purges":7,"victory":true,"max_hp_per_floor":[68,68,68,68,68,68,68,68,68,68,68,68,73,73,73,73,73,76,76,79,79,79,82,82,82,82,85,88,88,88,91,91,94,94,97,97,97,97,100,103,103,103,103,106,109,109,109,109,109,109],"card_choices":[{"not_picked":["RobotSpaceExplorer:SlimeMissile","RobotSpaceExplorer:Jetpack"],"picked":"RobotSpaceExplorer:ScrapToss","floor":1},{"not_picked":["RobotSpaceExplorer:SurgingStrike","RobotSpaceExplorer:Jetpack","RobotSpaceExplorer:SurgingShield"],"picked":"SKIP","floor":4},{"not_picked":["RobotSpaceExplorer:LaserBurst","RobotSpaceExplorer:GlueShot"],"picked":"RobotSpaceExplorer:ScrapShield","floor":5},{"not_picked":["RobotSpaceExplorer:PowerCollector","RobotSpaceExplorer:Discharger"],"picked":"RobotSpaceExplorer:ScrapShield","floor":7},{"not_picked":["RobotSpaceExplorer:Ammunition","RobotSpaceExplorer:StunGrenade","RobotSpaceExplorer:RigExplosive"],"picked":"SKIP","floor":8},{"not_picked":["RobotSpaceExplorer:SlimeMissile","RobotSpaceExplorer:Counterblock"],"picked":"RobotSpaceExplorer:MiniBoosters","floor":10},{"not_picked":["RobotSpaceExplorer:SlimeMissile","RobotSpaceExplorer:FreezeRay"],"picked":"RobotSpaceExplorer:Wormhole","floor":13},{"not_picked":["RobotSpaceExplorer:Wormhole","RobotSpaceExplorer:HighVoltage"],"picked":"RobotSpaceExplorer:DroneSwarm","floor":16},{"not_picked":["RobotSpaceExplorer:Reload","RobotSpaceExplorer:StarDust"],"picked":"RobotSpaceExplorer:IronShell+1","floor":18},{"not_picked":["RobotSpaceExplorer:StunGrenade","RobotSpaceExplorer:FreezeRay+1"],"picked":"RobotSpaceExplorer:Counterblock+1","floor":20},{"not_picked":["RobotSpaceExplorer:FranticSearch","RobotSpaceExplorer:ImprovisedAttack+1","RobotSpaceExplorer:SlimeMissile"],"picked":"SKIP","floor":22},{"not_picked":["RobotSpaceExplorer:BlastShield","RobotSpaceExplorer:Explosion"],"picked":"RobotSpaceExplorer:ScrapMissile","floor":23},{"not_picked":["RobotSpaceExplorer:ShockKick","RobotSpaceExplorer:Blitz","RobotSpaceExplorer:DoubleBlock"],"picked":"SKIP","floor":25},{"not_picked":["RobotSpaceExplorer:ShockKick","RobotSpaceExplorer:Blitz","RobotSpaceExplorer:DoubleBlock"],"picked":"SKIP","floor":25},{"not_picked":["RobotSpaceExplorer:JunkDive","RobotSpaceExplorer:GlueShot"],"picked":"RobotSpaceExplorer:ScrapToss+1","floor":27},{"not_picked":["RobotSpaceExplorer:IronShell+1","RobotSpaceExplorer:PowerCollector"],"picked":"RobotSpaceExplorer:ScrapMissile+1","floor":28},{"not_picked":["RobotSpaceExplorer:FranticSearch+1","RobotSpaceExplorer:SlimeMissile"],"picked":"RobotSpaceExplorer:Probe","floor":31},{"not_picked":["RobotSpaceExplorer:ChargingLaser","RobotSpaceExplorer:HighVoltage"],"picked":"RobotSpaceExplorer:DroneSwarm","floor":33},{"not_picked":["RobotSpaceExplorer:GlueShot+1","RobotSpaceExplorer:SlimeMissile+1"],"picked":"RobotSpaceExplorer:MiniBoosters","floor":35},{"not_picked":["RobotSpaceExplorer:ShockKick+1","RobotSpaceExplorer:ShovelStrike+1","RobotSpaceExplorer:ScrapMissile"],"picked":"SKIP","floor":36},{"not_picked":["RobotSpaceExplorer:MakeshiftVolley","RobotSpaceExplorer:ImprovisedAttack+1","RobotSpaceExplorer:Blitz"],"picked":"SKIP","floor":38},{"not_picked":["RobotSpaceExplorer:Pulsar+1","RobotSpaceExplorer:TurboDodge"],"picked":"RobotSpaceExplorer:Ammunition+1","floor":39},{"not_picked":["RobotSpaceExplorer:Electropulse+1","RobotSpaceExplorer:Explosion"],"picked":"RobotSpaceExplorer:ScrapMissile+1","floor":40},{"not_picked":["RobotSpaceExplorer:ImprovisedAttack","RobotSpaceExplorer:FrostMissile"],"picked":"RobotSpaceExplorer:ShockMissile","floor":45},{"not_picked":["RobotSpaceExplorer:ShovelStrike+1","RobotSpaceExplorer:Fix","RobotSpaceExplorer:Pulsar"],"picked":"SKIP","floor":46},{"not_picked":["RobotSpaceExplorer:Discharger","RobotSpaceExplorer:SurgingShield","RobotSpaceExplorer:MiniBoosters"],"picked":"SKIP","floor":47},{"not_picked":["RobotSpaceExplorer:Electroshield","RobotSpaceExplorer:BigMissile","RobotSpaceExplorer:ImprovisedAttack+1"],"picked":"SKIP","floor":48}],"player_experience":333717,"relics_obtained":[{"floor":7,"key":"Ancient Tea Set"},{"floor":9,"key":"Smiling Mask"},{"floor":13,"key":"Dream Catcher"},{"floor":17,"key":"Replay:Mystery Machine"},{"floor":17,"key":"Replay:Ringing Soul"},{"floor":17,"key":"Torii"},{"floor":23,"key":"Old Coin"},{"floor":26,"key":"Golden Egg"},{"floor":27,"key":"Oddly Smooth Stone"},{"floor":40,"key":"Replay:Baseball"},{"floor":43,"key":"Centennial Puzzle"},{"floor":45,"key":"Kunai"},{"floor":47,"key":"Blue Doll"}],"event_choices":[{"damage_healed":0,"gold_gain":100,"player_choice":"Pray","damage_taken":0,"max_hp_gain":0,"max_hp_loss":0,"event_name":"Golden Shrine","floor":3,"gold_loss":0},{"damage_healed":0,"gold_gain":0,"player_choice":"Ignored","damage_taken":0,"max_hp_gain":0,"max_hp_loss":0,"event_name":"SecretPortal","floor":37,"gold_loss":0},{"damage_healed":0,"gold_gain":0,"player_choice":"Got Potions","damage_taken":0,"max_hp_gain":0,"max_hp_loss":0,"event_name":"Lab","floor":42,"gold_loss":0}],"is_beta":false,"boss_relics":[{"not_picked":["Replay:Ancient Bell","Snecko Heart"],"picked":"Calling Bell"},{"not_picked":["SacredBark","Busted Crown"],"picked":"Empty Cage"}],"items_purged_floors":[2,12,14,19,21,29,44],"is_endless":false,"potions_floor_spawned":[5,8,13,18,25,27,28,31,38,39,40],"ascension_level":0}}