{"host":"g01l53quoe6lrer0","time":1609770121,"event":{"mods":["2.2 Compatiblity","AchievementEnabler","BaseMod","Colored Map","Highlight Path","Keyboard Shortcuts","Minty Spire (QoL Compilation)","Permanent Neow","Quick Restart","StSLib","SuperFastMode","everything is the same but u backflip on backflip"],"gold_per_floor":[110,35,54,4,4,4,29,29,29,129,129,148,161,181,181,181,181],"floor_reached":16,"playtime":378,"items_purged":["Defend_P"],"score":144,"play_id":"17fd3e47-44a5-4be6-aeea-5cdf737282c0","local_time":"20210104232201","is_ascension_mode":true,"campfire_choices":[{"data":"Eruption","floor":6.0,"key":"SMITH"},{"data":"Adaptation","floor":8.0,"key":"SMITH"},{"floor":11.0,"key":"REST"},{"floor":15,"key":"REST"}],"circlet_count":0,"master_deck":["Strike_P","Strike_P","Defend_P","Defend_P","Eruption+1","Vigilance","Pain","Adaptation+1","Consecrate","Adaptation"],"relics":["PureWater","The Courier","Bag of Preparation","Question Card"],"acts_visited":["Exordium"],"potions_floor_usage":[16,16],"damage_taken":[{"damage":13.0,"enemies":"Jaw Worm","floor":1.0,"turns":3.0},{"damage":4.0,"enemies":"2 Louse","floor":3.0,"turns":2.0},{"damage":4.0,"enemies":"Gremlin Nob","floor":7.0,"turns":2.0},{"damage":0.0,"enemies":"Small Slimes","floor":12.0,"turns":1.0},{"damage":21,"enemies":"Red Slaver","floor":13,"turns":4},{"damage":16,"enemies":"Blue Slaver","floor":14,"turns":4},{"damage":57,"enemies":"Hexaghost","floor":16,"turns":7}],"seed_played":"1890991982858631182","potions_obtained":[{"floor":1.0,"key":"Swift Potion"},{"floor":3.0,"key":"Energy Potion"},{"floor":12.0,"key":"Ancient Potion"},{"floor":14,"key":"EssenceOfSteel"}],"is_trial":false,"path_per_floor":["M","$","M","?","?","R","E","R","T","?","R","M","M","M","R","B"],"character_chosen":"WATCHER","items_purchased":[],"campfire_rested":2,"item_purchase_floors":[],"current_hp_per_floor":[59,59,55,55,43,43,39,39,39,39,60,60,39,23,44,0,0],"gold":181,"neow_bonus":"TRANSFORM_TWO_CARDS","is_daily":false,"chose_seed":false,"campfire_upgraded":2,"win_rate":0.0,"timestamp":1609770121,"path_taken":["M","$","M","?","?","R","E","R","T","?","R","M","?","M","R","BOSS"],"items_purchased_type":[],"build_version":"2020-12-22","purchased_purges":1,"victory":false,"max_hp_per_floor":[72,72,72,72,72,72,72,72,72,72,72,72,72,72,72,72,72],"card_choices":[{"not_picked":["Vengeance","ThirdEye","Evaluate"],"picked":"SKIP","floor":1.0},{"not_picked":["FlyingSleeves","Consecrate","FollowUp"],"picked":"SKIP","floor":3.0},{"not_picked":["FlyingSleeves","Consecrate","FollowUp"],"picked":"SKIP","floor":3.0},{"not_picked":["PathToVictory","Wish","TalkToTheHand"],"picked":"SKIP","floor":7.0},{"not_picked":["EmptyMind","EmptyFist","Tantrum","ClearTheMind"],"picked":"SKIP","floor":12.0},{"not_picked":["EmptyFist","Sanctity","Study","FlurryOfBlows"],"picked":"SKIP","floor":13},{"not_picked":["Consecrate","FlyingSleeves","Protect"],"picked":"Adaptation","floor":14}],"player_experience":81348,"relics_obtained":[{"floor":7.0,"key":"Bag of Preparation"},{"floor":9.0,"key":"Question Card"}],"event_choices":[{"cards_removed":["Defend_P"],"damage_healed":0.0,"max_hp_gain":0.0,"max_hp_loss":0.0,"gold_gain":0.0,"event_name":"The Cleric","player_choice":"Card Removal","floor":4.0,"gold_loss":50.0,"damage_taken":0.0},{"damage_healed":0.0,"max_hp_gain":0.0,"max_hp_loss":0.0,"gold_gain":0.0,"event_name":"Scrap Ooze","player_choice":"Success","floor":5.0,"gold_loss":0.0,"damage_taken":12.0,"relics_obtained":["The Courier"]},{"damage_healed":0.0,"max_hp_gain":0.0,"max_hp_loss":0.0,"gold_gain":100.0,"event_name":"Golden Shrine","player_choice":"Pray","floor":10.0,"gold_loss":0.0,"damage_taken":0.0}],"is_beta":false,"boss_relics":[],"items_purged_floors":[2],"is_endless":false,"potions_floor_spawned":[1,3,12,14],"killed_by":"Hexaghost","ascension_level":3}}