{"host":"1hyzy7ndnud2osw4","time":1609741909,"event":{"mods":["2.2 Compatiblity","Act Like it!","Arknights The Spire","Art Attack!","Aspiration","Astrologer","Bard","BaseMod","Beaked The Cultist","Better Third Choice","BetterRewards","Colored Powertips","Conspire","Decade(èÝá³Ù¥)","Dota2Spire","Elementarium","Gensokyo","GifTheSpireLib","GungeonMod","Hallownest","Hermit","Highlight Path","Hubris","Infinite Spire","Jorbs\u0027s Wanderer Trilogy","KinomotoSakuraMod(ÙÊñýÜâ?)","Koishi","KomeijiMod","Lobotomy","Menagerie","Minty Spire (QoL Compilation)","Quick Restart","SOS£¨ÞÙ÷é?ñýí­£©","Shop Mod","Spicy Shops","StSLib","The Administrix","The Bladedancer","The Bug Knight","The Construct","The Cursed","The Death Knight","The Disciple","The Dragon Tamer","The Factory","The Forsaken","The Gatherer","The Hierophant","The Jungle","The Marked","The Poker Player","The Runesmith","The Sage","The Senshi","The Wild Card","Uncapped","WarShipGirlsR/??á´Ò³R mod","Yuri Mod","Yuyuko"],"gold_per_floor":[119,129,129,129,60,92,92,118,141,151,176,206,218,230,230,333,383,400,423,441,461,793,793,824,824,824,843,843,843],"floor_reached":28,"playtime":1984,"items_purged":[],"score":329,"play_id":"39abca91-54d2-4cc0-bfbc-d5ffb031379c","local_time":"20210104153149","daily_mods":["Draft","Heirloom","Time Dilation","DeadlyEvents","Elite Swarm"],"is_ascension_mode":true,"campfire_choices":[{"data":"Double Energy","floor":7.0,"key":"SMITH"},{"data":"Storm","floor":15.0,"key":"SMITH"},{"data":"Storm","floor":23.0,"key":"SMITH"},{"data":"Capacitor","floor":25,"key":"SMITH"}],"circlet_count":0,"master_deck":["Barrage","Storm+1","Aggregate+1","Double Energy+1","Compile Driver","Consume","Beam Cell","Cold Snap","Loop","Beam Cell","Aggregate","Aggregate+1","Hologram","hubris:PowerSurge","BootSequence","Hologram+1","Compile Driver","Capacitor+1","Meteor Strike","Electrodynamics","Hologram","Echo Form","Echo Form","Recycle","Self Repair","Multi-Cast","Coolheaded","Barrage+1","Storm+1","conspire:SharedLibrary","Reboot","Electrodynamics","Leap"],"relics":["Cracked Core","HollowMod:QueensCombRelic","hubris:OldNail","Calipers","Tiny Chest","Matryoshka","Dota2Spire:ShivaGuard","Tiny House","Dota2Spire:ArmletOfMordiggian","aspiration:Lifesprig","Old Coin","aspiration:TomeofQuesting","Happy Flower","hubris:RGBLights"],"acts_visited":["Exordium","TheCity"],"potions_floor_usage":[24],"damage_taken":[{"damage":0.0,"enemies":"Cultist","floor":1.0,"turns":3.0},{"damage":0.0,"enemies":"Small Slimes","floor":2.0,"turns":3.0},{"damage":7.0,"enemies":"3 Sentries","floor":6.0,"turns":4.0},{"damage":17.0,"enemies":"Gremlin Nob","floor":8.0,"turns":4.0},{"damage":0.0,"enemies":"2 Louse","floor":10.0,"turns":1.0},{"damage":14.0,"enemies":"Lagavulin","floor":11.0,"turns":3.0},{"damage":0.0,"enemies":"Gremlin Nob","floor":12.0,"turns":2.0},{"damage":0.0,"enemies":"Large Slime","floor":13.0,"turns":4.0},{"damage":10.0,"enemies":"Looter","floor":14.0,"turns":3.0},{"damage":26.0,"enemies":"Hexaghost","floor":16.0,"turns":6.0},{"damage":5.0,"enemies":"2 Thieves","floor":18.0,"turns":3.0},{"damage":0.0,"enemies":"Shell Parasite","floor":20.0,"turns":3.0},{"damage":0.0,"enemies":"Snake Plant","floor":21.0,"turns":3.0},{"damage":13.0,"enemies":"conspire:SneckoGhost","floor":22.0,"turns":4.0},{"damage":20,"enemies":"Slavers","floor":24,"turns":3},{"damage":18,"enemies":"3 Cultists","floor":27,"turns":3},{"damage":43,"enemies":"Book of Stabbing","floor":28,"turns":4}],"seed_played":"-6494405482061497184","potions_obtained":[{"floor":2.0,"key":"FearPotion"},{"floor":6.0,"key":"AttackPotion"},{"floor":8.0,"key":"sagemod:Wine"},{"floor":16.0,"key":"DemoMod:BlankPotion"},{"floor":17.0,"key":"EssenceOfDarkness"},{"floor":18.0,"key":"FearPotion"}],"is_trial":true,"path_per_floor":["M","M","$","?","$","E","R","E","T","M","E","E","M","M","R","B",null,"M","T","M","M","E","R","E","R","T","M","E"],"character_chosen":"DEFECT","items_purchased":["Capacitor"],"campfire_rested":0,"item_purchase_floors":[5],"current_hp_per_floor":[50,50,50,40,40,41,41,32,32,36,30,38,50,40,40,36,55,55,55,55,55,49,49,33,33,33,30,0,0],"gold":843,"neow_bonus":"","is_daily":false,"chose_seed":false,"campfire_upgraded":4,"win_rate":0.0,"timestamp":1609741909,"path_taken":["M","M","?","?","$","E","R","E","T","?","E","?","M","?","R","BOSS","M","?","?","?","?","R","E","R","T","M","E"],"items_purchased_type":["Card"],"build_version":"2020-12-22","purchased_purges":0,"victory":false,"max_hp_per_floor":[50,50,50,50,50,50,50,50,50,50,50,50,50,50,50,50,55,55,55,55,55,55,55,55,55,55,55,55,55],"card_choices":[{"not_picked":["Rebound","Gash"],"picked":"Barrage","floor":0.0},{"not_picked":["Rebound","Steam"],"picked":"Storm","floor":0.0},{"not_picked":["Streamline","Rip and Tear"],"picked":"Aggregate","floor":0.0},{"not_picked":["Compile Driver","Rebound"],"picked":"Double Energy","floor":0.0},{"not_picked":["Ball Lightning","Stack"],"picked":"Compile Driver","floor":0.0},{"not_picked":["Undo","Force Field"],"picked":"Consume","floor":0.0},{"not_picked":["Stack","Leap"],"picked":"Beam Cell","floor":0.0},{"not_picked":["Compile Driver","Stack"],"picked":"Cold Snap","floor":0.0},{"not_picked":["Hello World","Genetic Algorithm"],"picked":"Loop","floor":0.0},{"not_picked":["Steam","Stack"],"picked":"Beam Cell","floor":0.0},{"not_picked":["Compile Driver","Turbo"],"picked":"Aggregate","floor":0.0},{"not_picked":["Lockon","Hologram"],"picked":"Aggregate","floor":0.0},{"not_picked":["Sweeping Beam","Force Field"],"picked":"Hologram","floor":0.0},{"not_picked":["Static Discharge","Streamline"],"picked":"hubris:PowerSurge","floor":0.0},{"not_picked":["Barrage","Turbo"],"picked":"BootSequence","floor":0.0},{"not_picked":["BootSequence","Turbo"],"picked":"Hologram","floor":1.0},{"not_picked":["Redo","Darkness"],"picked":"Compile Driver","floor":2.0},{"not_picked":["Hyperbeam","Seek"],"picked":"Meteor Strike","floor":6.0},{"not_picked":["Fission","Meteor Strike"],"picked":"Electrodynamics","floor":8.0},{"not_picked":["Doom and Gloom","Cold Snap"],"picked":"Hologram","floor":10.0},{"not_picked":["All For One","hubris:SpecializedCircuitry"],"picked":"Echo Form","floor":11.0},{"not_picked":["Buffer","hubris:Prefetch"],"picked":"Echo Form","floor":12.0},{"not_picked":["Sweeping Beam","BootSequence"],"picked":"Recycle","floor":13.0},{"not_picked":["Leap","Beam Cell"],"picked":"Self Repair","floor":14.0},{"not_picked":["Biased Cognition","Reboot"],"picked":"Multi-Cast","floor":16.0},{"not_picked":["Blizzard","Go for the Eyes"],"picked":"Coolheaded","floor":17.0},{"not_picked":["Go for the Eyes","Ball Lightning"],"picked":"Barrage+1","floor":18.0},{"not_picked":["Thunder Strike","Barrage"],"picked":"Storm","floor":20.0},{"not_picked":["Streamline","Stack+1"],"picked":"conspire:SharedLibrary","floor":21.0},{"not_picked":["All For One","Hyperbeam"],"picked":"Reboot","floor":22.0},{"not_picked":["hubris:DoWhile","Hyperbeam"],"picked":"Electrodynamics","floor":24},{"not_picked":["Streamline","Lockon+1"],"picked":"Leap","floor":27}],"player_experience":1034270,"relics_obtained":[{"floor":6.0,"key":"hubris:OldNail"},{"floor":8.0,"key":"Calipers"},{"floor":9.0,"key":"Tiny Chest"},{"floor":11.0,"key":"Matryoshka"},{"floor":12.0,"key":"Dota2Spire:ShivaGuard"},{"floor":19.0,"key":"Dota2Spire:ArmletOfMordiggian"},{"floor":19.0,"key":"aspiration:Lifesprig"},{"floor":22.0,"key":"Old Coin"},{"floor":24,"key":"aspiration:TomeofQuesting"},{"floor":26,"key":"Happy Flower"},{"floor":26,"key":"hubris:RGBLights"}],"event_choices":[{"damage_healed":50.0,"max_hp_gain":0.0,"max_hp_loss":50.0,"gold_gain":0.0,"event_name":"betterThird:BetterShining","player_choice":"Upgrade","floor":4.0,"gold_loss":0.0,"damage_taken":10.0,"cards_upgraded":["Hologram","Aggregate"]}],"is_beta":false,"boss_relics":[{"not_picked":["Dota2Spire:Bloodstone","aspiration:SecretTechniqueScroll"],"picked":"Tiny House"}],"items_purged_floors":[],"is_endless":false,"potions_floor_spawned":[2,6,8,16,18,22],"killed_by":"Book of Stabbing","ascension_level":1}}