{"host":"vlqejv0notyktumz","time":1609788136,"event":{"mods":["AchievementEnabler","BaseMod","Googly Eyes","Minty Spire (QoL Compilation)"],"gold_per_floor":[112,124,124,1,1,1,15,15,62,100,0,20,33,33,33,152,152,172,196,196,196,57,57,92,117,192,192,213,128,128,171,171,171,171],"floor_reached":33,"playtime":788,"items_purged":["Strike_B","Defend_B"],"score":390,"play_id":"8f4942a8-1e33-462f-9c5b-71f05cbc84b3","local_time":"20210104132216","is_ascension_mode":true,"campfire_choices":[{"data":"Gash","floor":6,"key":"SMITH"},{"data":"Coolheaded","floor":15,"key":"SMITH"},{"data":"Defend_B","floor":23,"key":"SMITH"},{"floor":32,"key":"REST"}],"circlet_count":0,"master_deck":["Defend_B+1","Defend_B","Defend_B","Zap","Dualcast","Doom and Gloom","Gash+1","Ball Lightning","Leap+1","Melter","Coolheaded+1","Core Surge","Beam Cell+1","Bite","Bite","Bite","Bite","Bite","Streamline+1"],"relics":["Cracked Core","Nunchaku","Golden Idol","Tiny Chest","HornCleat","Busted Crown","MawBank","Lee\u0027s Waffle","StrikeDummy","Dream Catcher","Symbiotic Virus","PreservedInsect","Eternal Feather","Strawberry"],"acts_visited":["Exordium","TheCity"],"potions_floor_usage":[10,13,16,18],"damage_taken":[{"damage":0,"enemies":"2 Louse","floor":1,"turns":2},{"damage":4,"enemies":"Jaw Worm","floor":2,"turns":3},{"damage":5,"enemies":"Small Slimes","floor":7,"turns":2},{"damage":25,"enemies":"Lagavulin","floor":10,"turns":4},{"damage":0,"enemies":"Red Slaver","floor":12,"turns":3},{"damage":7,"enemies":"2 Fungi Beasts","floor":13,"turns":2},{"damage":20,"enemies":"Hexaghost","floor":16,"turns":11},{"damage":5,"enemies":"Chosen","floor":18,"turns":3},{"damage":21,"enemies":"Shell Parasite","floor":19,"turns":4},{"damage":37,"enemies":"Gremlin Leader","floor":24,"turns":8},{"damage":5,"enemies":"3 Cultists","floor":28,"turns":4},{"damage":28,"enemies":"Slavers","floor":31,"turns":4},{"damage":88,"enemies":"Collector","floor":33,"turns":7}],"seed_played":"2720181469362220139","potions_obtained":[{"floor":2,"key":"SteroidPotion"},{"floor":8,"key":"DistilledChaos"},{"floor":8,"key":"LiquidBronze"},{"floor":10,"key":"SneckoOil"},{"floor":13,"key":"Block Potion"},{"floor":19,"key":"SpeedPotion"},{"floor":24,"key":"Dexterity Potion"}],"is_trial":false,"path_per_floor":["M","M","?","$","?","R","M","?","T","E","$","M","M","?","R","B",null,"M","M","?","T","$","R","E","T","T","?","M","?","T","E","R","B"],"character_chosen":"DEFECT","items_purchased":["Ball Lightning","Lee\u0027s Waffle"],"campfire_rested":1,"item_purchase_floors":[4,22],"current_hp_per_floor":[68,64,75,75,69,69,64,64,64,39,39,39,32,32,32,12,55,50,29,29,29,76,76,39,39,39,39,42,42,42,25,52,0,0],"gold":171,"neow_bonus":"RANDOM_COMMON_RELIC","is_daily":false,"chose_seed":false,"campfire_upgraded":3,"win_rate":0.0,"timestamp":1609788136,"path_taken":["M","M","?","$","?","R","M","?","T","E","$","M","?","?","R","BOSS","M","M","?","?","$","R","E","?","T","?","M","?","?","E","R","BOSS"],"items_purchased_type":["Card","Relic"],"build_version":"2020-12-22","purchased_purges":2,"victory":false,"max_hp_per_floor":[75,75,75,75,69,69,69,69,69,69,69,69,69,69,69,69,69,69,69,69,69,76,76,76,76,76,53,53,53,53,60,60,60,60],"card_choices":[{"not_picked":["Stack","Leap"],"picked":"Doom and Gloom","floor":1},{"not_picked":["Steam","Meteor Strike"],"picked":"Gash","floor":2},{"not_picked":["Double Energy","Beam Cell","Skim"],"picked":"SKIP","floor":7},{"not_picked":["Recycle","All For One"],"picked":"Leap","floor":10},{"not_picked":["Aggregate","Hologram"],"picked":"Melter","floor":12},{"not_picked":["Stack","Hologram"],"picked":"Coolheaded","floor":13},{"not_picked":["Rainbow","Creative AI"],"picked":"Core Surge","floor":16},{"not_picked":["Turbo"],"picked":"SKIP","floor":18},{"not_picked":[],"picked":"Beam Cell+1","floor":19},{"not_picked":["Reinforced Body"],"picked":"SKIP","floor":24},{"not_picked":["Leap"],"picked":"SKIP","floor":28},{"not_picked":[],"picked":"Streamline+1","floor":31}],"player_experience":288325,"relics_obtained":[{"floor":9,"key":"Tiny Chest"},{"floor":10,"key":"HornCleat"},{"floor":21,"key":"MawBank"},{"floor":24,"key":"StrikeDummy"},{"floor":25,"key":"Dream Catcher"},{"floor":26,"key":"Symbiotic Virus"},{"floor":30,"key":"Eternal Feather"},{"floor":31,"key":"Strawberry"}],"event_choices":[{"damage_healed":25,"gold_gain":0,"player_choice":"Banana","damage_taken":0,"max_hp_gain":0,"max_hp_loss":0,"event_name":"Big Fish","floor":3,"gold_loss":0},{"damage_healed":0,"gold_gain":0,"player_choice":"Lose Max HP","damage_taken":0,"relics_obtained":["Golden Idol"],"max_hp_gain":0,"max_hp_loss":6,"event_name":"Golden Idol","floor":5,"gold_loss":0},{"damage_healed":0,"gold_gain":0,"player_choice":"Got Potions","damage_taken":0,"max_hp_gain":0,"max_hp_loss":0,"event_name":"Lab","floor":8,"gold_loss":0},{"damage_healed":0,"gold_gain":0,"player_choice":"Forge","damage_taken":0,"max_hp_gain":0,"max_hp_loss":0,"event_name":"Accursed Blacksmith","floor":14,"gold_loss":0,"cards_upgraded":["Leap"]},{"damage_healed":0,"gold_gain":0,"player_choice":"Ignored","damage_taken":0,"max_hp_gain":0,"max_hp_loss":0,"event_name":"Cursed Tome","floor":20,"gold_loss":0},{"damage_healed":0,"gold_gain":0,"player_choice":"Became a vampire","damage_taken":0,"max_hp_gain":0,"max_hp_loss":23,"event_name":"Vampires","floor":27,"gold_loss":0,"cards_obtained":["Bite","Bite","Bite","Bite","Bite"]},{"damage_healed":0,"gold_gain":0,"player_choice":"Obtained Relic","damage_taken":0,"relics_obtained":["PreservedInsect"],"max_hp_gain":0,"max_hp_loss":0,"event_name":"Addict","floor":29,"gold_loss":85}],"is_beta":false,"boss_relics":[{"not_picked":["SacredBark","Snecko Eye"],"picked":"Busted Crown"}],"items_purged_floors":[4,11],"is_endless":false,"potions_floor_spawned":[2,10,13,19,24],"killed_by":"Collector","ascension_level":6}}