{"host":"71akxjf7cjo3bhmj","time":1609720432,"event":{"mods":["AchievementEnabler","BaseMod","Colored Powertips","Minty Spire (QoL Compilation)"],"gold_per_floor":[112,128,140,158,173,199,219,219,219,219,252,268,279,290,290,395,395,411,411,428,448,464,482,482,499,499,499,534,534,534],"floor_reached":29,"playtime":1603,"items_purged":[],"score":288,"play_id":"19acbe29-879f-4dcb-90b5-d2445e3d25ee","local_time":"20210104013352","is_ascension_mode":false,"campfire_choices":[{"data":"Armaments","floor":8,"key":"SMITH"},{"data":"Whirlwind","floor":15,"key":"SMITH"},{"data":"Corruption","floor":24,"key":"SMITH"},{"floor":27,"key":"REST"}],"circlet_count":0,"master_deck":["Strike_R","Strike_R","Defend_R+1","Defend_R","Defend_R+1","Defend_R","Bash","Anger","Anger","Armaments+1","Clash","Anger","Anger","Rampage","Clash","Twin Strike","Spot Weakness","Whirlwind+1","Corruption+1","Fire Breathing","Dark Embrace","Flex","Rampage+1","Flame Barrier+1"],"relics":["Burning Blood","Blood Vial","Question Card","Odd Mushroom","Potion Belt","War Paint","Empty Cage","Toxic Egg 2","Ornamental Fan"],"acts_visited":["Exordium","TheCity"],"potions_floor_usage":[11,11,18,23,23,23],"damage_taken":[{"damage":5,"enemies":"Cultist","floor":1,"turns":4},{"damage":5,"enemies":"Small Slimes","floor":2,"turns":4},{"damage":6,"enemies":"Jaw Worm","floor":3,"turns":3},{"damage":10,"enemies":"2 Fungi Beasts","floor":4,"turns":3},{"damage":8,"enemies":"Red Slaver","floor":5,"turns":2},{"damage":21,"enemies":"Gremlin Nob","floor":6,"turns":4},{"damage":11,"enemies":"The Mushroom Lair","floor":7,"turns":4},{"damage":18,"enemies":"Lagavulin","floor":11,"turns":4},{"damage":0,"enemies":"3 Louse","floor":12,"turns":2},{"damage":2,"enemies":"Exordium Thugs","floor":13,"turns":3},{"damage":7,"enemies":"Large Slime","floor":14,"turns":5},{"damage":38,"enemies":"Hexaghost","floor":16,"turns":8},{"damage":7,"enemies":"2 Thieves","floor":18,"turns":3},{"damage":9,"enemies":"Shell Parasite","floor":20,"turns":4},{"damage":7,"enemies":"Snecko","floor":21,"turns":5},{"damage":32,"enemies":"Cultist and Chosen","floor":22,"turns":7},{"damage":28,"enemies":"Centurion and Healer","floor":23,"turns":5},{"damage":50,"enemies":"Sentry and Sphere","floor":25,"turns":6},{"damage":47,"enemies":"Slavers","floor":28,"turns":5},{"damage":19,"enemies":"Chosen and Byrds","floor":29,"turns":4}],"seed_played":"-5144632129064482773","potions_obtained":[{"floor":2,"key":"FairyPotion"},{"floor":3,"key":"EssenceOfSteel"},{"floor":5,"key":"Strength Potion"},{"floor":7,"key":"LiquidBronze"},{"floor":12,"key":"Fire Potion"},{"floor":16,"key":"EssenceOfSteel"},{"floor":20,"key":"FearPotion"},{"floor":22,"key":"Block Potion"}],"is_trial":false,"path_per_floor":["M","M","M","M","M","E","?","R","T","?","E","M","M","M","R","B",null,"M","?","M","M","M","M","R","M","T","R","E","M"],"character_chosen":"IRONCLAD","items_purchased":[],"campfire_rested":1,"item_purchase_floors":[],"current_hp_per_floor":[80,80,80,76,76,63,60,60,60,65,55,63,69,70,70,40,85,84,84,82,83,59,39,39,31,31,56,17,0,0],"gold":534,"neow_bonus":"RANDOM_COMMON_RELIC","is_daily":false,"chose_seed":false,"campfire_upgraded":3,"win_rate":0.0,"timestamp":1609720432,"path_taken":["M","M","M","?","M","E","?","R","T","?","E","M","M","M","R","BOSS","M","?","M","?","M","M","R","M","T","R","E","M"],"items_purchased_type":[],"build_version":"2020-12-22","purchased_purges":0,"victory":false,"max_hp_per_floor":[80,80,80,80,80,80,80,80,80,85,85,85,85,85,85,85,85,85,85,85,85,85,85,85,85,85,85,85,85,85],"card_choices":[{"not_picked":["Cleave","Shrug It Off"],"picked":"Anger","floor":1},{"not_picked":["Havoc","Body Slam"],"picked":"Anger","floor":2},{"not_picked":["Clothesline","Sentinel"],"picked":"Armaments","floor":3},{"not_picked":["Power Through","Shrug It Off"],"picked":"Clash","floor":4},{"not_picked":["Rampage","Evolve"],"picked":"Anger","floor":5},{"not_picked":["Heavy Blade","Feed"],"picked":"Anger","floor":6},{"not_picked":["Warcry","Headbutt","Uppercut"],"picked":"Rampage","floor":7},{"not_picked":["Iron Wave","Warcry","Reckless Charge"],"picked":"Clash","floor":11},{"not_picked":["Heavy Blade","Shockwave","Sentinel"],"picked":"Twin Strike","floor":12},{"not_picked":["Exhume","Power Through","Havoc"],"picked":"Spot Weakness","floor":13},{"not_picked":["Body Slam","Clothesline","Thunderclap"],"picked":"Whirlwind","floor":14},{"not_picked":["Immolate","Barricade","Offering"],"picked":"Corruption","floor":16},{"not_picked":["Rupture","Thunderclap","Body Slam","Perfected Strike"],"picked":"SKIP","floor":18},{"not_picked":["Clothesline","Inflame","Thunderclap+1"],"picked":"Fire Breathing","floor":20},{"not_picked":["Combust","Clothesline+1","Havoc","Dual Wield"],"picked":"SKIP","floor":21},{"not_picked":["Iron Wave","Pommel Strike","Sword Boomerang"],"picked":"Dark Embrace","floor":22},{"not_picked":["Dark Embrace+1","Hemokinesis+1","Clothesline"],"picked":"Flex","floor":23},{"not_picked":["Seeing Red","Shrug It Off+1","Battle Trance+1"],"picked":"Rampage+1","floor":25},{"not_picked":["Dual Wield+1","Corruption","Warcry+1"],"picked":"Flame Barrier+1","floor":28}],"player_experience":135352,"relics_obtained":[{"floor":6,"key":"Question Card"},{"floor":7,"key":"Odd Mushroom"},{"floor":9,"key":"Potion Belt"},{"floor":11,"key":"War Paint"},{"floor":26,"key":"Toxic Egg 2"},{"floor":28,"key":"Ornamental Fan"}],"event_choices":[{"damage_healed":0,"gold_gain":0,"player_choice":"Fought Mushrooms","damage_taken":0,"max_hp_gain":0,"max_hp_loss":0,"event_name":"Mushrooms","floor":7,"gold_loss":0},{"damage_healed":0,"gold_gain":0,"player_choice":"Donut","damage_taken":0,"max_hp_gain":5,"max_hp_loss":0,"event_name":"Big Fish","floor":10,"gold_loss":0},{"cards_removed":["Strike_R"],"damage_healed":0,"gold_gain":0,"player_choice":"Offered Basic","damage_taken":0,"max_hp_gain":0,"max_hp_loss":0,"event_name":"Bonfire Elementals","floor":19,"gold_loss":0}],"is_beta":false,"boss_relics":[{"not_picked":["Philosopher\u0027s Stone","Runic Cube"],"picked":"Empty Cage"}],"items_purged_floors":[],"is_endless":false,"potions_floor_spawned":[2,3,5,7,12,16,20,22],"killed_by":"Chosen and Byrds","ascension_level":0}}