{"host":"as6ljwn8p53umtwv","time":1609793612,"event":{"mods":["BaseMod","Better Third Choice","Hermit","Marisa????????","Minty Spire (QoL Compilation)","StSLib","The Animator","The Servant 0.9.4"],"gold_per_floor":[19,29,29,46,121,121,144,170,170,180,180,180,180,200,200,300,300,317,317,327,327,343,343,343],"floor_reached":23,"playtime":1446,"items_purged":[],"score":220,"play_id":"c40a8098-1678-41e3-b06a-c8c6471ff3f3","local_time":"20210104215332","is_ascension_mode":true,"campfire_choices":[{"data":"BestPractice","floor":6,"key":"SMITH"},{"data":"SilverBlades","floor":11,"key":"SMITH"},{"floor":13,"key":"REST"},{"floor":15,"key":"RECALL"}],"circlet_count":0,"master_deck":["Strike_S","Strike_S","Strike_S","Defend_S","Defend_S","Defend_S","KidneyShot","BestPractice+1","FastForward","Sunlight","InstantArmor","SilverBlades+1","FastForward","KillingDoll","Barrier","Moonlight"],"relics":["SplendidAttire","Dead Branch","Omamori","PreservedInsect","Broom","KneeBrace"],"acts_visited":["Exordium","TheCity"],"potions_floor_usage":[8,16,18],"damage_taken":[{"damage":5,"enemies":"Small Slimes","floor":1,"turns":3},{"damage":2,"enemies":"Jaw Worm","floor":2,"turns":5},{"damage":2,"enemies":"Cultist","floor":4,"turns":4},{"damage":21,"enemies":"Gremlin Nob","floor":8,"turns":4},{"damage":3,"enemies":"Blue Slaver","floor":10,"turns":4},{"damage":5,"enemies":"Red Slaver","floor":14,"turns":2},{"damage":6,"enemies":"The Guardian","floor":16,"turns":10},{"damage":13,"enemies":"2 Thieves","floor":18,"turns":2},{"damage":0,"enemies":"Chosen","floor":20,"turns":3},{"damage":27,"enemies":"Snake Plant","floor":22,"turns":5},{"damage":31,"enemies":"Slavers","floor":23,"turns":5}],"seed_played":"1239780744702841791","potions_obtained":[{"floor":4,"key":"SteroidPotion"},{"floor":8,"key":"PowerPotion"},{"floor":10,"key":"Explosive Potion"},{"floor":18,"key":"BlessingOfTheForge"}],"is_trial":false,"path_per_floor":["M","M","?","M","?","R","T","E","T","M","R","?","R","M","R","B",null,"M","?","M","?","M","E"],"character_chosen":"THE_SERVANT","items_purchased":[],"campfire_rested":1,"item_purchase_floors":[],"current_hp_per_floor":[60,58,58,56,45,45,45,24,24,21,21,21,40,35,35,29,65,52,52,52,52,25,0,0],"gold":343,"neow_bonus":"ONE_RARE_RELIC","is_daily":false,"chose_seed":false,"campfire_upgraded":2,"win_rate":0.0,"timestamp":1609793612,"path_taken":["M","M","?","M","?","R","?","E","T","?","R","?","R","M","R","BOSS","M","?","?","?","M","E"],"items_purchased_type":[],"build_version":"2020-12-22","purchased_purges":0,"victory":false,"max_hp_per_floor":[65,65,65,65,65,65,65,65,65,65,65,65,65,65,65,65,65,65,65,65,65,65,65,65],"card_choices":[{"not_picked":["ShatteredReality","Unruled"],"picked":"BestPractice","floor":1},{"not_picked":["ReturningBlade","Defy"],"picked":"FastForward","floor":2},{"not_picked":["Revamp","BottledTime"],"picked":"Sunlight","floor":4},{"not_picked":["Rewind","Potential"],"picked":"InstantArmor","floor":8},{"not_picked":["Manipulate","StarChef"],"picked":"SilverBlades","floor":10},{"not_picked":["RealityMarble","Defy"],"picked":"FastForward","floor":14},{"not_picked":["Sunlight","MurderousAura"],"picked":"KillingDoll","floor":16},{"not_picked":["Defy","DoubleEdge","Replace"],"picked":"SKIP","floor":18},{"not_picked":["TimeWarp+1","Rearm+1"],"picked":"Barrier","floor":20},{"not_picked":["Ricochet+1","DoubleEdge+1"],"picked":"Moonlight","floor":22}],"player_experience":597761,"relics_obtained":[{"floor":7,"key":"Omamori"},{"floor":8,"key":"PreservedInsect"},{"floor":9,"key":"Broom"}],"event_choices":[{"cards_removed":["Defend_S"],"damage_healed":0,"gold_gain":0,"player_choice":"Forget","damage_taken":0,"max_hp_gain":0,"max_hp_loss":0,"event_name":"Living Wall","floor":3,"gold_loss":0},{"damage_healed":0,"gold_gain":75,"player_choice":"Gold","damage_taken":11,"max_hp_gain":0,"max_hp_loss":0,"event_name":"betterThird:BetterGoop","floor":5,"gold_loss":0},{"cards_removed":["Exchange"],"damage_healed":0,"gold_gain":0,"player_choice":"Purged","damage_taken":0,"max_hp_gain":0,"max_hp_loss":0,"event_name":"Purifier","floor":12,"gold_loss":0},{"damage_healed":0,"gold_gain":0,"player_choice":"Gave Potion","damage_taken":0,"relics_obtained":["KneeBrace"],"max_hp_gain":0,"max_hp_loss":0,"event_name":"WeMeetAgain","floor":19,"gold_loss":0},{"cards_removed":["Strike_S"],"damage_healed":0,"gold_gain":0,"player_choice":"Elegance","damage_taken":0,"max_hp_gain":0,"max_hp_loss":0,"event_name":"betterThird:BetterWriting","floor":21,"gold_loss":0}],"is_beta":false,"boss_relics":[{"not_picked":["Pandora\u0027s Box","Sozu"],"picked":"SplendidAttire"}],"items_purged_floors":[],"is_endless":false,"potions_floor_spawned":[4,8,10,18],"killed_by":"Slavers","ascension_level":3}}