{"host":"uxx7prhn9zlu6i2v","time":1609740341,"event":{"mods":["2.2 Compatiblity","AchievementEnabler","Act Like it!","Bard","BaseMod","Better Altar","Better Match","Better Note","Better Sensory Stone","Better Skull","Better Third Choice","CapriCore","ChefMod","Colored Powertips","Conspire","Faster Ascension Climbing","Gensokyo","GifTheSpireLib","Hermit","Hubris","KomeijiMod","Lobotomy","LobotomyExtend","Marisa????????","Minty Spire (QoL Compilation)","Permanent Neow","Quick Restart","RNG Fix","Rare Cards Sparkle","Reimu??????","Relic Filter","Relic Sorter","Relic Stats","Replay The Spire","Reworked Bosses","Spicy Shops","StSLib","Stuff the Spire","The Administrix","The Blue Laboratory","The Bug Knight","The Immortal","Yakumo Yukari mod","??????REMEMod"],"gold_per_floor":[117,132,132,151,151,151,162,162,234,259,269,269,296,296,296,367,367,385,385,385,716,9,9,24,24,98,98,111,111,36,36,36,114,114,127,145,45,128,145,145,176,228,228,248,295,295,355,48,48,108],"floor_reached":51,"playtime":3960,"items_purged":["Strike_MRS","Strike_MRS"],"score":1223,"play_id":"82a536f6-58c0-480c-ac8d-9418d998a8dc","local_time":"20210104000541","is_ascension_mode":true,"campfire_choices":[{"data":"MasterSpark","floor":6.0,"key":"SMITH"},{"data":"MilkyWay","floor":8.0,"key":"SMITH"},{"data":"EarthLightRay","floor":12.0,"key":"SMITH"},{"data":"UpSweep","floor":15.0,"key":"SMITH"},{"floor":23.0,"key":"REST"},{"data":"PropBag","floor":25.0,"key":"SMITH"},{"data":"EnergyRecoil","floor":29.0,"key":"SMITH"},{"data":"SpreadBorder2:ReiMu","floor":32.0,"key":"SMITH"},{"data":"NonDirectionalLaser","floor":32.0,"key":"SMITH"},{"data":"FinalSpark","floor":40.0,"key":"SMITH"},{"data":"RefractionSpark","floor":40.0,"key":"SMITH"},{"data":"MilkyWay","floor":49,"key":"SMITH"},{"data":"Pot Of Greed","floor":49,"key":"SMITH"}],"circlet_count":0,"master_deck":["AscendersBane","Strike_MRS","Defend_MRS","Defend_MRS","Defend_MRS+1","MasterSpark+1","UpSweep+1","MilkyWay+1","NonDirectionalLaser+1","EarthLightRay+1","EnergyRecoil+1","SpreadBorder2:ReiMu+1","QueenOfHatred","SatelliteIllusion","EnergyRecoil+1","EnergyRecoil+1","Secret Technique+1","SpiderBud","FinalSpark+1","RefractionSpark+1","PulseMagic+1","Pot Of Greed","Pot Of Greed+1","MilkyWay+1"],"relics":["MiniHakkero","REME_ComplimentaryCards","CogitoBucket","RabbitCall","LetterFromLob","Gensokyo:CelestialsFlawlessClothing","hubris:Towel","Matryoshka","StuffTheSpire:OldFever","PreservedInsect","Heaven_r","RampagingMagicTools","ChangeAnything","Regal Pillow","Blood Vial","hubris:BottledRain","hubris:SlimyHat","Bottled Lightning","Replay:Arrowhead","Painkiller Herb","LuminousBracelet","Grinning Jar","HandmadeGrimoire","SkinProphecy","AtMidnight","Thread and Needle"],"acts_visited":["Gensokyo:Gensokyo","Gensokyo:Gensokyoer","Gensokyo:Gensokyoest"],"potions_floor_usage":[50],"damage_taken":[{"damage":3.0,"enemies":"Gensokyo:Gryphon","floor":1.0,"turns":3.0},{"damage":2.0,"enemies":"Gensokyo:3_Fairies","floor":2.0,"turns":5.0},{"damage":0.0,"enemies":"Gensokyo:Python","floor":4.0,"turns":4.0},{"damage":7.0,"enemies":"Gensokyo:2_Rabbits","floor":7.0,"turns":3.0},{"damage":7.0,"enemies":"Gensokyo:CorruptedTreant","floor":11.0,"turns":3.0},{"damage":0.0,"enemies":"Gensokyo:Mamizou","floor":13.0,"turns":7.0},{"damage":28.0,"enemies":"Gensokyo:Python_and_Kodama","floor":14.0,"turns":4.0},{"damage":9.0,"enemies":"Gensokyo:Yukari","floor":16.0,"turns":8.0},{"damage":12.0,"enemies":"Gensokyo:AngelMirror","floor":18.0,"turns":3.0},{"damage":4.0,"enemies":"Gensokyo:2_Gloops","floor":24.0,"turns":5.0},{"damage":14.0,"enemies":"Gensokyo:Monolith_and_Dog","floor":28.0,"turns":4.0},{"damage":57.0,"enemies":"Gensokyo:Eternal_Rivals","floor":33.0,"turns":11.0},{"damage":9.0,"enemies":"Gensokyo:3_Boulders","floor":35.0,"turns":4.0},{"damage":20.0,"enemies":"Gensokyo:3_Bats","floor":36.0,"turns":4.0},{"damage":23.0,"enemies":"Gensokyo:Rafflesia","floor":38.0,"turns":8.0},{"damage":0.0,"enemies":"Gensokyo:Dusk_and_Dawn","floor":39.0,"turns":4.0},{"damage":11.0,"enemies":"Gensokyo:Doremy","floor":41.0,"turns":4.0},{"damage":41.0,"enemies":"Gensokyo:3_Boulders","floor":42.0,"turns":5.0},{"damage":54.0,"enemies":"Gensokyo:AtlasGolem","floor":44.0,"turns":12.0},{"damage":16.0,"enemies":"Gensokyo:4_Bats","floor":45.0,"turns":3.0},{"damage":23,"enemies":"Gensokyo:3_Boulders","floor":47,"turns":5},{"damage":9,"enemies":"Gensokyo:Scarlet_Devils","floor":50,"turns":7},{"damage":95,"enemies":"Malkuth","floor":51,"turns":9},{"damage":47,"enemies":"Netzach","floor":51,"turns":11}],"seed_played":"508028717409119821","potions_obtained":[{"floor":1.0,"key":"SmokeBomb"},{"floor":2.0,"key":"Swift Potion"},{"floor":7.0,"key":"blueLaboratory:FrostheartPotion"},{"floor":13.0,"key":"Elixir"},{"floor":28.0,"key":"Adrenaline Potion"},{"floor":33.0,"key":"ColorlessPotion"},{"floor":35.0,"key":"SkillPotion"},{"floor":39.0,"key":"blueLaboratory:AbyssPotion"},{"floor":47,"key":"Reflective Coating"}],"is_trial":false,"path_per_floor":["M","M","?","M","?","R","M","R","T","T","M","R","E","M","R","B",null,"M","?","?","?","$","R","M","R","T","?","M","R","?","?","R","B",null,"?","?","T","?","?","T","E","?","T","?","?","?","?","T","T","B",null],"character_chosen":"MARISA","items_purchased":["Regal Pillow","EnergyRecoil","Blood Vial","hubris:BottledRain","Thread and Needle"],"campfire_rested":1,"item_purchase_floors":[22,22,22,22,48],"current_hp_per_floor":[60,58,41,41,41,41,34,34,34,34,27,27,33,11,11,8,55,49,49,49,5,5,41,51,51,51,51,51,51,51,51,51,17,53,65,66,66,80,80,80,77,62,62,80,78,82,81,81,81,86],"gold":258,"neow_bonus":"","is_daily":false,"chose_seed":false,"campfire_upgraded":12,"win_rate":0.0,"timestamp":1609740341,"path_taken":["M","M","?","M","?","R","M","R","T","?","?","R","E","?","R","BOSS","M","?","?","?","$","R","M","R","T","?","?","R","?","?","R","BOSS","?","?","T","?","?","T","E","?","T","?","?","?","?","T","T","BOSS"],"items_purchased_type":["Relic","Card","Relic","Relic","Relic"],"build_version":"2020-12-22","purchased_purges":2,"victory":true,"max_hp_per_floor":[70,70,70,70,70,70,70,70,70,70,70,70,70,70,70,70,70,70,70,70,70,70,70,70,70,70,70,70,70,70,65,65,65,65,65,80,80,80,80,80,80,80,80,80,82,82,84,84,84,86],"relic_stats":{"Blood Vial":28,"Regal Pillow":15,"counters":[28,146],"PreservedInsect":91,"obtain_stats":[{"RabbitCall":0,"Regal Pillow":22,"Gremlin Horn":33,"LuminousBracelet":36,"Painkiller Herb":34,"hubris:SlimyHat":26,"SkinProphecy":44,"Blood Vial":22,"CogitoBucket":0,"Matryoshka":9,"Replay:Bottled Flurry":13,"HandmadeGrimoire":43,"RampagingMagicTools":17,"Blue Candle":38,"Thread and Needle":48,"PreservedInsect":10,"Letter Opener":41,"Gensokyo:CelestialsFlawlessClothing":3,"hubris:Towel":5,"Replay:Arrowhead":31,"Heaven_r":14,"Shuriken":24,"Ornamental Fan":39,"AtMidnight":44,"LetterFromLob":1,"MiniHakkero":0,"Bottled Lightning":26,"ChangeAnything":18,"Grinning Jar":41,"StuffTheSpire:OldFever":10,"REME_ComplimentaryCards":0,"hubris:BottledRain":22,"Meat on the Bone":36},{"RabbitCall":0,"Regal Pillow":10,"Gremlin Horn":13,"LuminousBracelet":16,"Painkiller Herb":13,"hubris:SlimyHat":11,"SkinProphecy":22,"Blood Vial":10,"CogitoBucket":0,"Matryoshka":4,"Replay:Bottled Flurry":6,"HandmadeGrimoire":20,"RampagingMagicTools":8,"Blue Candle":17,"Thread and Needle":24,"PreservedInsect":4,"Letter Opener":19,"Gensokyo:CelestialsFlawlessClothing":2,"hubris:Towel":3,"Replay:Arrowhead":12,"Heaven_r":7,"Shuriken":11,"Ornamental Fan":18,"AtMidnight":22,"LetterFromLob":1,"MiniHakkero":0,"Bottled Lightning":11,"ChangeAnything":10,"Grinning Jar":19,"StuffTheSpire:OldFever":4,"REME_ComplimentaryCards":0,"hubris:BottledRain":10,"Meat on the Bone":16},{"RabbitCall":0,"Regal Pillow":41,"Gremlin Horn":51,"LuminousBracelet":70,"Painkiller Herb":61,"hubris:SlimyHat":46,"SkinProphecy":104,"Blood Vial":41,"CogitoBucket":0,"Matryoshka":15,"Replay:Bottled Flurry":25,"HandmadeGrimoire":91,"RampagingMagicTools":37,"Blue Candle":71,"Thread and Needle":112,"PreservedInsect":15,"Letter Opener":83,"Gensokyo:CelestialsFlawlessClothing":8,"hubris:Towel":12,"Replay:Arrowhead":50,"Heaven_r":29,"Shuriken":44,"Ornamental Fan":79,"AtMidnight":104,"LetterFromLob":3,"MiniHakkero":0,"Bottled Lightning":46,"ChangeAnything":41,"Grinning Jar":86,"StuffTheSpire:OldFever":15,"REME_ComplimentaryCards":0,"hubris:BottledRain":41,"Meat on the Bone":67}]},"card_choices":[{"not_picked":["MHz","UniverseFragment","Murderer"],"picked":"Singing Bowl","floor":1.0},{"not_picked":["OpenUniverse","DoubleSpark"],"picked":"MilkyWay","floor":1.0},{"not_picked":["SnowQueen","CherryBlossoms","UniverseFragment"],"picked":"Singing Bowl","floor":2.0},{"not_picked":["StarBarrage","ShootTheMoon"],"picked":"NonDirectionalLaser","floor":2.0},{"not_picked":["FairyFestival","CherryBlossoms","MHz"],"picked":"Singing Bowl","floor":4.0},{"not_picked":["MysteriousBeam","GrandCross","6A"],"picked":"SKIP","floor":4.0},{"not_picked":["Rudolta","VoidDream","Scorched"],"picked":"Singing Bowl","floor":7.0},{"not_picked":["JA","Acceleration"],"picked":"DarkMatter","floor":7.0},{"not_picked":["Murderer","BigBadWolf","HappyTeddy"],"picked":"Singing Bowl","floor":11.0},{"not_picked":["OrrerysSun","MagicChant"],"picked":"EarthLightRay","floor":11.0},{"not_picked":["HappyTeddy","CherryBlossoms","BlackSwan"],"picked":"Singing Bowl","floor":13.0},{"not_picked":["BlazingStar","ShootingEcho"],"picked":"EnergyRecoil","floor":13.0},{"not_picked":["DreamingCurrent","BlackSwan","PunishingBird"],"picked":"Singing Bowl","floor":16.0},{"not_picked":["Laetitia","HeroicMonk"],"picked":"QueenOfHatred","floor":16.0},{"not_picked":["EscapeVelocity","CasketOfStar"],"picked":"SatelliteIllusion","floor":16.0},{"not_picked":["BlackSwan","WallGazer","MeatLantern"],"picked":"Singing Bowl","floor":18.0},{"not_picked":["UnstableBomb","StarBarrage"],"picked":"PropBag","floor":18.0},{"not_picked":["WhitesApple","BlackSwan","Laetitia"],"picked":"Singing Bowl","floor":24.0},{"not_picked":["WitchLeyline","PulseMagic","LuminesStrike+1"],"picked":"SKIP","floor":24.0},{"not_picked":["LaLuna","VoidDream","BlueStar"],"picked":"Singing Bowl","floor":28.0},{"not_picked":["OrrerysSun","WitchOfGreed"],"picked":"EnergyRecoil+1","floor":28.0},{"not_picked":["Sadistic Nature+1","REME_BodyOfCthun+1"],"picked":"Secret Technique+1","floor":30.0},{"not_picked":["NakedNest","Woodsman"],"picked":"SpiderBud","floor":33.0},{"not_picked":["ManaRampage","TreasureHunter"],"picked":"FinalSpark","floor":33.0},{"not_picked":["Woodsman","BlueStar","BodiesMountain"],"picked":"Singing Bowl","floor":35.0},{"not_picked":["LuminesStrike+1","WitchLeyline"],"picked":"RefractionSpark","floor":35.0},{"not_picked":["Variant","SingingMachine","BigBird"],"picked":"Singing Bowl","floor":36.0},{"not_picked":["DoubleSpark","RefractionSpark","LuminesStrike+1"],"picked":"SKIP","floor":36.0},{"not_picked":["PunishingBird","Rudolta","Yin"],"picked":"Singing Bowl","floor":38.0},{"not_picked":["DoubleSpark","MaximisePower"],"picked":"PulseMagic+1","floor":38.0},{"not_picked":["GalaxyChild","HeroicMonk","Porccubus"],"picked":"Singing Bowl","floor":39.0},{"not_picked":["DarkSpark","IllusionStar","Occultation"],"picked":"SKIP","floor":39.0},{"not_picked":["CENSORED","BlueStar","WallGazer"],"picked":"Singing Bowl","floor":41.0},{"not_picked":["6A+1","DoubleSpark+1","GasGiant"],"picked":"SKIP","floor":41.0},{"not_picked":["LittleHelper","SnowQueen","BigBird"],"picked":"Singing Bowl","floor":42.0},{"not_picked":["UnstableBomb+1","GrandCross+1","LuminesStrike"],"picked":"SKIP","floor":42.0},{"not_picked":["Variant","NakedNest","BlackSwan"],"picked":"Singing Bowl","floor":44.0},{"not_picked":["PowerUp+1","LuminesStrike","DC"],"picked":"SKIP","floor":44.0},{"not_picked":["HeroicMonk","Freischutz","BlueStar"],"picked":"Singing Bowl","floor":45.0},{"not_picked":["UnstableBomb","WitchOfGreed","Acceleration+1"],"picked":"SKIP","floor":45.0},{"not_picked":["HappyTeddy","Freischutz","Variant"],"picked":"Singing Bowl","floor":47},{"not_picked":["GasGiant","NonDirectionalLaser"],"picked":"MilkyWay","floor":47}],"player_experience":1831747,"relics_obtained":[{"floor":1.0,"key":"LetterFromLob"},{"floor":9.0,"key":"Matryoshka"},{"floor":10.0,"key":"StuffTheSpire:OldFever"},{"floor":10.0,"key":"PreservedInsect"},{"floor":13.0,"key":"Replay:Bottled Flurry"},{"floor":26.0,"key":"hubris:SlimyHat"},{"floor":26.0,"key":"Bottled Lightning"},{"floor":41.0,"key":"Grinning Jar"},{"floor":43.0,"key":"HandmadeGrimoire"},{"floor":44.0,"key":"AtMidnight"}],"event_choices":[{"damage_healed":0.0,"max_hp_gain":0.0,"max_hp_loss":0.0,"gold_gain":331.0,"event_name":"betterSkull:BetterSkull","player_choice":"GO GO GO UP UP ","floor":21.0,"gold_loss":0.0,"damage_taken":51.0,"cards_upgraded":["Defend_MRS","EnergyRecoil"],"relics_obtained":[]},{"damage_healed":0.0,"max_hp_gain":0.0,"max_hp_loss":0.0,"gold_gain":0.0,"event_name":"conspire:Investor","player_choice":"Leave","floor":27.0,"gold_loss":0.0,"damage_taken":0.0},{"damage_healed":0.0,"max_hp_gain":0.0,"max_hp_loss":0.0,"gold_gain":0.0,"event_name":"betterMatch:BetterMatch","player_choice":"2","floor":30.0,"gold_loss":0.0,"damage_taken":0.0,"cards_obtained":["betterMatch:ColorlessRareCard"]}],"is_beta":false,"boss_relics":[{"not_picked":["Pandora\u0027s Box","Fusion Hammer"],"picked":"RampagingMagicTools"},{"not_picked":["ExperimentalFamiliar","Replay:Drink Me"],"picked":"Painkiller Herb"}],"items_purged_floors":[22,37],"is_endless":false,"potions_floor_spawned":[1,2,7,13,28,33,35,39,47],"ascension_level":14}}