{"host":"oeeu8njhzvf3llor","time":1609796971,"event":{"mods":["BaseMod","Better Match","Better Note","Better Skull","Better Third Choice","Hubris","Minty Spire (QoL Compilation)","Rare Cards Sparkle","Replay The Spire","Shop Mod","Spicy Shops","StSLib","Swap Starting Deck Mod"],"gold_per_floor":[119,135,154,66,66,91,91,123,123,138,138,164,184,197,197,298,298,315,315,66,85,85,115,126,126,151,151,233,247,247,258,258,356,356,372,389,489,501,520,555,555,610,610,610,165,72,82,111,111,111,111,111,60,90,90,90],"floor_reached":55,"playtime":2036,"items_purged":["Strike_B","Strike_B","Strike_B+1"],"score":804,"play_id":"4f8c59a6-7f33-4c5e-82d1-4a5a966c852d","local_time":"20210104164931","is_ascension_mode":true,"campfire_choices":[{"data":"Swift Strike","floor":7,"key":"SMITH"},{"floor":15,"key":"REST"},{"data":"Scrape","floor":25,"key":"SMITH"},{"data":"All For One","floor":27,"key":"SMITH"},{"floor":30,"key":"RECALL"},{"floor":32,"key":"REST"},{"data":"Electrodynamics","floor":41,"key":"SMITH"},{"floor":49,"key":"REST"},{"data":"All For One","floor":52,"key":"SMITH"}],"circlet_count":0,"master_deck":["Defend_B","Defend_B","Defend_B","Defend_B","Zap","Dualcast","All For One+1","ReplayGash+1","Genetic Algorithm","Swift Strike+1","Conserve Battery","Gash","Tempest+1","Conserve Battery+1","Rip and Tear","Electrodynamics+1","CurseOfTheBell","Go for the Eyes","Scrape+1","Go for the Eyes+1","Gash+1","Beam Cell","Beam Cell+1","Beam Cell+1","Beam Cell+1","All For One+1","Swift Strike","Gash"],"relics":["Cracked Core","Pondfish Scales","Cables","Toxic Egg 2","Mango","Calling Bell","Torii","hubris:SoftwareUpdate","hubris:MedicalManual","Nunchaku","hubris:Spice","Oddly Smooth Stone","Bottled Tornado","hubris:Towel","PreservedInsect","hubris:CuriousFeather"],"acts_visited":["Exordium","TheCity","TheBeyond","TheEnding"],"potions_floor_usage":[10,13,16,16,40,50,55,55],"damage_taken":[{"damage":10,"enemies":"Small Slimes","floor":1,"turns":3},{"damage":1,"enemies":"Cultist","floor":2,"turns":3},{"damage":1,"enemies":"Jaw Worm","floor":3,"turns":3},{"damage":12,"enemies":"Replay:BlueRogue","floor":6,"turns":5},{"damage":29,"enemies":"3 Sentries","floor":8,"turns":6},{"damage":0,"enemies":"Blue Slaver","floor":10,"turns":2},{"damage":5,"enemies":"Replay:BlueRogue","floor":12,"turns":5},{"damage":2,"enemies":"Lots of Slimes","floor":13,"turns":3},{"damage":3,"enemies":"Exordium Wildlife","floor":14,"turns":2},{"damage":18,"enemies":"Slime Boss","floor":16,"turns":9},{"damage":7,"enemies":"Shell Parasite","floor":18,"turns":4},{"damage":1,"enemies":"Spheric Guardian","floor":21,"turns":3},{"damage":1,"enemies":"Replay:Snechameleon","floor":23,"turns":6},{"damage":0,"enemies":"3 Cultists","floor":24,"turns":4},{"damage":2,"enemies":"Cultist and Chosen","floor":29,"turns":3},{"damage":0,"enemies":"Snecko","floor":31,"turns":2},{"damage":61,"enemies":"Collector","floor":33,"turns":9},{"damage":8,"enemies":"3 Darklings","floor":35,"turns":3},{"damage":6,"enemies":"Orb Walker","floor":36,"turns":3},{"damage":0,"enemies":"Transient","floor":38,"turns":5},{"damage":21,"enemies":"Sphere and 2 Shapes","floor":39,"turns":4},{"damage":7,"enemies":"R_Hoarder","floor":40,"turns":8},{"damage":14,"enemies":"2 Orb Walkers","floor":42,"turns":3},{"damage":1,"enemies":"Maw","floor":47,"turns":5},{"damage":0,"enemies":"Giant Head","floor":48,"turns":5},{"damage":90,"enemies":"Time Eater","floor":50,"turns":9},{"damage":17,"enemies":"Shield and Spear","floor":54,"turns":3},{"damage":64,"enemies":"The Heart","floor":55,"turns":5}],"seed_played":"-4684472984004450553","potions_obtained":[{"floor":8,"key":"Block Potion"},{"floor":12,"key":"Energy Potion"},{"floor":13,"key":"Adrenaline Potion"},{"floor":14,"key":"BlessingOfTheForge"},{"floor":23,"key":"Fire Potion"},{"floor":29,"key":"LifebloodPotion"},{"floor":36,"key":"DistilledChaos"},{"floor":39,"key":"FairyPotion"},{"floor":42,"key":"Strength Potion"},{"floor":54,"key":"Fire Potion"}],"is_trial":false,"path_per_floor":["M","M","M","$","?","E","R","E","T","M","?","E","M","M","R","B",null,"M","T","$","M","?","E","M","R","T","R","T","M","R","M","R","B",null,"M","M","?","M","M","E","R","?","T","?","$","$","M","E","R","B",null,"R","$","E","B"],"character_chosen":"DEFECT","items_purchased":["Swift Strike","Scrape","All For One","PreservedInsect","Swift Strike","Gash"],"campfire_rested":3,"item_purchase_floors":[4,20,45,45,46,53],"current_hp_per_floor":[65,64,63,63,63,51,51,22,22,22,22,31,29,26,52,34,89,82,82,82,81,50,57,57,57,57,57,57,55,55,55,84,23,105,97,91,91,91,70,63,63,49,49,49,49,49,48,48,74,17,89,89,89,72,8,8],"gold":90,"neow_bonus":"ONE_RANDOM_RARE_CARD","is_daily":false,"chose_seed":false,"campfire_upgraded":5,"win_rate":0.0,"timestamp":1609796971,"path_taken":["M","M","M","$","?","E","R","E","T","M","?","E","M","M","R","BOSS","M","?","$","M","?","E","M","R","T","R","?","M","R","M","R","BOSS","M","M","?","M","?","E","R","?","T","?","?","$","M","E","R","BOSS","R","$","E","BOSS"],"items_purchased_type":["Card","Card","Card","Relic","Card","Card"],"build_version":"2020-12-22","purchased_purges":3,"victory":false,"max_hp_per_floor":[75,75,75,75,75,75,75,75,75,75,75,89,89,89,89,89,89,89,89,89,89,89,97,97,97,97,97,97,97,97,97,97,97,105,105,105,105,105,105,97,97,89,89,89,89,89,89,89,89,89,89,89,89,73,73,73],"card_choices":[{"not_picked":["Turbo","Stack","BasicCrystalCard"],"picked":"SKIP","floor":1},{"not_picked":["Redo","Panic Button"],"picked":"ReplayGash","floor":2},{"not_picked":["Coolheaded","Cold Snap"],"picked":"Genetic Algorithm","floor":3},{"not_picked":["Stack","Fission","Turbo"],"picked":"SKIP","floor":6},{"not_picked":["hubris:PowerSurge","Storm"],"picked":"Conserve Battery","floor":8},{"not_picked":["Leap+1","Rebound"],"picked":"Gash","floor":10},{"not_picked":["FIFO Queue","Amplify+1","Hologram+1"],"picked":"SKIP","floor":12},{"not_picked":["Ball Lightning","Barrage"],"picked":"Conserve Battery+1","floor":13},{"not_picked":["Rebound","Storm"],"picked":"Rip and Tear","floor":14},{"not_picked":["Machine Learning","Fission+1"],"picked":"Electrodynamics","floor":16},{"not_picked":["Compile Driver","Streamline"],"picked":"Go for the Eyes","floor":18},{"not_picked":["BasicCrystalCard+1","Redo+1"],"picked":"Go for the Eyes+1","floor":21},{"not_picked":["hubris:DoWhile+1","Streamline"],"picked":"Gash+1","floor":23},{"not_picked":["Barrage","Steam+1"],"picked":"Beam Cell","floor":24},{"not_picked":["Rebound","Hologram+1","Coolheaded+1"],"picked":"SKIP","floor":29},{"not_picked":["Skim+1","Compile Driver","Sweeping Beam"],"picked":"SKIP","floor":31},{"not_picked":["Panic Button+1","Rip and Tear","hubris:SpiceAddiction"],"picked":"SKIP","floor":35},{"not_picked":["Force Field+1","Panic Button+1","Coolheaded+1"],"picked":"SKIP","floor":36},{"not_picked":["Crystallizer+1","Amplify+1"],"picked":"Beam Cell+1","floor":38},{"not_picked":["Ball Lightning","Crystallizer"],"picked":"Beam Cell+1","floor":39},{"not_picked":["Steam Power+1","Loop+1","Tempest+1"],"picked":"SKIP","floor":40},{"not_picked":["Glacier+1","Self Repair"],"picked":"Beam Cell+1","floor":42},{"not_picked":["Sweeping Beam","Scrape+1","Recycle+1"],"picked":"SKIP","floor":47},{"not_picked":["Sweeping Beam","Turbo+1","Cold Snap+1"],"picked":"SKIP","floor":48},{"not_picked":["Leap+1","Streamline"],"picked":"hubris:SpiceAddiction","floor":54}],"player_experience":490457,"relics_obtained":[{"floor":6,"key":"Pondfish Scales"},{"floor":8,"key":"Cables"},{"floor":9,"key":"Toxic Egg 2"},{"floor":12,"key":"Mango"},{"floor":17,"key":"Torii"},{"floor":17,"key":"hubris:SoftwareUpdate"},{"floor":19,"key":"hubris:MedicalManual"},{"floor":23,"key":"hubris:Spice"},{"floor":26,"key":"Oddly Smooth Stone"},{"floor":28,"key":"Bottled Tornado"},{"floor":40,"key":"hubris:Spice"},{"floor":42,"key":"hubris:Spice"},{"floor":48,"key":"hubris:CuriousFeather"},{"floor":54,"key":"hubris:Spice"}],"event_choices":[{"damage_healed":0,"gold_gain":0,"player_choice":"Grow","damage_taken":0,"max_hp_gain":0,"max_hp_loss":0,"event_name":"Living Wall","floor":5,"gold_loss":0,"cards_upgraded":["ReplayGash"]},{"damage_healed":0,"gold_gain":0,"cards_transformed":["Strike_B"],"player_choice":"Transformed","damage_taken":0,"max_hp_gain":0,"max_hp_loss":0,"event_name":"Transmorgrifier","floor":11,"gold_loss":0,"cards_obtained":["Tempest"]},{"damage_healed":0,"gold_gain":0,"player_choice":"UP RE ","damage_taken":35,"relics_obtained":["Nunchaku"],"max_hp_gain":0,"max_hp_loss":0,"event_name":"betterSkull:BetterSkull","floor":22,"gold_loss":0,"cards_upgraded":["Strike_B"]},{"damage_healed":0,"gold_gain":100,"player_choice":"Pray","damage_taken":0,"max_hp_gain":0,"max_hp_loss":0,"event_name":"Golden Shrine","floor":37,"gold_loss":0},{"damage_healed":0,"gold_gain":0,"player_choice":"Fight","damage_taken":0,"max_hp_gain":0,"max_hp_loss":0,"event_name":"Mysterious Sphere","floor":42,"gold_loss":0}],"is_beta":false,"boss_relics":[{"not_picked":["Replay:Wanted Poster","Black Star"],"picked":"Calling Bell"},{"not_picked":["hubris:CrackedHourglass","Replay:Drink Me"],"picked":"hubris:Spice"}],"items_purged_floors":[20,20,45],"is_endless":false,"potions_floor_spawned":[8,12,13,14,23,29,36,39,42,48,54],"killed_by":"The Heart","ascension_level":1}}