{"host":"mydft8i2zzydgggw","time":1609786230,"event":{"mods":["AchievementEnabler","BaseMod","Colored Map","Colored Powertips","Keyboard Shortcuts","Minty Spire (QoL Compilation)","Quick Restart","StSLib","SuperFastMode","The Poker Player"],"gold_per_floor":[111,111,122,122,133,133,165,165,213,213,241,241,267,23,23,125,125,144,0,20,20,31,63,63,63,63],"floor_reached":25,"playtime":802,"items_purged":["Clumsy"],"score":273,"play_id":"a2f0ac00-92c2-46c9-9ca0-5bad6eeef740","local_time":"20210105035030","is_ascension_mode":true,"campfire_choices":[{"data":"Concentrate","floor":6,"key":"SMITH"},{"data":"Dash","floor":8,"key":"SMITH"},{"floor":12,"key":"REST"},{"floor":15,"key":"REST"},{"data":"Storm of Steel","floor":24,"key":"SMITH"}],"circlet_count":0,"master_deck":["Survivor","Neutralize","Blur","Dash+1","Concentrate+1","Dagger Throw","Backflip","Grand Finale+1","Slice+1","Heel Hook+1","Heel Hook+1","Accuracy+1","Dagger Spray+1","Dagger Throw+1","Calculated Gamble","Storm of Steel+1","Accuracy+1","Leg Sweep","All Out Attack+1","Infinite Blades+1"],"relics":["Ring of the Snake","Unceasing Top","Omamori","NlothsMask","Snake Skull","Frozen Egg 2","Molten Egg 2","Pandora\u0027s Box","Matryoshka"],"acts_visited":["Exordium","TheCity"],"potions_floor_usage":[7,16,16,25],"damage_taken":[{"damage":0,"enemies":"2 Louse","floor":1,"turns":4},{"damage":3,"enemies":"Jaw Worm","floor":3,"turns":6},{"damage":0,"enemies":"Small Slimes","floor":5,"turns":4},{"damage":32,"enemies":"3 Sentries","floor":7,"turns":15},{"damage":17,"enemies":"Gremlin Nob","floor":11,"turns":5},{"damage":5,"enemies":"3 Sentries","floor":13,"turns":11},{"damage":27,"enemies":"Hexaghost","floor":16,"turns":16},{"damage":19,"enemies":"Shell Parasite","floor":18,"turns":4},{"damage":0,"enemies":"2 Thieves","floor":20,"turns":3},{"damage":5,"enemies":"Snecko","floor":22,"turns":3},{"damage":27,"enemies":"Slavers","floor":23,"turns":3},{"damage":25,"enemies":"Book of Stabbing","floor":25,"turns":3}],"seed_played":"-4254858658470927987","potions_obtained":[{"floor":5,"key":"EssenceOfSteel"},{"floor":11,"key":"LiquidMemories"},{"floor":13,"key":"GamblersBrew"},{"floor":18,"key":"BlessingOfTheForge"},{"floor":20,"key":"ColorlessPotion"}],"is_trial":false,"path_per_floor":["M","?","M","?","M","R","E","R","T","?","E","R","E","$","R","B",null,"M","$","M","?","M","E","R","E"],"character_chosen":"THE_SILENT","items_purchased":["Molten Egg 2","Accuracy+1"],"campfire_rested":2,"item_purchase_floors":[14,19],"current_hp_per_floor":[70,75,72,57,57,57,25,25,25,25,8,30,25,25,47,20,75,56,56,56,56,51,24,24,0,0],"gold":63,"neow_bonus":"ONE_RARE_RELIC","is_daily":false,"chose_seed":false,"campfire_upgraded":3,"win_rate":0.0,"timestamp":1609786230,"path_taken":["M","?","M","?","M","R","E","R","T","?","E","R","E","$","R","BOSS","M","?","?","?","M","E","R","E"],"items_purchased_type":["Relic","Card"],"build_version":"2020-12-22","purchased_purges":1,"victory":false,"max_hp_per_floor":[70,75,75,75,75,75,75,75,75,75,75,75,75,75,75,75,75,75,75,75,75,75,75,75,75,75],"card_choices":[{"not_picked":["Dagger Spray","Dodge and Roll"],"picked":"Blur","floor":1},{"not_picked":["Choke","Poisoned Stab"],"picked":"Dash","floor":3},{"not_picked":["Noxious Fumes","Distraction"],"picked":"Concentrate","floor":5},{"not_picked":["PiercingWail","Doppelganger"],"picked":"Dagger Throw","floor":7},{"not_picked":["Leg Sweep","Deflect","Tactician"],"picked":"SKIP","floor":11},{"not_picked":["Flechettes","Leg Sweep"],"picked":"Backflip","floor":13},{"not_picked":["After Image+1","Burst"],"picked":"Grand Finale+1","floor":16},{"not_picked":["Choke+1","Acrobatics","Caltrops+1"],"picked":"SKIP","floor":18},{"not_picked":["Dagger Spray+1","Backstab+1","Expertise"],"picked":"SKIP","floor":20},{"not_picked":["Reflex","Dagger Throw+1","Deflect"],"picked":"SKIP","floor":22},{"not_picked":["Setup","Underhanded Strike+1"],"picked":"Infinite Blades+1","floor":23}],"player_experience":100592,"relics_obtained":[{"floor":7,"key":"Omamori"},{"floor":11,"key":"Snake Skull"},{"floor":13,"key":"Frozen Egg 2"},{"floor":23,"key":"Matryoshka"}],"event_choices":[{"damage_healed":0,"gold_gain":0,"player_choice":"Donut","damage_taken":0,"max_hp_gain":5,"max_hp_loss":0,"event_name":"Big Fish","floor":2,"gold_loss":0},{"damage_healed":0,"gold_gain":0,"player_choice":"Entered Light","damage_taken":15,"max_hp_gain":0,"max_hp_loss":0,"event_name":"Shining Light","floor":4,"gold_loss":0,"cards_upgraded":["Strike_G","Defend_G"]},{"damage_healed":0,"gold_gain":0,"player_choice":"Trade","damage_taken":0,"relics_obtained":["NlothsMask"],"max_hp_gain":0,"max_hp_loss":0,"event_name":"FaceTrader","floor":10,"gold_loss":0},{"damage_healed":0,"gold_gain":0,"cards_transformed":["Bouncing Flask","Skewer"],"player_choice":"Became Test Subject","damage_taken":0,"max_hp_gain":0,"max_hp_loss":0,"event_name":"Drug Dealer","floor":21,"gold_loss":0,"cards_obtained":["Leg Sweep","All Out Attack"]}],"is_beta":false,"boss_relics":[{"not_picked":["Busted Crown","Black Star"],"picked":"Pandora\u0027s Box"}],"items_purged_floors":[19],"is_endless":false,"potions_floor_spawned":[5,11,13,18,20],"killed_by":"Book of Stabbing","ascension_level":3}}