{"host":"6azrrw3tf7wb0f4b","time":1609778735,"event":{"mods":["BaseMod","DeckTracker","Minty Spire (QoL Compilation)","SuperFastMode"],"gold_per_floor":[113,288,288,288,17,52,76,92,143,43,64,104,117,148,148,269,269,289,289,388,313,11,11,55,79,79,132,71,101,117,150,150,279,279,303,333,333,27,60,93,93,129,129,129,0,0,29,101,101,101],"floor_reached":51,"playtime":1222,"items_purged":["Doubt","Strike_B"],"score":1219,"play_id":"242cae3e-0bda-47f1-a479-35993176b72c","local_time":"20210105014535","is_ascension_mode":true,"campfire_choices":[{"floor":15,"key":"REST"},{"data":"Loop","floor":23,"key":"SMITH"},{"floor":32,"key":"REST"},{"floor":41,"key":"REST"},{"floor":44,"key":"REST"},{"floor":49,"key":"REST"}],"circlet_count":0,"master_deck":["AscendersBane","Strike_B+1","Defend_B","Defend_B","Defend_B","Dualcast+1","Ball Lightning","Go for the Eyes","Undo","Doom and Gloom","Glacier","Redo","Loop+1","BootSequence","Multi-Cast","Capacitor+1","Creative AI+1","Storm+1","Conserve Battery","Redo+1","Turbo","Chill","Defragment","Coolheaded","Static Discharge","Force Field","Thunder Strike","Consume+1","Force Field","Steam+1","Static Discharge+1"],"relics":["Cracked Core","NeowsBlessing","Golden Idol","Bronze Scales","Strawberry","Bag of Preparation","Meat on the Bone","Centennial Puzzle","Astrolabe","Ice Cream","Art of War","Bottled Flame","CeramicFish","Fusion Hammer","TungstenRod","Nunchaku","Incense Burner","Sundial","Red Mask","Bird Faced Urn"],"acts_visited":["Exordium","TheCity","TheBeyond"],"potions_floor_usage":[14,24,27,30,33,47,50],"damage_taken":[{"damage":0,"enemies":"Small Slimes","floor":1,"turns":1},{"damage":0,"enemies":"3 Sentries","floor":6,"turns":1},{"damage":0,"enemies":"2 Louse","floor":7,"turns":1},{"damage":2,"enemies":"Jaw Worm","floor":8,"turns":3},{"damage":2,"enemies":"Exordium Wildlife","floor":11,"turns":4},{"damage":22,"enemies":"Lagavulin","floor":12,"turns":6},{"damage":6,"enemies":"3 Louse","floor":13,"turns":2},{"damage":33,"enemies":"3 Sentries","floor":14,"turns":5},{"damage":19,"enemies":"Slime Boss","floor":16,"turns":6},{"damage":0,"enemies":"Chosen","floor":18,"turns":4},{"damage":24,"enemies":"Book of Stabbing","floor":24,"turns":6},{"damage":19,"enemies":"2 Thieves","floor":25,"turns":4},{"damage":24,"enemies":"Gremlin Leader","floor":27,"turns":5},{"damage":13,"enemies":"Shelled Parasite and Fungi","floor":29,"turns":5},{"damage":9,"enemies":"Centurion and Healer","floor":30,"turns":8},{"damage":14,"enemies":"Snecko","floor":31,"turns":5},{"damage":32,"enemies":"Champ","floor":33,"turns":8},{"damage":11,"enemies":"Orb Walker","floor":35,"turns":4},{"damage":14,"enemies":"3 Shapes","floor":36,"turns":3},{"damage":9,"enemies":"Writhing Mass","floor":39,"turns":5},{"damage":32,"enemies":"Nemesis","floor":40,"turns":5},{"damage":39,"enemies":"Reptomancer","floor":42,"turns":6},{"damage":6,"enemies":"Jaw Worm Horde","floor":47,"turns":4},{"damage":0,"enemies":"Mind Bloom Boss Battle","floor":48,"turns":4},{"damage":49,"enemies":"Awakened One","floor":50,"turns":10}],"seed_played":"-8525257789476167464","potions_obtained":[{"floor":7,"key":"LiquidBronze"},{"floor":8,"key":"Swift Potion"},{"floor":16,"key":"Strength Potion"},{"floor":25,"key":"SteroidPotion"},{"floor":29,"key":"ColorlessPotion"},{"floor":33,"key":"BlessingOfTheForge"},{"floor":36,"key":"GamblersBrew"},{"floor":42,"key":"Energy Potion"}],"is_trial":false,"path_per_floor":["M","?","?","?","$","E","M","M","T","$","M","E","M","E","R","B",null,"M","?","?","?","$","R","E","M","T","E","$","M","M","M","R","B",null,"M","M","?","$","M","E","R","E","T","R","?","?","M","?","R","B",null],"character_chosen":"DEFECT","items_purchased":["Go for the Eyes","Bronze Scales","Ice Cream","Defragment","Coolheaded","TungstenRod"],"campfire_rested":5,"item_purchase_floors":[5,5,22,28,28,38],"current_hp_per_floor":[68,68,68,54,54,61,61,59,59,59,57,35,41,20,42,35,66,66,66,66,66,66,66,42,35,35,23,23,22,25,23,45,25,63,52,50,50,50,41,21,43,16,16,38,38,38,44,44,65,48],"gold":101,"neow_bonus":"THREE_ENEMY_KILL","is_daily":false,"chose_seed":false,"campfire_upgraded":1,"win_rate":0.0,"timestamp":1609778735,"path_taken":["M","?","?","?","?","E","M","M","T","$","M","E","M","E","R","BOSS","M","?","?","?","$","R","E","M","T","E","?","M","?","M","R","BOSS","M","M","?","$","?","E","R","E","T","R","?","?","M","?","R","BOSS"],"items_purchased_type":["Card","Relic","Relic","Card","Card","Relic"],"build_version":"2020-12-22","purchased_purges":2,"victory":true,"max_hp_per_floor":[75,75,69,69,69,76,76,76,76,76,76,76,76,76,76,76,76,76,76,76,76,76,76,76,76,76,76,76,76,76,76,76,76,76,76,76,76,76,76,76,76,76,76,76,76,72,72,72,72,72],"card_choices":[{"not_picked":["Compile Driver","Stack"],"picked":"Ball Lightning","floor":1},{"not_picked":["Ball Lightning","Coolheaded"],"picked":"Undo","floor":6},{"not_picked":["Lockon","Auto Shields"],"picked":"Skim","floor":7},{"not_picked":["Skim","Reinforced Body"],"picked":"Doom and Gloom","floor":8},{"not_picked":["Redo","Gash"],"picked":"Glacier","floor":11},{"not_picked":["Barrage","Genetic Algorithm"],"picked":"Redo","floor":12},{"not_picked":["Turbo","Seek"],"picked":"Loop","floor":13},{"not_picked":["Leap","Melter"],"picked":"BootSequence","floor":14},{"not_picked":["Meteor Strike","Seek"],"picked":"Multi-Cast","floor":16},{"not_picked":["Steam","Stack"],"picked":"Conserve Battery","floor":18},{"not_picked":["BootSequence","Loop"],"picked":"Redo+1","floor":24},{"not_picked":["Chill","Fusion"],"picked":"Turbo","floor":25},{"not_picked":["Amplify","Leap"],"picked":"Chill","floor":27},{"not_picked":["Sweeping Beam","Beam Cell"],"picked":"Static Discharge","floor":29},{"not_picked":["Hologram","Rebound+1","Glacier"],"picked":"SKIP","floor":30},{"not_picked":["Ball Lightning","Chaos"],"picked":"Force Field","floor":31},{"not_picked":["Fission","Amplify"],"picked":"Thunder Strike","floor":33},{"not_picked":["Compile Driver+1","Coolheaded","Fusion"],"picked":"SKIP","floor":35},{"not_picked":["Hologram+1","Cold Snap"],"picked":"Consume+1","floor":36},{"not_picked":["Barrage+1","Multi-Cast"],"picked":"Force Field","floor":39},{"not_picked":["Hologram","Barrage","Redo+1"],"picked":"SKIP","floor":40},{"not_picked":["Gash","Storm+1","Multi-Cast"],"picked":"SKIP","floor":42},{"not_picked":["Double Energy","Conserve Battery+1"],"picked":"Steam+1","floor":47},{"not_picked":["Fusion","Scrape+1"],"picked":"Static Discharge+1","floor":48}],"player_experience":669426,"relics_obtained":[{"floor":6,"key":"Strawberry"},{"floor":9,"key":"Bag of Preparation"},{"floor":12,"key":"Meat on the Bone"},{"floor":14,"key":"Centennial Puzzle"},{"floor":24,"key":"Art of War"},{"floor":26,"key":"Bottled Flame"},{"floor":27,"key":"CeramicFish"},{"floor":40,"key":"Nunchaku"},{"floor":42,"key":"Incense Burner"},{"floor":43,"key":"Sundial"},{"floor":48,"key":"Bird Faced Urn"}],"event_choices":[{"damage_healed":0,"gold_gain":175,"player_choice":"AGREE","damage_taken":0,"max_hp_gain":0,"max_hp_loss":0,"event_name":"Liars Game","floor":2,"gold_loss":0,"cards_obtained":["Doubt"]},{"damage_healed":0,"gold_gain":0,"player_choice":"Lose Max HP","damage_taken":0,"relics_obtained":["Golden Idol"],"max_hp_gain":0,"max_hp_loss":6,"event_name":"Golden Idol","floor":3,"gold_loss":0},{"damage_healed":0,"gold_gain":0,"player_choice":"Entered Light","damage_taken":14,"max_hp_gain":0,"max_hp_loss":0,"event_name":"Shining Light","floor":4,"gold_loss":0,"cards_upgraded":["Dualcast","Strike_B"]},{"cards_removed":["Zap"],"damage_healed":0,"gold_gain":0,"player_choice":"Elegance","damage_taken":0,"max_hp_gain":0,"max_hp_loss":0,"event_name":"Back to Basics","floor":19,"gold_loss":0},{"damage_healed":0,"gold_gain":99,"player_choice":"Stole From Cult","damage_taken":0,"max_hp_gain":0,"max_hp_loss":0,"event_name":"Nest","floor":20,"gold_loss":0},{"cards_removed":["Skim"],"damage_healed":0,"gold_gain":0,"player_choice":"Gave Gold","damage_taken":0,"max_hp_gain":0,"max_hp_loss":0,"event_name":"Beggar","floor":21,"gold_loss":75},{"damage_healed":0,"gold_gain":0,"player_choice":"0 cards matched","damage_taken":0,"max_hp_gain":0,"max_hp_loss":0,"event_name":"Match and Keep!","floor":37,"gold_loss":0,"cards_obtained":[]},{"damage_healed":0,"gold_gain":0,"player_choice":"Paid","damage_taken":0,"relics_obtained":["Red Mask"],"max_hp_gain":0,"max_hp_loss":0,"event_name":"Tomb of Lord Red Mask","floor":45,"gold_loss":129},{"damage_healed":0,"gold_gain":0,"player_choice":"Max HP","damage_taken":0,"max_hp_gain":0,"max_hp_loss":4,"event_name":"Winding Halls","floor":46,"gold_loss":0},{"damage_healed":0,"gold_gain":0,"player_choice":"Fight","damage_taken":0,"max_hp_gain":0,"max_hp_loss":0,"event_name":"MindBloom","floor":48,"gold_loss":0}],"is_beta":false,"boss_relics":[{"not_picked":["Nuclear Battery","Empty Cage"],"picked":"Astrolabe"},{"not_picked":["Inserter","Philosopher\u0027s Stone"],"picked":"Fusion Hammer"}],"items_purged_floors":[5,10],"is_endless":false,"potions_floor_spawned":[7,8,13,16,18,25,29,33,36,40,42],"ascension_level":11}}