{"host":"foq4mrde4mssg7vt","time":1609775825,"event":{"mods":["AchievementEnabler","BaseMod","Colored Map","Colored Powertips","Highlight Path","Minty Spire (QoL Compilation)","Relic Stats","everything is the same but u backflip on backflip"],"gold_per_floor":[129,159,151,182,204,250,262,300,312,337,380,392,418,447,459,548,560,583,58,78,78,78,78,92,92,139,157,157,157,191,50,50,121,121,133,133,58,68,79,108,121,154,178,211,211,221,221,252,252,252,252,252,24,55,55],"floor_reached":56,"playtime":3282,"items_purged":["Decay"],"score":2097,"play_id":"bfdb7aa9-50f1-4605-bcc2-d545c4458786","local_time":"20210104235705","is_ascension_mode":true,"campfire_choices":[{"data":"Bash","floor":7.0,"key":"SMITH"},{"floor":12.0,"key":"REST"},{"data":"Combust","floor":15.0,"key":"SMITH"},{"data":"Juggernaut","floor":23,"key":"SMITH"},{"data":"Offering","floor":25,"key":"SMITH"},{"data":"True Grit","floor":32,"key":"SMITH"},{"floor":49,"key":"RECALL"},{"data":"Feel No Pain","floor":52,"key":"SMITH"}],"circlet_count":0,"master_deck":["AscendersBane","Strike_R+1","Strike_R+1","Strike_R+1","Strike_R+1","Strike_R+1","Defend_R+1","Defend_R+1","Defend_R+1","Defend_R+1","Bash+1","Cleave","Wild Strike","Combust+1","Metallicize","Impervious","Rampage","Shrug It Off","Juggernaut+1","Offering+1","Feel No Pain+1","Second Wind","Battle Trance","True Grit+1","Shrug It Off","Fiend Fire","Fiend Fire","Feel No Pain","Flame Barrier","Uppercut+1","Entrench","Demon Form","Disarm","Heavy Blade+1","True Grit+1","Spot Weakness+1","True Grit+1","Barricade"],"relics":["Burning Blood","MawBank","InkBottle","War Paint","Bronze Scales","HornCleat","Philosopher\u0027s Stone","Gremlin Horn","Nilry\u0027s Codex","Happy Flower","Prayer Wheel","Snecko Eye","Meat on the Bone","The Courier","Paper Frog","Toxic Egg 2","Dead Branch","StrikeDummy"],"acts_visited":["Exordium","TheCity","TheBeyond","TheEnding"],"potions_floor_usage":[33,55,55],"damage_taken":[{"damage":5.0,"enemies":"Small Slimes","floor":1.0,"turns":3.0},{"damage":1.0,"enemies":"Cultist","floor":2.0,"turns":3.0},{"damage":4.0,"enemies":"2 Louse","floor":4.0,"turns":2.0},{"damage":12.0,"enemies":"Looter","floor":5.0,"turns":3.0},{"damage":41.0,"enemies":"Lagavulin","floor":6.0,"turns":8.0},{"damage":32.0,"enemies":"Gremlin Nob","floor":8.0,"turns":4.0},{"damage":4.0,"enemies":"Exordium Thugs","floor":10.0,"turns":3.0},{"damage":11.0,"enemies":"3 Sentries","floor":11.0,"turns":6.0},{"damage":8.0,"enemies":"Red Slaver","floor":13.0,"turns":4.0},{"damage":7.0,"enemies":"Blue Slaver","floor":14.0,"turns":3.0},{"damage":45,"enemies":"Slime Boss","floor":16,"turns":9},{"damage":5,"enemies":"Shell Parasite","floor":18,"turns":5},{"damage":6,"enemies":"Chosen","floor":20,"turns":5},{"damage":11,"enemies":"3 Cultists","floor":24,"turns":4},{"damage":8,"enemies":"Centurion and Healer","floor":27,"turns":3},{"damage":10,"enemies":"Gremlin Leader","floor":30,"turns":6},{"damage":58,"enemies":"Collector","floor":33,"turns":6},{"damage":6,"enemies":"Orb Walker","floor":35,"turns":2},{"damage":0,"enemies":"3 Shapes","floor":38,"turns":3},{"damage":6,"enemies":"Jaw Worm Horde","floor":39,"turns":3},{"damage":32,"enemies":"Reptomancer","floor":40,"turns":4},{"damage":7,"enemies":"Transient","floor":41,"turns":5},{"damage":24,"enemies":"Nemesis","floor":42,"turns":5},{"damage":12,"enemies":"Giant Head","floor":44,"turns":8},{"damage":27,"enemies":"Writhing Mass","floor":46,"turns":8},{"damage":7,"enemies":"Nemesis","floor":48,"turns":5},{"damage":16,"enemies":"Time Eater","floor":50,"turns":12},{"damage":6,"enemies":"Shield and Spear","floor":54,"turns":5},{"damage":38,"enemies":"The Heart","floor":55,"turns":8}],"seed_played":"-7933687588976291534","potions_obtained":[{"floor":2.0,"key":"FairyPotion"},{"floor":3.0,"key":"SpeedPotion"},{"floor":11.0,"key":"Swift Potion"},{"floor":14.0,"key":"Strength Potion"},{"floor":20,"key":"FairyPotion"},{"floor":39,"key":"DuplicationPotion"},{"floor":42,"key":"Dexterity Potion"},{"floor":48,"key":"Ancient Potion"}],"is_trial":false,"path_per_floor":["M","M","?","M","M","E","R","E","T","M","E","R","M","M","R","B",null,"M","$","M","?","?","R","M","R","T","M","?","?","E","$","R","B",null,"M","?","$","M","M","E","M","E","T","E","?","M","?","E","R","B",null,"R","$","E","B",null],"character_chosen":"IRONCLAD","items_purchased":["Gremlin Horn","Offering","Feel No Pain","Second Wind","Fiend Fire","Dead Branch"],"campfire_rested":1,"item_purchase_floors":[19,19,19,19,31,53],"current_hp_per_floor":[69,74,74,75,69,34,34,8,8,10,27,49,47,46,46,7,58,59,59,59,43,43,43,38,38,38,36,61,61,57,57,57,28,63,63,63,63,69,69,43,54,48,48,54,54,45,45,44,44,46,65,65,65,65,45],"gold":55,"neow_bonus":"RANDOM_COMMON_RELIC","is_daily":false,"chose_seed":false,"campfire_upgraded":6,"win_rate":0.0,"timestamp":1609775825,"path_taken":["M","M","?","M","?","E","R","E","T","M","E","R","M","M","R","BOSS","M","$","M","?","?","R","M","R","T","M","?","?","E","$","R","BOSS","M","?","?","M","?","E","M","E","T","E","?","M","?","E","R","BOSS","R","$","E","BOSS"],"items_purchased_type":["Relic","Card","Card","Card","Card","Relic"],"build_version":"2020-12-22","purchased_purges":1,"victory":true,"max_hp_per_floor":[75,75,75,75,75,75,75,75,75,75,75,75,75,75,75,75,75,75,75,75,75,75,75,75,75,75,75,75,75,75,75,75,75,75,75,75,75,75,75,75,75,75,75,75,71,71,71,71,71,71,71,71,71,71,71],"relic_stats":{"Gremlin Horn":[19,20],"Happy Flower":[27],"counters":[29,145],"Dead Branch":[72],"War Paint":["Defend_R","Defend_R"],"MawBank":228,"Burning Blood":173,"Bronze Scales":[392],"Snecko Eye":[151,151,133,146],"Prayer Wheel":5,"obtain_stats":[{"Gremlin Horn":19,"Happy Flower":26,"Nilry\u0027s Codex":21,"Dead Branch":53,"The Courier":42,"War Paint":8,"MawBank":0,"Burning Blood":0,"HornCleat":11,"Bronze Scales":9,"Snecko Eye":34,"Philosopher\u0027s Stone":17,"Prayer Wheel":30,"Toxic Egg 2":48,"StrikeDummy":54,"InkBottle":6,"Meat on the Bone":40,"Paper Frog":44},{"Gremlin Horn":12,"Happy Flower":14,"Nilry\u0027s Codex":13,"Dead Branch":27,"The Courier":23,"War Paint":6,"MawBank":0,"Burning Blood":0,"HornCleat":8,"Bronze Scales":6,"Snecko Eye":17,"Philosopher\u0027s Stone":11,"Prayer Wheel":16,"Toxic Egg 2":26,"StrikeDummy":28,"InkBottle":5,"Meat on the Bone":21,"Paper Frog":24},{"Gremlin Horn":53,"Happy Flower":62,"Nilry\u0027s Codex":58,"Dead Branch":132,"The Courier":99,"War Paint":23,"MawBank":0,"Burning Blood":0,"HornCleat":32,"Bronze Scales":23,"Snecko Eye":77,"Philosopher\u0027s Stone":48,"Prayer Wheel":71,"Toxic Egg 2":120,"StrikeDummy":137,"InkBottle":19,"Meat on the Bone":89,"Paper Frog":107}],"InkBottle":[43],"Meat on the Bone":72},"card_choices":[{"not_picked":["Perfected Strike","Wild Strike"],"picked":"Cleave","floor":1.0},{"not_picked":["Flex","Heavy Blade"],"picked":"Wild Strike","floor":2.0},{"not_picked":["Second Wind","Anger"],"picked":"Combust","floor":4.0},{"not_picked":["Heavy Blade","Clothesline"],"picked":"Metallicize","floor":5.0},{"not_picked":["Seeing Red","Flex","Dropkick"],"picked":"SKIP","floor":6.0},{"not_picked":["Cleave","Entrench"],"picked":"Impervious","floor":8.0},{"not_picked":["Thunderclap","Metallicize"],"picked":"Rampage","floor":10.0},{"not_picked":["Heavy Blade","Flex","Twin Strike"],"picked":"SKIP","floor":11.0},{"not_picked":["Warcry","Cleave"],"picked":"Shrug It Off","floor":13.0},{"not_picked":["Twin Strike","Cleave","Rampage"],"picked":"SKIP","floor":14.0},{"not_picked":["Berserk","Bludgeon"],"picked":"Juggernaut","floor":16},{"not_picked":["Anger","Body Slam","Wild Strike"],"picked":"SKIP","floor":18},{"not_picked":["Sever Soul","Carnage"],"picked":"Battle Trance","floor":20},{"not_picked":["Whirlwind","Thunderclap","Searing Blow"],"picked":"SKIP","floor":24},{"not_picked":["Dual Wield","Wild Strike"],"picked":"True Grit","floor":27},{"not_picked":["Anger","Armaments"],"picked":"Shrug It Off","floor":30},{"not_picked":["Bludgeon","Berserk"],"picked":"Fiend Fire","floor":33},{"not_picked":["Clothesline","Armaments+1","Havoc+1"],"picked":"SKIP","floor":35},{"not_picked":["Pummel","Infernal Blade+1","Fire Breathing"],"picked":"SKIP","floor":35},{"not_picked":["Disarm","Armaments"],"picked":"Flame Barrier","floor":38},{"not_picked":["Pommel Strike","Sword Boomerang"],"picked":"Uppercut+1","floor":38},{"not_picked":["Shrug It Off","Iron Wave"],"picked":"Entrench","floor":39},{"not_picked":["Body Slam","Twin Strike"],"picked":"Demon Form","floor":39},{"not_picked":["Rage","Pommel Strike"],"picked":"Disarm","floor":40},{"not_picked":["Sword Boomerang","Perfected Strike+1"],"picked":"Heavy Blade+1","floor":41},{"not_picked":["Blood for Blood","Anger","Cleave+1"],"picked":"SKIP","floor":41},{"not_picked":["Havoc","Bloodletting+1","Uppercut+1"],"picked":"SKIP","floor":42},{"not_picked":["Immolate","Perfected Strike+1","Armaments"],"picked":"SKIP","floor":44},{"not_picked":["Anger","Clash"],"picked":"True Grit+1","floor":46},{"not_picked":["Ghostly Armor+1","Spot Weakness+1","Dropkick"],"picked":"SKIP","floor":46},{"not_picked":["Ghostly Armor+1","Dropkick"],"picked":"Spot Weakness+1","floor":46},{"not_picked":["Rupture","Wild Strike"],"picked":"True Grit+1","floor":48},{"not_picked":["Evolve+1","Rage+1"],"picked":"Barricade","floor":54}],"player_experience":394930,"relics_obtained":[{"floor":6.0,"key":"InkBottle"},{"floor":8.0,"key":"War Paint"},{"floor":9.0,"key":"Bronze Scales"},{"floor":11.0,"key":"HornCleat"},{"floor":21,"key":"Nilry\u0027s Codex"},{"floor":26,"key":"Happy Flower"},{"floor":30,"key":"Prayer Wheel"},{"floor":40,"key":"Meat on the Bone"},{"floor":42,"key":"The Courier"},{"floor":44,"key":"Paper Frog"},{"floor":48,"key":"Toxic Egg 2"},{"floor":54,"key":"StrikeDummy"}],"event_choices":[{"damage_healed":0.0,"max_hp_gain":0.0,"max_hp_loss":0.0,"gold_gain":0.0,"event_name":"The Woman in Blue","player_choice":"Bought 1 Potion","floor":3.0,"gold_loss":0.0,"damage_taken":0.0},{"damage_healed":0,"gold_gain":0,"player_choice":"Obtained Book","damage_taken":16,"max_hp_gain":0,"max_hp_loss":0,"event_name":"Cursed Tome","floor":21,"gold_loss":0},{"damage_healed":0,"gold_gain":0,"player_choice":"Simplicity","damage_taken":0,"max_hp_gain":0,"max_hp_loss":0,"event_name":"Back to Basics","floor":22,"gold_loss":0,"cards_upgraded":["Strike_R","Strike_R","Strike_R","Strike_R","Strike_R","Defend_R","Defend_R"]},{"damage_healed":25,"gold_gain":0,"player_choice":"Heal","damage_taken":0,"max_hp_gain":0,"max_hp_loss":0,"event_name":"The Library","floor":28,"gold_loss":0},{"damage_healed":0,"gold_gain":0,"player_choice":"Smashed Altar","damage_taken":0,"max_hp_gain":0,"max_hp_loss":0,"event_name":"Forgotten Altar","floor":29,"gold_loss":0,"cards_obtained":["Decay"]},{"damage_healed":0,"gold_gain":0,"player_choice":"Copied","damage_taken":0,"max_hp_gain":0,"max_hp_loss":0,"event_name":"Duplicator","floor":36,"gold_loss":0,"cards_obtained":["Feel No Pain"]},{"damage_healed":0,"gold_gain":0,"player_choice":"Max HP","damage_taken":0,"max_hp_gain":0,"max_hp_loss":4,"event_name":"Winding Halls","floor":45,"gold_loss":0},{"damage_healed":0,"gold_gain":0,"player_choice":"Memory 1","damage_taken":0,"max_hp_gain":0,"max_hp_loss":0,"event_name":"SensoryStone","floor":47,"gold_loss":0}],"is_beta":false,"boss_relics":[{"not_picked":["Astrolabe","Mark of Pain"],"picked":"Philosopher\u0027s Stone"},{"not_picked":["Coffee Dripper","Calling Bell"],"picked":"Snecko Eye"}],"items_purged_floors":[37],"is_endless":false,"potions_floor_spawned":[2,10,11,13,14,16,18,20,39,42,44,48],"ascension_level":14}}