{"host":"fjzphzq3x7orwz98","time":1609770139,"event":{"mods":["Act Like it!","BaseMod","Friendly Minions","Gensokyo","GifTheSpireLib","Hero for Fun","Jorbs\u0027s Wanderer Trilogy","Kiyohime????","Minty Spire (QoL Compilation)","Remilia??????","StSLib","The Cursed","The Gatherer","The Necromancer","The Poker Player","The Saiyan","The Wild Card","TheHero"],"gold_per_floor":[112,130,60,8,8,34,34,47,73,73,73,91,171,7,7,112,112,130,130,130,147,102,102,130,141,141,158,158,177,177,177,177,275,275,293,306,97,112,126,126,0,28,54,104,104,104,118,138,138,138],"floor_reached":51,"playtime":3584,"items_purged":["Clumsy"],"score":870,"play_id":"1b3e6c5a-7b1f-48be-b0fe-4366be5bf82a","local_time":"20210104172219","daily_mods":["Draft","Vintage","Uncertain Future"],"is_ascension_mode":false,"campfire_choices":[{"data":"DiffusionOfMisfortune","floor":7,"key":"SMITH"},{"data":"Stigmanizer","floor":10,"key":"SMITH"},{"floor":15,"key":"REST"},{"floor":23,"key":"REST"},{"floor":30,"key":"DIG"},{"data":"Stigmanizer","floor":32,"key":"SMITH"},{"floor":40,"key":"DIG"},{"floor":45,"key":"REST"},{"data":"MastersStateliness","floor":49,"key":"SMITH"}],"circlet_count":0,"master_deck":["DiffusionOfMisfortune+1","VampirishNight","EndlessAdversity+1","ScarletDevilSign","ScarletDream","BombardNight","UnderTheZenith","RedNightlessCastle","Ultimatum","UnstableMagic+1","MastersStateliness+1","UnstableMagic","CharismaGuard","ScarletDevil","Stigmanizer+1","KillingBlow","DiffusionOfMisfortune+1","Stigmanizer+1","Septette+1","NightDance","MiserableFate"],"relics":["ScarletHat","Potion Belt","Tiny Chest","Gensokyo:NagashiBinaDoll","RedBat","Ginger","Oddly Smooth Stone","Art of War","AntiCross","Velvet Choker","StrikeDummy","Ancient Tea Set","Strawberry","Torii","Nunchaku","Shovel","Smiling Mask","Singing Bowl","Boot","Question Card","Sozu","HornCleat","Orichalcum","Regal Pillow","Bottled Lightning","PreservedInsect","Lantern","Red Mask","Bag of Preparation","Omamori","Dead Branch","War Paint","Thread and Needle"],"acts_visited":["Exordium","Gensokyo:Gensokyo","TheBeyond"],"potions_floor_usage":[33,33,33,33],"damage_taken":[{"damage":0,"enemies":"Gensokyo:2_Kodama","floor":1,"turns":2},{"damage":0,"enemies":"Gensokyo:3_Fairies","floor":2,"turns":3},{"damage":0,"enemies":"Gensokyo:Mamizou","floor":6,"turns":7},{"damage":0,"enemies":"Gensokyo:Python","floor":8,"turns":2},{"damage":0,"enemies":"Gensokyo:3_Kodama","floor":12,"turns":3},{"damage":7,"enemies":"Gensokyo:Kokoro","floor":16,"turns":7},{"damage":8,"enemies":"Gensokyo:AngelMirror","floor":18,"turns":1},{"damage":16,"enemies":"Gensokyo:3_Dogs","floor":21,"turns":3},{"damage":0,"enemies":"Gensokyo:Reisen","floor":24,"turns":3},{"damage":2,"enemies":"Gensokyo:Wraith","floor":25,"turns":3},{"damage":0,"enemies":"Gensokyo:Swordslinger","floor":27,"turns":1},{"damage":0,"enemies":"Gensokyo:Monolith_and_Dog","floor":29,"turns":3},{"damage":134,"enemies":"Gensokyo:Eternal_Rivals","floor":33,"turns":6},{"damage":70,"enemies":"3 Shapes","floor":35,"turns":2},{"damage":1,"enemies":"Orb Walker","floor":36,"turns":3},{"damage":34,"enemies":"4 Shapes","floor":38,"turns":2},{"damage":27,"enemies":"Maw","floor":39,"turns":3},{"damage":21,"enemies":"Nemesis","floor":42,"turns":3},{"damage":18,"enemies":"Mind Bloom Boss Battle","floor":44,"turns":3},{"damage":15,"enemies":"Sphere and 2 Shapes","floor":47,"turns":1},{"damage":0,"enemies":"Transient","floor":48,"turns":5},{"damage":0,"enemies":"Awakened One","floor":50,"turns":8}],"seed_played":"-1790052888589920656","potions_obtained":[{"floor":8,"key":"Weak Potion"},{"floor":12,"key":"BlessingOfTheForge"},{"floor":16,"key":"DistilledChaos"},{"floor":21,"key":"Swift Potion"},{"floor":25,"key":"SkillPotion"},{"floor":33,"key":"FearPotion"}],"is_trial":true,"path_per_floor":["M","M","?","COS","?","E","R","M","T","R","?","M","T","$","R","B",null,"M","?","?","M","$","R","E","M","T","M","?","M","R","T","R","B",null,"M","M","$","M","M","R","?","E","T","?","R","?","M","M","R","B",null],"character_chosen":"REMILIA","items_purchased":["Mind Blast","Stigmanizer","Regal Pillow","NightDance"],"campfire_rested":3,"item_purchase_floors":[14,22,37,37],"current_hp_per_floor":[75,75,75,75,75,75,75,75,75,75,68,70,70,70,75,74,75,67,67,67,65,65,75,82,80,80,80,76,76,76,76,76,3,78,23,77,77,51,78,78,78,60,60,62,80,80,65,80,80,80],"gold":138,"neow_bonus":"","is_daily":false,"chose_seed":false,"campfire_upgraded":4,"win_rate":0.0,"timestamp":1609770139,"path_taken":["M","M","?","COS","?","E","R","M","T","R","?","M","?","$","R","BOSS","M","?","?","M","$","R","E","M","T","M","?","M","R","?","R","BOSS","M","M","$","M","M","R","?","E","T","?","R","?","M","M","R","BOSS"],"items_purchased_type":["Card","Card","Relic","Card"],"build_version":"2020-12-22","purchased_purges":1,"victory":true,"max_hp_per_floor":[75,75,75,75,75,75,75,75,75,75,75,75,75,75,75,75,75,75,75,75,75,75,75,82,82,82,82,76,76,76,76,76,78,78,78,78,78,78,78,78,78,80,80,80,80,80,80,80,80,80],"card_choices":[{"not_picked":["NightDance","ScarletDevil"],"picked":"DiffusionOfMisfortune","floor":0},{"not_picked":["RedRainbow","EmergencyRegeneration"],"picked":"VampirishNight","floor":0},{"not_picked":["BlasphemousPunishment","ScarletNetherworld"],"picked":"EndlessAdversity","floor":0},{"not_picked":["ScarletDevil","DevilSight"],"picked":"ScarletDevilSign","floor":0},{"not_picked":["BlasphemousPunishment","FavorOfDestiny"],"picked":"ScarletDream","floor":0},{"not_picked":["ScarletImprint","BloodAndWine"],"picked":"BombardNight","floor":0},{"not_picked":["ReincarnationDial","SuperhumanBloodyKnife"],"picked":"UnderTheZenith","floor":0},{"not_picked":["FavorOfDestiny","RedMagic"],"picked":"RedNightlessCastle","floor":0},{"not_picked":["BlasphemousPunishment","ScarletNetherworld"],"picked":"EmergencyRegeneration","floor":0},{"not_picked":["EndlessAdversity","RedMagic"],"picked":"Ultimatum","floor":0},{"not_picked":["NightLord","NightDance"],"picked":"UnstableMagic","floor":0},{"not_picked":["BloodyMagicSquare","BombardNight"],"picked":"MastersStateliness","floor":0},{"not_picked":["UnderTheZenith","BloodAndWine"],"picked":"UnstableMagic","floor":0},{"not_picked":["ScarletDevil","StarOfDavid"],"picked":"CharismaGuard","floor":0},{"not_picked":["UltimateOffering","VampireClaw"],"picked":"ScarletDevil","floor":0},{"not_picked":["NightDance","MastersStateliness"],"picked":"Stigmanizer","floor":6},{"not_picked":["ChaoticDestiny","TricksterDevil"],"picked":"KillingBlow","floor":16},{"not_picked":["ReincarnationDial","SuperhumanBloodyKnife"],"picked":"Septette","floor":24},{"not_picked":["CurseOfVladTepes","ChaoticDestiny","DemonKingCradle","TransientEternity"],"picked":"Singing Bowl","floor":33},{"not_picked":["BloodyMagicSquare","ReincarnationDial","VampireKiss+1","EndlessAdversity+1"],"picked":"Singing Bowl","floor":42},{"not_picked":["BloodHunter","FavorOfDestiny","DevilSight"],"picked":"MiserableFate","floor":44}],"player_experience":92913,"relics_obtained":[{"floor":1,"key":"Potion Belt"},{"floor":2,"key":"Tiny Chest"},{"floor":6,"key":"RedBat"},{"floor":8,"key":"Ginger"},{"floor":9,"key":"Oddly Smooth Stone"},{"floor":12,"key":"Art of War"},{"floor":13,"key":"AntiCross"},{"floor":18,"key":"StrikeDummy"},{"floor":21,"key":"Ancient Tea Set"},{"floor":24,"key":"Strawberry"},{"floor":25,"key":"Torii"},{"floor":26,"key":"Nunchaku"},{"floor":27,"key":"Shovel"},{"floor":29,"key":"Singing Bowl"},{"floor":30,"key":"Boot"},{"floor":31,"key":"Question Card"},{"floor":35,"key":"HornCleat"},{"floor":36,"key":"Orichalcum"},{"floor":38,"key":"Bottled Lightning"},{"floor":39,"key":"PreservedInsect"},{"floor":40,"key":"Lantern"},{"floor":42,"key":"Bag of Preparation"},{"floor":43,"key":"Omamori"},{"floor":44,"key":"Dead Branch"},{"floor":47,"key":"War Paint"},{"floor":48,"key":"Thread and Needle"}],"event_choices":[{"damage_healed":0,"gold_gain":0,"player_choice":"Paid","damage_taken":0,"relics_obtained":["Red Mask"],"max_hp_gain":0,"max_hp_loss":0,"event_name":"Tomb of Lord Red Mask","floor":41,"gold_loss":126},{"damage_healed":0,"gold_gain":0,"player_choice":"Fight","damage_taken":0,"max_hp_gain":0,"max_hp_loss":0,"event_name":"MindBloom","floor":44,"gold_loss":0},{"cards_removed":["EmergencyRegeneration"],"damage_healed":0,"gold_gain":0,"player_choice":"Removed Skill","damage_taken":0,"max_hp_gain":0,"max_hp_loss":0,"event_name":"Falling","floor":46,"gold_loss":0}],"is_beta":false,"boss_relics":[{"not_picked":["Calling Bell","Runic Dome"],"picked":"Velvet Choker"},{"not_picked":["Runic Pyramid","Snecko Eye"],"picked":"Sozu"}],"items_purged_floors":[14],"is_endless":false,"potions_floor_spawned":[8,12,16,21,25,27,29,33,38,42,47,48],"ascension_level":0}}