{"host":"50per11302020","time":1609733055,"event":{"mods":["AchievementEnabler","BaseMod","Colored Map","Minty Spire (QoL Compilation)","Relic Stats","StSLib"],"gold_per_floor":[12,26,26,36,49,49,84,84,166,181,15,15,15,33,33,136,136,147,15,15,15,33,33,63,63,63,82,100,100,133,151,151,246,246,265,35,0,18,18,18,68,68,68,79,114,114,149,149,149,149],"floor_reached":51,"playtime":4560,"items_purged":[],"score":966,"play_id":"c9490a32-665e-4e86-a75b-d755a6623955","local_time":"20210103200415","is_ascension_mode":true,"campfire_choices":[{"data":"Crippling Poison","floor":6,"key":"SMITH"},{"data":"Envenom","floor":8,"key":"SMITH"},{"floor":12,"key":"REST"},{"data":"Catalyst","floor":15,"key":"SMITH"},{"data":"Noxious Fumes","floor":23,"key":"SMITH"},{"data":"Blade Dance","floor":25,"key":"SMITH"},{"data":"Glass Knife","floor":29,"key":"SMITH"},{"data":"Neutralize","floor":32,"key":"SMITH"},{"data":"Sadistic Nature","floor":40,"key":"SMITH"},{"data":"Calculated Gamble","floor":42,"key":"SMITH"},{"data":"Caltrops","floor":46,"key":"SMITH"},{"data":"Burst","floor":49,"key":"SMITH"}],"circlet_count":0,"master_deck":["Strike_G+1","Strike_G+1","Strike_G+1","Defend_G+1","Defend_G+1","Defend_G+1","Defend_G+1","Defend_G+1","Survivor","Neutralize","Crippling Poison+1","Quick Slash","Flying Knee","Catalyst+1","Malaise","Neutralize+1","Poisoned Stab","Envenom+1","Flying Knee","Blade Dance+1","Adrenaline","Noxious Fumes+1","Noxious Fumes+1","Dodge and Roll","Glass Knife+1","Blur","Burst","Caltrops+1","Dramatic Entrance","Sadistic Nature+1","Calculated Gamble+1","Burst+1","Footwork+1"],"relics":["Ring of the Snake","Bird Faced Urn","InkBottle","Oddly Smooth Stone","Cursed Key","Ancient Tea Set","Gambling Chip","WristBlade","Frozen Eye","Red Mask","StoneCalendar","Lizard Tail","Bag of Preparation"],"acts_visited":["Exordium","TheCity","TheBeyond"],"potions_floor_usage":[5,14,24,50,50,50],"damage_taken":[{"damage":0,"enemies":"2 Louse","floor":1,"turns":2},{"damage":0,"enemies":"Cultist","floor":2,"turns":4},{"damage":5,"enemies":"Jaw Worm","floor":4,"turns":5},{"damage":2,"enemies":"Exordium Thugs","floor":5,"turns":5},{"damage":19,"enemies":"3 Sentries","floor":7,"turns":10},{"damage":12,"enemies":"Large Slime","floor":10,"turns":7},{"damage":5,"enemies":"Lots of Slimes","floor":14,"turns":3},{"damage":10,"enemies":"The Guardian","floor":16,"turns":8},{"damage":0,"enemies":"3 Byrds","floor":18,"turns":4},{"damage":0,"enemies":"Shell Parasite","floor":22,"turns":5},{"damage":20,"enemies":"Slavers","floor":24,"turns":5},{"damage":1,"enemies":"Centurion and Healer","floor":27,"turns":4},{"damage":0,"enemies":"3 Cultists","floor":28,"turns":4},{"damage":5,"enemies":"Gremlin Leader","floor":30,"turns":5},{"damage":0,"enemies":"Snake Plant","floor":31,"turns":4},{"damage":29,"enemies":"Collector","floor":33,"turns":6},{"damage":8,"enemies":"3 Darklings","floor":35,"turns":5},{"damage":0,"enemies":"Orb Walker","floor":38,"turns":3},{"damage":0,"enemies":"Mind Bloom Boss Battle","floor":41,"turns":4},{"damage":0,"enemies":"Sphere and 2 Shapes","floor":44,"turns":5},{"damage":12,"enemies":"Giant Head","floor":45,"turns":7},{"damage":0,"enemies":"Reptomancer","floor":47,"turns":2},{"damage":12,"enemies":"Time Eater","floor":50,"turns":7}],"seed_played":"-9220525435188686708","potions_obtained":[{"floor":2,"key":"DistilledChaos"},{"floor":7,"key":"EssenceOfSteel"},{"floor":13,"key":"Weak Potion"},{"floor":13,"key":"LiquidBronze"},{"floor":14,"key":"FearPotion"},{"floor":18,"key":"SkillPotion"},{"floor":22,"key":"LiquidBronze"},{"floor":24,"key":"SneckoOil"},{"floor":30,"key":"DuplicationPotion"},{"floor":38,"key":"Block Potion"},{"floor":44,"key":"DistilledChaos"},{"floor":47,"key":"PowerPotion"}],"is_trial":false,"path_per_floor":["M","M","?","M","M","R","E","R","T","M","$","R","?","M","R","B",null,"M","$","?","?","M","R","E","R","T","M","M","R","E","M","R","B",null,"M","$","?","M","?","R","?","R","T","M","E","R","E","?","R","B",null],"character_chosen":"THE_SILENT","items_purchased":["Oddly Smooth Stone","Flying Knee","Noxious Fumes","Dodge and Roll","Caltrops","Frozen Eye"],"campfire_rested":1,"item_purchase_floors":[11,11,19,19,36,36],"current_hp_per_floor":[63,63,63,58,56,56,37,37,37,27,27,48,48,43,43,35,61,63,63,63,63,69,69,53,53,53,58,64,64,65,70,70,43,63,59,59,59,65,55,55,65,65,65,70,58,58,64,64,64,60],"gold":149,"neow_bonus":"TRANSFORM_TWO_CARDS","is_daily":false,"chose_seed":false,"campfire_upgraded":11,"win_rate":0.0,"timestamp":1609733055,"path_taken":["M","M","?","M","M","R","E","R","T","?","$","R","?","M","R","BOSS","M","$","?","?","M","R","E","R","T","M","M","R","E","?","R","BOSS","M","$","?","M","?","R","?","R","T","M","E","R","E","?","R","BOSS"],"items_purchased_type":["Relic","Card","Card","Card","Card","Relic"],"build_version":"2020-12-18","purchased_purges":0,"victory":true,"max_hp_per_floor":[70,70,70,70,70,70,70,70,70,70,70,70,70,70,70,70,70,70,70,70,70,70,70,70,70,70,70,70,70,70,70,70,70,70,70,70,70,70,70,70,70,70,70,70,70,70,70,66,66,66],"relic_stats":{"Lizard Tail":0,"counters":[23,114],"Bird Faced Urn":[80],"Gambling Chip":[37],"StoneCalendar":[83],"Bag of Preparation":[2],"Cursed Key":0,"obtain_stats":[{"Oddly Smooth Stone":11,"StoneCalendar":41,"Bag of Preparation":47,"Cursed Key":17,"Ancient Tea Set":24,"Frozen Eye":36,"Lizard Tail":45,"WristBlade":34,"Bird Faced Urn":7,"Gambling Chip":30,"Red Mask":37,"InkBottle":9,"Ring of the Snake":0},{"Oddly Smooth Stone":6,"StoneCalendar":19,"Bag of Preparation":22,"Cursed Key":8,"Ancient Tea Set":11,"Frozen Eye":17,"Lizard Tail":21,"WristBlade":16,"Bird Faced Urn":5,"Gambling Chip":14,"Red Mask":17,"InkBottle":5,"Ring of the Snake":0},{"Oddly Smooth Stone":33,"StoneCalendar":93,"Bag of Preparation":107,"Cursed Key":44,"Ancient Tea Set":58,"Frozen Eye":86,"Lizard Tail":105,"WristBlade":81,"Bird Faced Urn":26,"Gambling Chip":71,"Red Mask":86,"InkBottle":26,"Ring of the Snake":0}],"InkBottle":[44],"Ring of the Snake":[46]},"card_choices":[{"not_picked":["Dagger Throw","Deflect"],"picked":"Flying Knee","floor":1},{"not_picked":["Poisoned Stab","Dagger Throw"],"picked":"Catalyst","floor":2},{"not_picked":["PiercingWail","Eviscerate"],"picked":"Poisoned Stab","floor":4},{"not_picked":["Prepared","Reflex","Eviscerate"],"picked":"SKIP","floor":5},{"not_picked":["Slice","Backflip"],"picked":"Envenom","floor":7},{"not_picked":["Poisoned Stab","Quick Slash","Dagger Spray"],"picked":"SKIP","floor":10},{"not_picked":["Dagger Throw","Quick Slash"],"picked":"Blade Dance","floor":14},{"not_picked":["Venomology","Glass Knife"],"picked":"Adrenaline","floor":16},{"not_picked":["Backflip","Distraction"],"picked":"Noxious Fumes","floor":18},{"not_picked":["Deflect+1","Slice","Flechettes"],"picked":"SKIP","floor":22},{"not_picked":["Cloak And Dagger","Dagger Spray","Bane"],"picked":"SKIP","floor":24},{"not_picked":["Sucker Punch","Slice","Tactician"],"picked":"SKIP","floor":27},{"not_picked":["Slice+1","Outmaneuver"],"picked":"Glass Knife","floor":28},{"not_picked":["Choke+1","Concentrate","Cloak And Dagger"],"picked":"SKIP","floor":30},{"not_picked":["Predator","Heel Hook"],"picked":"Blur","floor":31},{"not_picked":["Adrenaline","Malaise"],"picked":"Burst","floor":33},{"not_picked":["Endless Agony+1","Flying Knee","Dagger Throw"],"picked":"SKIP","floor":35},{"not_picked":["Dash+1","Concentrate","Reflex"],"picked":"SKIP","floor":38},{"not_picked":["Purity","Impatience"],"picked":"Dramatic Entrance","floor":39},{"not_picked":["Blind","Swift Strike"],"picked":"Sadistic Nature","floor":39},{"not_picked":["Heel Hook+1","Sucker Punch+1"],"picked":"Calculated Gamble","floor":41},{"not_picked":["Backstab","Cloak And Dagger","Concentrate"],"picked":"SKIP","floor":44},{"not_picked":["Bane","Predator"],"picked":"Burst","floor":45},{"not_picked":["Dagger Throw","Noxious Fumes+1"],"picked":"Footwork+1","floor":47}],"player_experience":69065,"relics_obtained":[{"floor":7,"key":"Bird Faced Urn"},{"floor":9,"key":"InkBottle"},{"floor":24,"key":"Ancient Tea Set"},{"floor":30,"key":"Gambling Chip"},{"floor":41,"key":"StoneCalendar"},{"floor":45,"key":"Lizard Tail"},{"floor":47,"key":"Bag of Preparation"}],"event_choices":[{"damage_healed":0,"gold_gain":0,"player_choice":"2 cards matched","damage_taken":0,"max_hp_gain":0,"max_hp_loss":0,"event_name":"Match and Keep!","floor":3,"gold_loss":0,"cards_obtained":["Malaise","Neutralize"]},{"damage_healed":0,"gold_gain":0,"player_choice":"Got Potions","damage_taken":0,"max_hp_gain":0,"max_hp_loss":0,"event_name":"Lab","floor":13,"gold_loss":0},{"damage_healed":0,"gold_gain":0,"player_choice":"Simplicity","damage_taken":0,"max_hp_gain":0,"max_hp_loss":0,"event_name":"Back to Basics","floor":20,"gold_loss":0,"cards_upgraded":["Strike_G","Strike_G","Strike_G","Defend_G","Defend_G","Defend_G","Defend_G","Defend_G"]},{"damage_healed":0,"gold_gain":0,"player_choice":"Forge","damage_taken":0,"max_hp_gain":0,"max_hp_loss":0,"event_name":"Accursed Blacksmith","floor":21,"gold_loss":0,"cards_upgraded":["Noxious Fumes"]},{"damage_healed":0,"gold_gain":0,"player_choice":"Paid","damage_taken":0,"relics_obtained":["Red Mask"],"max_hp_gain":0,"max_hp_loss":0,"event_name":"Tomb of Lord Red Mask","floor":37,"gold_loss":35},{"damage_healed":0,"gold_gain":0,"player_choice":"Memory 3","damage_taken":10,"max_hp_gain":0,"max_hp_loss":0,"event_name":"SensoryStone","floor":39,"gold_loss":0},{"damage_healed":0,"gold_gain":0,"player_choice":"Fight","damage_taken":0,"max_hp_gain":0,"max_hp_loss":0,"event_name":"MindBloom","floor":41,"gold_loss":0},{"damage_healed":0,"gold_gain":0,"player_choice":"Max HP","damage_taken":0,"max_hp_gain":0,"max_hp_loss":4,"event_name":"Winding Halls","floor":48,"gold_loss":0}],"is_beta":true,"boss_relics":[{"not_picked":["Runic Dome","SacredBark"],"picked":"Cursed Key"},{"not_picked":["Pandora\u0027s Box","Coffee Dripper"],"picked":"WristBlade"}],"items_purged_floors":[],"is_endless":false,"potions_floor_spawned":[2,7,14,18,22,24,30,38,44,45,47],"ascension_level":6}}