{"host":"ly8vj2opk1y3o1w7","time":1609777469,"event":{"mods":["Act Like it!","BaseMod","Conspire","Friendly Minions","GifTheSpireLib","Hubris","MarisaÅiñ∂âJÅ@ñÇóùçπÅj","Minty Spire (QoL Compilation)","Permanent Neow","Remove Card Discount Mod","Replay The Spire","StSLib","The Animator","Waifu the Spire"],"gold_per_floor":[116,29,49,60,79,79,79,100,126,51,51,64,105,125,125,246,246,270,67,83,83,142,142,142,207,207,264,264,363,402,430,430,584,584,635,666,505,565,622,644,644],"floor_reached":40,"playtime":2420,"items_purged":["Strike_G","Strike_G","Defend_G","Strike_G","Defend_G","Strike_G","Defend_G","Defend_G","Defend_G","Strike_G"],"score":507,"play_id":"bf4b361a-cda7-4af0-9b69-c97280a565fc","local_time":"20210105002429","is_ascension_mode":false,"campfire_choices":[{"data":"Dagger Spray","floor":6,"key":"SMITH"},{"data":"Prepared","floor":15,"key":"SMITH"},{"data":"Tactician","floor":23,"key":"SMITH"},{"data":"Prepared","floor":28,"key":"SMITH"},{"data":"Burst","floor":32,"key":"SMITH"}],"circlet_count":0,"master_deck":["Survivor","Neutralize","Dodge and Roll","Dagger Spray+1","Underhanded Strike","Cloak And Dagger","Footwork","Deflect","Underhanded Strike","Dagger Throw","Blur","Prepared+1","Prepared+1","Burst+1","Tactician+1","Backflip","Hidden Blade+1","Backstab","Underhanded Strike","Accuracy","Slice","Slice","Burst","Choke+1","Endless Agony","Expertise","Reflex+1","Cloak And Dagger+1"],"relics":["Ring of the Snake","Golden Idol","Happy Flower","TungstenRod","hubris:Backtick","Kunai","Replay:Bandana","Eternal Feather","Replay:Ringing Soul","Ancient Tea Set","Ring of Chaos"],"acts_visited":["Exordium","TheCity","TheBeyond"],"potions_floor_usage":[13,20,25,36,38],"damage_taken":[{"damage":2,"enemies":"2 Louse","floor":1,"turns":4},{"damage":0,"enemies":"Jaw Worm","floor":3,"turns":2},{"damage":0,"enemies":"conspire:RoseBush","floor":4,"turns":3},{"damage":0,"enemies":"conspire:2 RoseBushes","floor":5,"turns":6},{"damage":0,"enemies":"Looter","floor":8,"turns":3},{"damage":0,"enemies":"Blue Slaver","floor":12,"turns":2},{"damage":11,"enemies":"Gremlin Nob","floor":13,"turns":3},{"damage":0,"enemies":"Lots of Slimes","floor":14,"turns":2},{"damage":5,"enemies":"Hexaghost","floor":16,"turns":11},{"damage":8,"enemies":"Chosen","floor":18,"turns":6},{"damage":10,"enemies":"2 Thieves","floor":20,"turns":4},{"damage":0,"enemies":"3 Cultists","floor":22,"turns":5},{"damage":14,"enemies":"Slavers","floor":25,"turns":5},{"damage":0,"enemies":"conspire:SneckoGhost","floor":27,"turns":9},{"damage":0,"enemies":"Centurion and Healer","floor":30,"turns":7},{"damage":0,"enemies":"conspire:HollyBat","floor":31,"turns":7},{"damage":42,"enemies":"hubris:MusketHawk","floor":33,"turns":11},{"damage":18,"enemies":"3 Shapes","floor":35,"turns":4},{"damage":15,"enemies":"Orb Walker","floor":36,"turns":4},{"damage":0,"enemies":"Writhing Mass","floor":38,"turns":4},{"damage":0,"enemies":"Maw","floor":39,"turns":9},{"damage":40,"enemies":"R_Hoarder","floor":40,"turns":8}],"seed_played":"-1637733506177803000","potions_obtained":[{"floor":8,"key":"ColorlessPotion"},{"floor":12,"key":"ColorlessPotion"},{"floor":13,"key":"PowerPotion"},{"floor":14,"key":"Energy Potion"},{"floor":16,"key":"DuplicationPotion"},{"floor":22,"key":"Energy Potion"},{"floor":25,"key":"SteroidPotion"},{"floor":30,"key":"GamblersBrew"},{"floor":35,"key":"SkillPotion"}],"is_trial":false,"path_per_floor":["M","$","M","M","M","R","?","M","T","$","?","M","E","M","R","B",null,"M","$","M","?","M","R","?","E","T","E","R","?","M","M","R","B",null,"M","M","$","M","M","E"],"character_chosen":"THE_SILENT","items_purchased":["Underhanded Strike","Cloak And Dagger","Blur","Replay:Bandana","Backflip","Endless Agony","Expertise","Adrenaline Potion"],"campfire_rested":0,"item_purchase_floors":[2,2,10,19,19,37,37,37],"current_hp_per_floor":[68,68,68,68,68,68,51,51,51,51,44,44,33,33,33,28,70,62,62,52,52,52,61,61,50,50,53,65,65,68,71,82,43,85,67,55,58,61,64,24,24],"gold":644,"neow_bonus":"THREE_CARDS","is_daily":false,"chose_seed":false,"campfire_upgraded":5,"win_rate":0.0,"timestamp":1609777469,"path_taken":["M","$","M","M","M","R","?","M","T","$","?","M","E","?","R","BOSS","M","$","M","?","M","R","?","E","T","E","R","?","M","M","R","BOSS","M","M","$","M","M","E"],"items_purchased_type":["Card","Card","Card","Relic","Card","Card","Card","Potion"],"build_version":"2020-12-22","purchased_purges":10,"victory":false,"max_hp_per_floor":[70,70,70,70,70,70,70,70,70,70,70,70,70,70,70,70,70,70,70,70,70,70,70,70,73,73,76,76,76,79,82,82,85,85,85,88,91,94,97,97,97],"card_choices":[{"not_picked":["Acrobatics","Fluid Movement"],"picked":"Dodge and Roll","floor":0},{"not_picked":["Flying Knee","Sucker Punch"],"picked":"Dagger Spray","floor":1},{"not_picked":["Poisoned Stab","PiercingWail"],"picked":"Footwork","floor":3},{"not_picked":["Reflex","Distraction"],"picked":"Deflect","floor":4},{"not_picked":["Quick Slash","Acrobatics"],"picked":"Underhanded Strike","floor":5},{"not_picked":["Sucker Punch","ReplayTheSpireMod:Tripwire"],"picked":"Dagger Throw","floor":8},{"not_picked":["Blur","PiercingWail"],"picked":"Prepared","floor":12},{"not_picked":["Dagger Spray","Draining Mist","Poison Darts"],"picked":"SKIP","floor":13},{"not_picked":["Noxious Fumes","Quick Slash"],"picked":"Prepared","floor":14},{"not_picked":["Glass Knife","Wraith Form v2"],"picked":"Burst","floor":16},{"not_picked":["Fluid Movement+1","Underhanded Strike"],"picked":"Tactician","floor":18},{"not_picked":["Deadly Poison","Slice"],"picked":"Hidden Blade+1","floor":20},{"not_picked":["Poisoned Stab","Deflect+1"],"picked":"Backstab","floor":22},{"not_picked":["Skewer","Finisher"],"picked":"Underhanded Strike","floor":25},{"not_picked":["Bullet Time","Replay:Poison Smokescreen"],"picked":"Accuracy","floor":27},{"not_picked":["Dagger Spray","hubris:SlightOfHand+1"],"picked":"Slice","floor":30},{"not_picked":["ReplayTheSpireMod:Tripwire","Concentrate"],"picked":"Slice","floor":31},{"not_picked":["Malaise","Storm of Steel"],"picked":"Burst","floor":33},{"not_picked":["Endless Agony","Dagger Spray","Bane"],"picked":"SKIP","floor":35},{"not_picked":["Distraction+1","Toxin Wave"],"picked":"Choke+1","floor":36},{"not_picked":["Deadly Poison","Sneak Up+1"],"picked":"Reflex+1","floor":38},{"not_picked":["Dagger Throw","Deadly Poison+1"],"picked":"Cloak And Dagger+1","floor":39}],"player_experience":518295,"relics_obtained":[{"floor":9,"key":"Happy Flower"},{"floor":13,"key":"TungstenRod"},{"floor":25,"key":"Replay:Ringing Soul"},{"floor":27,"key":"Ancient Tea Set"}],"event_choices":[{"damage_healed":0,"gold_gain":0,"player_choice":"Take Damage","damage_taken":17,"relics_obtained":["Golden Idol"],"max_hp_gain":0,"max_hp_loss":0,"event_name":"Golden Idol","floor":7,"gold_loss":0},{"damage_healed":0,"gold_gain":0,"player_choice":"Damaged","damage_taken":7,"max_hp_gain":0,"max_hp_loss":0,"event_name":"Wheel of Change","floor":11,"gold_loss":0},{"damage_healed":0,"gold_gain":0,"player_choice":"Opened","damage_taken":0,"relics_obtained":["Eternal Feather"],"max_hp_gain":0,"max_hp_loss":0,"event_name":"The Mausoleum","floor":21,"gold_loss":0},{"damage_healed":0,"gold_gain":0,"player_choice":"Ignored","damage_taken":0,"max_hp_gain":0,"max_hp_loss":0,"event_name":"Beggar","floor":24,"gold_loss":0},{"damage_healed":0,"gold_gain":99,"player_choice":"Stole From Cult","damage_taken":0,"max_hp_gain":0,"max_hp_loss":0,"event_name":"Nest","floor":29,"gold_loss":0}],"is_beta":false,"boss_relics":[{"not_picked":["Runic Pyramid","Astrolabe"],"picked":"hubris:Backtick"},{"not_picked":["hubris:Stopwatch","hubris:ScarierMask"],"picked":"Ring of Chaos"}],"items_purged_floors":[2,2,2,2,2,2,2,2,10,37],"is_endless":false,"potions_floor_spawned":[8,12,13,14,16,22,25,30,35],"killed_by":"R_Hoarder","ascension_level":0}}